  <div class='ocr_page' id='page_1' title='image "/cluster/home/n/w/nwhite01/storage/ocr_20150623/46/nnc1.0046978380/375.png"; bbox 0 0 4132 6356; ppageno 0'>
   <div class='ocr_carea' id='block_1_1' title="bbox 524 333 696 415">
    <p class='ocr_par' dir='ltr' id='par_1_1' title="bbox 524 333 696 415">
     <span class='ocr_line' id='line_1_1' title="bbox 524 333 696 415; baseline -0.006 -24"><span class='ocrx_word' id='word_1_1' title='bbox 524 333 696 415; x_wconf 58' lang='grc' dir='ltr'><strong>πε</strong></span> 
     </span>
    </p>
   </div>
   <div class='ocr_carea' id='block_1_2' title="bbox 1767 340 2518 400">
    <p class='ocr_par' dir='ltr' id='par_1_2' title="bbox 1767 340 2518 400">
     <span class='ocr_line' id='line_1_2' title="bbox 1767 340 2518 400; baseline 0.004 -3"><span class='ocrx_word' id='word_1_2' title='bbox 1767 341 1826 399; x_wconf 88' lang='lat' dir='ltr'><strong>S.</strong></span> <span class='ocrx_word' id='word_1_3' title='bbox 1860 340 2191 399; x_wconf 79' lang='lat' dir='ltr'><strong>GREGORII</strong></span> <span class='ocrx_word' id='word_1_4' title='bbox 2224 342 2270 398; x_wconf 84' lang='grc' dir='ltr'><strong>Ν</strong></span> <span class='ocrx_word' id='word_1_5' title='bbox 2279 343 2518 400; x_wconf 73' lang='lat' dir='ltr'><strong>YSSENI</strong></span> 
     </span>
    </p>
   </div>
   <div class='ocr_carea' id='block_1_3' title="bbox 3688 354 3798 411">
    <p class='ocr_par' dir='ltr' id='par_1_3' title="bbox 3688 354 3798 411">
     <span class='ocr_line' id='line_1_3' title="bbox 3688 354 3798 411; baseline 0.009 -1"><span class='ocrx_word' id='word_1_6' title='bbox 3688 354 3798 411; x_wconf 77' lang='lat'><strong>736</strong></span> 
     </span>
    </p>
   </div>
   <div class='ocr_carea' id='block_1_4' title="bbox 529 440 2088 530">
    <p class='ocr_par' dir='ltr' id='par_1_4' title="bbox 529 440 2088 525">
     <span class='ocr_line' id='line_1_4' title="bbox 529 440 2088 525; baseline 0.012 -33"><span class='ocrx_word' id='word_1_7' title='bbox 529 440 802 524; x_wconf 10' lang='lat' dir='ltr'><strong>luntatem,</strong></span> <span class='ocrx_word' id='word_1_8' title='bbox 843 443 1086 514; x_wconf 81' lang='lat' dir='ltr'><strong>explere,</strong></span> <span class='ocrx_word' id='word_1_9' title='bbox 1140 460 1204 501; x_wconf 90' lang='lat' dir='ltr'><strong>ea</strong></span> <span class='ocrx_word' id='word_1_10' title='bbox 1257 448 1451 505; x_wconf 78' lang='lat' dir='ltr'><strong>saltem</strong></span> <span class='ocrx_word' id='word_1_11' title='bbox 1503 450 1714 508; x_wconf 95' lang='lat' dir='ltr'><strong>ratione</strong></span> <span class='ocrx_word' id='word_1_12' title='bbox 1764 467 2088 525; x_wconf 73' lang='lat' dir='ltr'><strong>magnopere</strong></span> 
     </span>
    </p>
   </div>
   <div class='ocr_carea' id='block_1_5' title="bbox 2194 440 3798 530">
    <p class='ocr_par' dir='ltr' id='par_1_5' title="bbox 2201 454 3798 530">
     <span class='ocr_line' id='line_1_5' title="bbox 2201 454 3798 530; baseline 0.005 -21"><span class='ocrx_word' id='word_1_13' title='bbox 2201 454 2310 527; x_wconf 78' lang='grc' dir='ltr'>τὴν·</span> <span class='ocrx_word' id='word_1_14' title='bbox 2328 455 2605 512; x_wconf 80' lang='grc' dir='ltr'>ἀκίνδυνον</span> <span class='ocrx_word' id='word_1_15' title='bbox 2635 455 2846 530; x_wconf 77' lang='grc' dir='ltr'>σιωπὴν</span> <span class='ocrx_word' id='word_1_16' title='bbox 2880 457 3299 529; x_wconf 80' lang='grc' dir='ltr'><strong>καταφεύγομεν</strong></span> <span class='ocrx_word' id='word_1_17' title='bbox 3321 496 3340 524; x_wconf 92' lang='grc'><strong>,</strong></span> <span class='ocrx_word' id='word_1_18' title='bbox 3389 461 3571 516; x_wconf 73' lang='grc' dir='ltr'>ἐκεῖνο</span> <span class='ocrx_word' id='word_1_19' title='bbox 3615 463 3798 528; x_wconf 75' lang='grc' dir='ltr'>καλῶς</span> 
     </span>
    </p>
   </div>
   <div class='ocr_carea' id='block_1_6' title="bbox 524 522 2104 615">
    <p class='ocr_par' dir='ltr' id='par_1_6' title="bbox 524 522 2104 615">
     <span class='ocr_line' id='line_1_6' title="bbox 524 522 2104 615; baseline 0.013 -33"><span class='ocrx_word' id='word_1_20' title='bbox 524 522 873 612; x_wconf 85' lang='lat' dir='ltr'><strong>cuperemus,</strong></span> <span class='ocrx_word' id='word_1_21' title='bbox 902 536 966 587; x_wconf 83' lang='lat' dir='ltr'><strong>ad</strong></span> <span class='ocrx_word' id='word_1_22' title='bbox 991 536 1270 593; x_wconf 89' lang='lat' dir='ltr'><strong>silentium</strong></span> <span class='ocrx_word' id='word_1_23' title='bbox 1297 549 1475 597; x_wconf 87' lang='lat' dir='ltr'><strong>tamen</strong></span> <span class='ocrx_word' id='word_1_24' title='bbox 1501 543 1728 612; x_wconf 81' lang='lat' dir='ltr'><strong>periculi</strong></span> <span class='ocrx_word' id='word_1_25' title='bbox 1753 560 1951 615; x_wconf 82' lang='lat' dir='ltr'><strong>expers</strong></span> <span class='ocrx_word' id='word_1_26' title='bbox 1973 562 2104 602; x_wconf 87' lang='lat' dir='ltr'><strong>con-</strong></span> 
     </span>
    </p>
   </div>
   <div class='ocr_carea' id='block_1_7' title="bbox 527 607 2105 702">
    <p class='ocr_par' dir='ltr' id='par_1_7' title="bbox 527 607 2105 702">
     <span class='ocr_line' id='line_1_7' title="bbox 527 607 2105 702; baseline 0.012 -28"><span class='ocrx_word' id='word_1_27' title='bbox 527 607 788 691; x_wconf 69' lang='lat' dir='ltr'><strong>fugimus,</strong></span> <span class='ocrx_word' id='word_1_28' title='bbox 822 625 1024 695; x_wconf 83' lang='lat' dir='ltr'><strong>quippe</strong></span> <span class='ocrx_word' id='word_1_29' title='bbox 1053 628 1145 697; x_wconf 86' lang='lat' dir='ltr'><strong>qui</strong></span> <span class='ocrx_word' id='word_1_30' title='bbox 1179 630 1385 700; x_wconf 90' lang='lat' dir='ltr'><strong>optime</strong></span> <span class='ocrx_word' id='word_1_31' title='bbox 1419 607 1696 702; x_wconf 74' lang='lat' dir='ltr'><strong>novimus,</strong></span> <span class='ocrx_word' id='word_1_32' title='bbox 1739 607 1842 690; x_wconf 74' lang='lat' dir='ltr'><strong>nos</strong></span> <span class='ocrx_word' id='word_1_33' title='bbox 1870 643 1984 690; x_wconf 88' lang='lat' dir='ltr'><strong>tum</strong></span> <span class='ocrx_word' id='word_1_34' title='bbox 2010 637 2105 694; x_wconf 87' lang='lat' dir='ltr'><strong>de-</strong></span> 
     </span>
    </p>
   </div>
   <div class='ocr_carea' id='block_1_8' title="bbox 527 707 2105 789">
    <p class='ocr_par' dir='ltr' id='par_1_8' title="bbox 527 707 2105 789">
     <span class='ocr_line' id='line_1_8' title="bbox 527 707 2105 789; baseline 0.013 -26"><span class='ocrx_word' id='word_1_35' title='bbox 527 727 676 766; x_wconf 88' lang='lat' dir='ltr'><strong>mum</strong></span> <span class='ocrx_word' id='word_1_36' title='bbox 717 713 913 783; x_wconf 86' lang='lat' dir='ltr'><strong>dignos</strong></span> <span class='ocrx_word' id='word_1_37' title='bbox 945 707 1084 779; x_wconf 78' lang='lat' dir='ltr'><strong>fere.</strong></span> <span class='ocrx_word' id='word_1_38' title='bbox 1136 721 1230 789; x_wconf 85' lang='lat' dir='ltr'><strong>qui</strong></span> <span class='ocrx_word' id='word_1_39' title='bbox 1270 729 1586 778; x_wconf 89' lang='lat' dir='ltr'><strong>sanctorum</strong></span> <span class='ocrx_word' id='word_1_40' title='bbox 1633 728 1910 783; x_wconf 64' lang='lat' dir='ltr'><strong>memoriae</strong></span> <span class='ocrx_word' id='word_1_41' title='bbox 1953 743 2105 784; x_wconf 84' lang='lat' dir='ltr'><strong>com-</strong></span> 
     </span>
    </p>
   </div>
   <div class='ocr_carea' id='block_1_9' title="bbox 528 803 2105 890">
    <p class='ocr_par' dir='ltr' id='par_1_9' title="bbox 528 803 2105 890">
     <span class='ocr_line' id='line_1_9' title="bbox 528 803 2105 890; baseline 0.011 -34"><span class='ocrx_word' id='word_1_42' title='bbox 528 803 906 870; x_wconf 89' lang='lat' dir='ltr'><strong>municemus,</strong></span> <span class='ocrx_word' id='word_1_43' title='bbox 965 810 1010 863; x_wconf 91' lang='lat' dir='ltr'><strong>si</strong></span> <span class='ocrx_word' id='word_1_44' title='bbox 1062 825 1252 865; x_wconf 89' lang='lat' dir='ltr'><strong>eorum</strong></span> <span class='ocrx_word' id='word_1_45' title='bbox 1309 814 1543 871; x_wconf 89' lang='lat' dir='ltr'><strong>virtutes</strong></span> <span class='ocrx_word' id='word_1_46' title='bbox 1603 816 1883 873; x_wconf 88' lang='lat' dir='ltr'><strong>imitemur</strong></span> <span class='ocrx_word' id='word_1_47' title='bbox 1939 827 2105 890; x_wconf 83' lang='lat' dir='ltr'><strong>atque</strong></span> 
     </span>
    </p>
   </div>
   <div class='ocr_carea' id='block_1_10' title="bbox 521 895 2102 975">
    <p class='ocr_par' dir='ltr' id='par_1_10' title="bbox 521 895 2102 975">
     <span class='ocr_line' id='line_1_10' title="bbox 521 895 2102 975; baseline 0.011 -28"><span class='ocrx_word' id='word_1_48' title='bbox 521 895 887 964; x_wconf 81' lang='lat' dir='ltr'><strong>aemulemur;</strong></span> <span class='ocrx_word' id='word_1_49' title='bbox 933 915 1040 953; x_wconf 90' lang='lat' dir='ltr'><strong>non</strong></span> <span class='ocrx_word' id='word_1_50' title='bbox 1079 901 1322 970; x_wconf 57' lang='lat' dir='ltr'><strong>ipsa-um</strong></span> <span class='ocrx_word' id='word_1_51' title='bbox 1355 915 1507 975; x_wconf 88' lang='lat' dir='ltr'><strong>gesta</strong></span> <span class='ocrx_word' id='word_1_52' title='bbox 1559 911 1911 966; x_wconf 86' lang='lat' dir='ltr'><strong>sermonibus</strong></span> <span class='ocrx_word' id='word_1_53' title='bbox 1955 911 2102 966; x_wconf 86' lang='lat' dir='ltr'><strong>cele-</strong></span> 
     </span>
    </p>
   </div>
   <div class='ocr_carea' id='block_1_11' title="bbox 526 983 2099 1070">
    <p class='ocr_par' dir='ltr' id='par_1_11' title="bbox 526 983 2099 1070">
     <span class='ocr_line' id='line_1_11' title="bbox 526 983 2099 1070; baseline 0.012 -33"><span class='ocrx_word' id='word_1_54' title='bbox 526 983 776 1049; x_wconf 90' lang='lat' dir='ltr'><strong>brantes,</strong></span> <span class='ocrx_word' id='word_1_55' title='bbox 816 988 909 1042; x_wconf 90' lang='lat' dir='ltr'><strong>sed</strong></span> <span class='ocrx_word' id='word_1_56' title='bbox 945 1004 1135 1045; x_wconf 89' lang='lat' dir='ltr'><strong>eorum</strong></span> <span class='ocrx_word' id='word_1_57' title='bbox 1173 1008 1352 1050; x_wconf 88' lang='lat' dir='ltr'><strong>mores</strong></span> <span class='ocrx_word' id='word_1_58' title='bbox 1385 997 1458 1050; x_wconf 90' lang='lat' dir='ltr'><strong>ita</strong></span> <span class='ocrx_word' id='word_1_59' title='bbox 1511 999 1696 1054; x_wconf 90' lang='lat' dir='ltr'><strong>animo</strong></span> <span class='ocrx_word' id='word_1_60' title='bbox 1727 1001 2099 1070; x_wconf 87' lang='lat' dir='ltr'><strong>complecten-</strong></span> 
     </span>
    </p>
   </div>
   <div class='ocr_carea' id='block_1_12' title="bbox 522 1081 2100 1164">
    <p class='ocr_par' dir='ltr' id='par_1_12' title="bbox 522 1081 2100 1164">
     <span class='ocr_line' id='line_1_12' title="bbox 522 1081 2100 1164; baseline 0.014 -37"><span class='ocrx_word' id='word_1_61' title='bbox 522 1082 628 1140; x_wconf 88' lang='lat' dir='ltr'><strong>tes,</strong></span> <span class='ocrx_word' id='word_1_62' title='bbox 662 1085 718 1130; x_wconf 93' lang='lat' dir='ltr'><strong>ut</strong></span> <span class='ocrx_word' id='word_1_63' title='bbox 761 1093 858 1134; x_wconf 89' lang='lat' dir='ltr'><strong>eos</strong></span> <span class='ocrx_word' id='word_1_64' title='bbox 899 1081 1040 1137; x_wconf 82' lang='lat' dir='ltr'><strong>elabi</strong></span> <span class='ocrx_word' id='word_1_65' title='bbox 1082 1100 1387 1155; x_wconf 88' lang='lat' dir='ltr'><strong>nunquam,</strong></span> <span class='ocrx_word' id='word_1_66' title='bbox 1421 1103 1485 1144; x_wconf 91' lang='lat' dir='ltr'><strong>ac</strong></span> <span class='ocrx_word' id='word_1_67' title='bbox 1520 1092 1775 1148; x_wconf 80' lang='lat' dir='ltr'><strong>excidere</strong></span> <span class='ocrx_word' id='word_1_68' title='bbox 1805 1094 2100 1164; x_wconf 85' lang='lat' dir='ltr'><strong>patiamur.</strong></span> 
     </span>
    </p>
   </div>
   <div class='ocr_carea' id='block_1_13' title="bbox 525 1166 2099 1252">
    <p class='ocr_par' dir='ltr' id='par_1_13' title="bbox 525 1166 2099 1252">
     <span class='ocr_line' id='line_1_13' title="bbox 525 1166 2099 1252; baseline 0.013 -32"><span class='ocrx_word' id='word_1_69' title='bbox 525 1166 635 1230; x_wconf 70' lang='lat' dir='ltr'><strong>Nos</strong></span> <span class='ocrx_word' id='word_1_70' title='bbox 668 1170 817 1223; x_wconf 90' lang='lat' dir='ltr'><strong>enim</strong></span> <span class='ocrx_word' id='word_1_71' title='bbox 860 1187 1024 1229; x_wconf 89' lang='lat' dir='ltr'><strong>veros</strong></span> <span class='ocrx_word' id='word_1_72' title='bbox 1065 1189 1254 1231; x_wconf 87' lang='lat' dir='ltr'><strong>eorum</strong></span> <span class='ocrx_word' id='word_1_73' title='bbox 1299 1177 1607 1252; x_wconf 86' lang='lat' dir='ltr'><strong>discipulos</strong></span> <span class='ocrx_word' id='word_1_74' title='bbox 1652 1199 1775 1240; x_wconf 88' lang='lat' dir='ltr'><strong>esse</strong></span> <span class='ocrx_word' id='word_1_75' title='bbox 1819 1199 1928 1240; x_wconf 92' lang='lat' dir='ltr'><strong>non</strong></span> <span class='ocrx_word' id='word_1_76' title='bbox 1961 1185 2099 1240; x_wconf 82' lang='lat' dir='ltr'><strong>festa</strong></span> 
     </span>
    </p>
   </div>
   <div class='ocr_carea' id='block_1_14' title="bbox 524 1256 2098 1342">
    <p class='ocr_par' dir='ltr' id='par_1_14' title="bbox 524 1256 2098 1342">
     <span class='ocr_line' id='line_1_14' title="bbox 524 1256 2098 1342; baseline 0.014 -32"><span class='ocrx_word' id='word_1_77' title='bbox 524 1256 927 1336; x_wconf 78' lang='lat' dir='ltr'><strong>inconsiderate</strong></span> <span class='ocrx_word' id='word_1_78' title='bbox 972 1272 1028 1319; x_wconf 90' lang='lat' dir='ltr'><strong>et</strong></span> <span class='ocrx_word' id='word_1_79' title='bbox 1078 1282 1176 1336; x_wconf 90' lang='lat' dir='ltr'><strong>pro</strong></span> <span class='ocrx_word' id='word_1_80' title='bbox 1211 1273 1610 1328; x_wconf 87' lang='lat' dir='ltr'><strong>consuetudine</strong></span> <span class='ocrx_word' id='word_1_81' title='bbox 1648 1275 1954 1342; x_wconf 85' lang='lat' dir='ltr'><strong>celebrata;</strong></span> <span class='ocrx_word' id='word_1_82' title='bbox 2003 1278 2098 1332; x_wconf 84' lang='lat' dir='ltr'><strong>sed</strong></span> 
     </span>
    </p>
   </div>
   <div class='ocr_carea' id='block_1_15' title="bbox 521 1348 2097 1431">
    <p class='ocr_par' dir='ltr' id='par_1_15' title="bbox 521 1348 2097 1431">
     <span class='ocr_line' id='line_1_15' title="bbox 521 1348 2097 1431; baseline 0.015 -31"><span class='ocrx_word' id='word_1_83' title='bbox 521 1348 774 1420; x_wconf 89' lang='lat' dir='ltr'><strong>religiosa</strong></span> <span class='ocrx_word' id='word_1_84' title='bbox 806 1353 1001 1422; x_wconf 89' lang='lat' dir='ltr'><strong>pietas,</strong></span> <span class='ocrx_word' id='word_1_85' title='bbox 1035 1358 1336 1430; x_wconf 85' lang='lat' dir='ltr'><strong>eademque</strong></span> <span class='ocrx_word' id='word_1_86' title='bbox 1361 1361 1576 1418; x_wconf 81' lang='lat' dir='ltr'><strong>vivendi</strong></span> <span class='ocrx_word' id='word_1_87' title='bbox 1612 1367 1771 1431; x_wconf 86' lang='lat' dir='ltr'><strong>ratio,</strong></span> <span class='ocrx_word' id='word_1_88' title='bbox 1805 1374 1859 1422; x_wconf 89' lang='lat' dir='ltr'><strong>et</strong></span> <span class='ocrx_word' id='word_1_89' title='bbox 1883 1383 2097 1423; x_wconf 91' lang='lat' dir='ltr'><strong>morum</strong></span> 
     </span>
    </p>
   </div>
   <div class='ocr_carea' id='block_1_16' title="bbox 525 1441 2098 1528">
    <p class='ocr_par' dir='ltr' id='par_1_16' title="bbox 525 1441 2098 1528">
     <span class='ocr_line' id='line_1_16' title="bbox 525 1441 2098 1528; baseline 0.011 -32"><span class='ocrx_word' id='word_1_90' title='bbox 525 1441 830 1498; x_wconf 88' lang='lat' dir='ltr'><strong>similitudo</strong></span> <span class='ocrx_word' id='word_1_91' title='bbox 863 1444 1283 1506; x_wconf 84' lang='lat' dir='ltr'><strong>demonstrabit.</strong></span> <span class='ocrx_word' id='word_1_92' title='bbox 1321 1451 1609 1510; x_wconf 83' lang='lat' dir='ltr'><strong>Veneraris</strong></span> <span class='ocrx_word' id='word_1_93' title='bbox 1649 1465 1950 1528; x_wconf 87' lang='lat' dir='ltr'><strong>martyrum</strong></span> <span class='ocrx_word' id='word_1_94' title='bbox 1983 1473 2098 1513; x_wconf 61' lang='lat' dir='ltr'><strong>meo</strong></span> 
     </span>
    </p>
   </div>
   <div class='ocr_carea' id='block_1_17' title="bbox 521 1531 2093 1615">
    <p class='ocr_par' dir='ltr' id='par_1_17' title="bbox 521 1531 2093 1615">
     <span class='ocr_line' id='line_1_17' title="bbox 521 1531 2093 1615; baseline 0.015 -34"><span class='ocrx_word' id='word_1_95' title='bbox 521 1531 742 1596; x_wconf 89' lang='lat' dir='ltr'><strong>morias,</strong></span> <span class='ocrx_word' id='word_1_96' title='bbox 777 1549 910 1590; x_wconf 91' lang='lat' dir='ltr'><strong>eoru</strong></span> <span class='ocrx_word' id='word_1_97' title='bbox 938 1558 946 1586; x_wconf 77' lang='grc' dir='ltr'><strong>ι</strong></span> <span class='ocrx_word' id='word_1_98' title='bbox 972 1536 1096 1592; x_wconf 90' lang='lat' dir='ltr'><strong>dem</strong></span> <span class='ocrx_word' id='word_1_99' title='bbox 1137 1556 1358 1613; x_wconf 86' lang='lat' dir='ltr'><strong>quoque</strong></span> <span class='ocrx_word' id='word_1_100' title='bbox 1405 1546 1744 1615; x_wconf 89' lang='lat' dir='ltr'><strong>propositum</strong></span> <span class='ocrx_word' id='word_1_101' title='bbox 1783 1564 2045 1604; x_wconf 86' lang='lat' dir='ltr'><strong>venerare</strong></span> <span class='ocrx_word' id='word_1_102' title='bbox 2079 1567 2093 1603; x_wconf 87' lang='lat'><strong>:</strong></span> 
     </span>
    </p>
   </div>
   <div class='ocr_carea' id='block_1_18' title="bbox 520 1627 2098 1694">
    <p class='ocr_par' dir='ltr' id='par_1_18' title="bbox 520 1627 2098 1694">
     <span class='ocr_line' id='line_1_18' title="bbox 520 1627 2098 1694; baseline 0.015 -24"><span class='ocrx_word' id='word_1_103' title='bbox 520 1627 651 1675; x_wconf 89' lang='lat' dir='ltr'><strong>tunc</strong></span> <span class='ocrx_word' id='word_1_104' title='bbox 703 1638 940 1694; x_wconf 84' lang='lat' dir='ltr'><strong>namque</strong></span> <span class='ocrx_word' id='word_1_105' title='bbox 978 1636 1299 1685; x_wconf 90' lang='lat' dir='ltr'><strong>sanctorum</strong></span> <span class='ocrx_word' id='word_1_106' title='bbox 1353 1635 1632 1691; x_wconf 90' lang='lat' dir='ltr'><strong>memoriis</strong></span> <span class='ocrx_word' id='word_1_107' title='bbox 1677 1650 1805 1692; x_wconf 91' lang='lat' dir='ltr'><strong>vere</strong></span> <span class='ocrx_word' id='word_1_108' title='bbox 1845 1651 2098 1693; x_wconf 89' lang='lat' dir='ltr'><strong>commu-</strong></span> 
     </span>
    </p>
   </div>
   <div class='ocr_carea' id='block_1_19' title="bbox 521 1712 2095 1784">
    <p class='ocr_par' dir='ltr' id='par_1_19' title="bbox 521 1712 2095 1784">
     <span class='ocr_line' id='line_1_19' title="bbox 521 1712 2095 1784; baseline 0.014 -23"><span class='ocrx_word' id='word_1_109' title='bbox 521 1712 789 1778; x_wconf 82' lang='lat' dir='ltr'><strong>nicamus,</strong></span> <span class='ocrx_word' id='word_1_110' title='bbox 818 1731 943 1770; x_wconf 92' lang='lat' dir='ltr'><strong>cum</strong></span> <span class='ocrx_word' id='word_1_111' title='bbox 988 1732 1180 1773; x_wconf 88' lang='lat' dir='ltr'><strong>eorum</strong></span> <span class='ocrx_word' id='word_1_112' title='bbox 1215 1722 1344 1776; x_wconf 72' lang='lat' dir='ltr'><strong>vitae</strong></span> <span class='ocrx_word' id='word_1_113' title='bbox 1373 1722 1620 1780; x_wconf 86' lang='lat' dir='ltr'><strong>instituta</strong></span> <span class='ocrx_word' id='word_1_114' title='bbox 1647 1737 1942 1782; x_wconf 87' lang='lat' dir='ltr'><strong>sectamur.</strong></span> <span class='ocrx_word' id='word_1_115' title='bbox 1978 1727 2095 1784; x_wconf 86' lang='lat' dir='ltr'><strong>Non</strong></span> 
     </span>
    </p>
   </div>
   <div class='ocr_carea' id='block_1_20' title="bbox 2207 547 3796 621">
    <p class='ocr_par' dir='ltr' id='par_1_20' title="bbox 2207 547 3796 621">
     <span class='ocr_line' id='line_1_20' title="bbox 2207 547 3796 621; baseline 0.004 -21"><span class='ocrx_word' id='word_1_116' title='bbox 2207 547 2410 611; x_wconf 83' lang='grc' dir='ltr'>εἰδότες</span> <span class='ocrx_word' id='word_1_117' title='bbox 2430 587 2446 612; x_wconf 84' lang='grc'><strong>,</strong></span> <span class='ocrx_word' id='word_1_118' title='bbox 2471 548 2549 612; x_wconf 82' lang='grc' dir='ltr'>ὡς</span> <span class='ocrx_word' id='word_1_119' title='bbox 2592 549 2675 601; x_wconf 82' lang='grc' dir='ltr'><strong>ὲνὶ</strong></span> <span class='ocrx_word' id='word_1_120' title='bbox 2718 548 2896 618; x_wconf 81' lang='grc' dir='ltr'>τούτῳ</span> <span class='ocrx_word' id='word_1_121' title='bbox 2928 547 3041 620; x_wconf 73' lang='lat'><strong>(22)</strong></span> <span class='ocrx_word' id='word_1_122' title='bbox 3076 552 3196 613; x_wconf 89' lang='grc' dir='ltr'>ταῖς</span> <span class='ocrx_word' id='word_1_123' title='bbox 3247 549 3458 621; x_wconf 88' lang='grc' dir='ltr'>μνείαις</span> <span class='ocrx_word' id='word_1_124' title='bbox 3484 551 3594 605; x_wconf 85' lang='grc' dir='ltr'>τῶν</span> <span class='ocrx_word' id='word_1_125' title='bbox 3622 554 3796 621; x_wconf 80' lang='grc' dir='ltr'><strong>ἁγίων</strong></span> 
     </span>
    </p>
   </div>
   <div class='ocr_carea' id='block_1_21' title="bbox 2207 632 3796 711">
    <p class='ocr_par' dir='ltr' id='par_1_21' title="bbox 2207 632 3796 711">
     <span class='ocr_line' id='line_1_21' title="bbox 2207 632 3796 711; baseline 0.007 -27"><span class='ocrx_word' id='word_1_126' title='bbox 2207 635 2482 685; x_wconf 81' lang='grc' dir='ltr'><strong>κοινωνεῖν</strong></span> <span class='ocrx_word' id='word_1_127' title='bbox 2515 632 2833 703; x_wconf 80' lang='grc' dir='ltr'>άξιούμεθα,</span> <span class='ocrx_word' id='word_1_128' title='bbox 2862 636 2922 688; x_wconf 78' lang='grc' dir='ltr'>ἐν</span> <span class='ocrx_word' id='word_1_129' title='bbox 2953 634 3032 707; x_wconf 81' lang='grc' dir='ltr'>τῷ</span> <span class='ocrx_word' id='word_1_130' title='bbox 3063 635 3161 699; x_wconf 85' lang='grc' dir='ltr'>τὰς</span> <span class='ocrx_word' id='word_1_131' title='bbox 3198 637 3424 692; x_wconf 78' lang='grc' dir='ltr'>ἐκείνων</span> <span class='ocrx_word' id='word_1_132' title='bbox 3449 639 3651 710; x_wconf 80' lang='grc' dir='ltr'>ἀρετάς</span> <span class='ocrx_word' id='word_1_133' title='bbox 3703 659 3796 711; x_wconf 86' lang='grc' dir='ltr'>μι-</span> 
     </span>
    </p>
   </div>
   <div class='ocr_carea' id='block_1_22' title="bbox 2210 721 3796 802">
    <p class='ocr_par' dir='ltr' id='par_1_22' title="bbox 2210 721 3796 802">
     <span class='ocr_line' id='line_1_22' title="bbox 2210 721 3796 802; baseline 0.007 -28"><span class='ocrx_word' id='word_1_134' title='bbox 2210 721 2426 791; x_wconf 84' lang='grc' dir='ltr'>μεῖσθαι</span> <span class='ocrx_word' id='word_1_135' title='bbox 2457 724 2551 776; x_wconf 77' lang='grc' dir='ltr'>καὶ</span> <span class='ocrx_word' id='word_1_136' title='bbox 2579 723 2798 795; x_wconf 77' lang='grc' dir='ltr'>ζηλοῦν·</span> <span class='ocrx_word' id='word_1_137' title='bbox 2854 726 2954 779; x_wconf 75' lang='grc' dir='ltr'><strong>οὐκ</strong></span> <span class='ocrx_word' id='word_1_138' title='bbox 3007 727 3066 779; x_wconf 77' lang='grc' dir='ltr'>ὲν</span> <span class='ocrx_word' id='word_1_139' title='bbox 3096 726 3176 797; x_wconf 87' lang='grc' dir='ltr'>τῷ</span> <span class='ocrx_word' id='word_1_140' title='bbox 3213 725 3360 798; x_wconf 83' lang='grc' dir='ltr'>λόγῳ</span> <span class='ocrx_word' id='word_1_141' title='bbox 3404 729 3796 802; x_wconf 79' lang='grc' dir='ltr'><strong>περιφέροντες</strong></span> 
     </span>
    </p>
   </div>
   <div class='ocr_carea' id='block_1_23' title="bbox 2204 814 3796 890">
    <p class='ocr_par' dir='ltr' id='par_1_23' title="bbox 2204 814 3796 890">
     <span class='ocr_line' id='line_1_23' title="bbox 2204 814 3796 890; baseline 0.005 -23"><span class='ocrx_word' id='word_1_142' title='bbox 2204 814 2382 867; x_wconf 81' lang='grc' dir='ltr'>αὐτῶν</span> <span class='ocrx_word' id='word_1_143' title='bbox 2407 816 2495 868; x_wconf 84' lang='grc' dir='ltr'><strong>τὸν</strong></span> <span class='ocrx_word' id='word_1_144' title='bbox 2526 815 2658 885; x_wconf 86' lang='grc' dir='ltr'>βίον,</span> <span class='ocrx_word' id='word_1_145' title='bbox 2685 816 2799 870; x_wconf 81' lang='grc' dir='ltr'>ἀλλ’</span> <span class='ocrx_word' id='word_1_146' title='bbox 2828 818 2885 870; x_wconf 82' lang='grc' dir='ltr'>ὲν</span> <span class='ocrx_word' id='word_1_147' title='bbox 2915 820 2982 888; x_wconf 81' lang='grc' dir='ltr'>τῇ</span> <span class='ocrx_word' id='word_1_148' title='bbox 3013 816 3204 890; x_wconf 81' lang='grc' dir='ltr'>γνώμῃ</span> <span class='ocrx_word' id='word_1_149' title='bbox 3233 818 3588 885; x_wconf 75' lang='grc' dir='ltr'><strong>διασώζοντες</strong></span> <span class='ocrx_word' id='word_1_150' title='bbox 3612 823 3796 875; x_wconf 83' lang='grc' dir='ltr'>αὐτῶν</span> 
     </span>
    </p>
   </div>
   <div class='ocr_carea' id='block_1_24' title="bbox 2203 905 3794 982">
    <p class='ocr_par' dir='ltr' id='par_1_24' title="bbox 2203 905 3794 982">
     <span class='ocr_line' id='line_1_24' title="bbox 2203 905 3794 982; baseline 0.004 -24"><span class='ocrx_word' id='word_1_151' title='bbox 2203 905 2294 959; x_wconf 80' lang='grc' dir='ltr'><strong>τὸν</strong></span> <span class='ocrx_word' id='word_1_152' title='bbox 2323 906 2542 977; x_wconf 87' lang='grc' dir='ltr'>τρόπον,</span> <span class='ocrx_word' id='word_1_153' title='bbox 2589 907 2883 974; x_wconf 83' lang='grc' dir='ltr'>Ἀποδείξει</span> <span class='ocrx_word' id='word_1_154' title='bbox 2935 908 3045 980; x_wconf 85' lang='grc' dir='ltr'>γὰρ</span> <span class='ocrx_word' id='word_1_155' title='bbox 3073 911 3222 980; x_wconf 78' lang='grc' dir='ltr'>ἡμᾶς</span> <span class='ocrx_word' id='word_1_156' title='bbox 3267 910 3492 964; x_wconf 77' lang='grc' dir='ltr'>ἐκείνων</span> <span class='ocrx_word' id='word_1_157' title='bbox 3537 913 3794 982; x_wconf 80' lang='grc' dir='ltr'><strong>γνησίους</strong></span> 
     </span>
    </p>
   </div>
   <div class='ocr_carea' id='block_1_25' title="bbox 2207 997 3794 1070">
    <p class='ocr_par' dir='ltr' id='par_1_25' title="bbox 2207 997 3794 1070">
     <span class='ocr_line' id='line_1_25' title="bbox 2207 997 3794 1070; baseline 0.004 -21"><span class='ocrx_word' id='word_1_158' title='bbox 2207 997 2490 1068; x_wconf 73' lang='grc' dir='ltr'>μαθητὰς,</span> <span class='ocrx_word' id='word_1_159' title='bbox 2523 999 2585 1052; x_wconf 83' lang='grc' dir='ltr'>οὐ</span> <span class='ocrx_word' id='word_1_160' title='bbox 2628 999 2882 1070; x_wconf 80' lang='grc' dir='ltr'>συνήθεια</span> <span class='ocrx_word' id='word_1_161' title='bbox 2929 999 3066 1070; x_wconf 79' lang='grc' dir='ltr'>μετὰ</span> <span class='ocrx_word' id='word_1_162' title='bbox 3098 1000 3352 1069; x_wconf 82' lang='grc' dir='ltr'><strong>ἀλογίας,</strong></span> <span class='ocrx_word' id='word_1_163' title='bbox 3390 1000 3505 1054; x_wconf 75' lang='grc' dir='ltr'>ἀλλ’</span> <span class='ocrx_word' id='word_1_164' title='bbox 3539 1001 3794 1055; x_wconf 79' lang='grc' dir='ltr'>εὐσέϐεια</span> 
     </span>
    </p>
   </div>
   <div class='ocr_carea' id='block_1_26' title="bbox 2206 1089 3792 1163">
    <p class='ocr_par' dir='ltr' id='par_1_26' title="bbox 2206 1089 3792 1163">
     <span class='ocr_line' id='line_1_26' title="bbox 2206 1089 3792 1163; baseline 0.004 -22"><span class='ocrx_word' id='word_1_165' title='bbox 2206 1089 2344 1159; x_wconf 84' lang='grc' dir='ltr'>μετὰ</span> <span class='ocrx_word' id='word_1_166' title='bbox 2381 1089 2694 1155; x_wconf 81' lang='grc' dir='ltr'>εὐλαϐείας,</span> <span class='ocrx_word' id='word_1_167' title='bbox 2730 1093 2824 1144; x_wconf 71' lang='grc' dir='ltr'>καὶ</span> <span class='ocrx_word' id='word_1_168' title='bbox 2869 1094 2897 1146; x_wconf 88' lang='grc' dir='ltr'><strong>ό</strong></span> <span class='ocrx_word' id='word_1_169' title='bbox 2940 1092 3053 1162; x_wconf 85' lang='grc' dir='ltr'>βίος</span> <span class='ocrx_word' id='word_1_170' title='bbox 3093 1091 3374 1163; x_wconf 79' lang='grc' dir='ltr'>όμόδοξος,</span> <span class='ocrx_word' id='word_1_171' title='bbox 3411 1094 3505 1147; x_wconf 59' lang='grc' dir='ltr'><strong>καὶ⁷</strong></span> <span class='ocrx_word' id='word_1_172' title='bbox 3533 1095 3563 1146; x_wconf 91' lang='grc' dir='ltr'><strong>ό</strong></span> <span class='ocrx_word' id='word_1_173' title='bbox 3589 1094 3792 1163; x_wconf 80' lang='grc' dir='ltr'>τρόπος</span> 
     </span>
    </p>
   </div>
   <div class='ocr_carea' id='block_1_27' title="bbox 2200 1179 3790 1255">
    <p class='ocr_par' dir='ltr' id='par_1_27' title="bbox 2200 1179 3790 1255">
     <span class='ocr_line' id='line_1_27' title="bbox 2200 1179 3790 1255; baseline 0.003 -21"><span class='ocrx_word' id='word_1_174' title='bbox 2200 1179 2481 1250; x_wconf 84' lang='grc' dir='ltr'>όμόζηλος.</span> <span class='ocrx_word' id='word_1_175' title='bbox 2523 1182 2700 1254; x_wconf 78' lang='grc' dir='ltr'>Τιμᾷς</span> <span class='ocrx_word' id='word_1_176' title='bbox 2750 1182 3042 1253; x_wconf 84' lang='grc' dir='ltr'>μαρτύρων</span> <span class='ocrx_word' id='word_1_177' title='bbox 3091 1184 3192 1252; x_wconf 81' lang='grc' dir='ltr'>τὴν</span> <span class='ocrx_word' id='word_1_178' title='bbox 3251 1184 3510 1254; x_wconf 84' lang='grc' dir='ltr'>μνήμην;</span> <span class='ocrx_word' id='word_1_179' title='bbox 3557 1185 3790 1255; x_wconf 80' lang='grc' dir='ltr'>τίμησαι</span> 
     </span>
    </p>
   </div>
   <div class='ocr_carea' id='block_1_28' title="bbox 2201 1269 3790 1345">
    <p class='ocr_par' dir='ltr' id='par_1_28' title="bbox 2201 1269 3790 1345">
     <span class='ocr_line' id='line_1_28' title="bbox 2201 1269 3790 1345; baseline 0.003 -22"><span class='ocrx_word' id='word_1_180' title='bbox 2201 1269 2296 1323; x_wconf 79' lang='grc' dir='ltr'>καὶ</span> <span class='ocrx_word' id='word_1_181' title='bbox 2337 1270 2433 1341; x_wconf 79' lang='grc' dir='ltr'>τὴν</span> <span class='ocrx_word' id='word_1_182' title='bbox 2461 1270 2687 1340; x_wconf 81' lang='grc' dir='ltr'><strong>γνώμην</strong></span> <span class='ocrx_word' id='word_1_183' title='bbox 2707 1288 2720 1302; x_wconf 86' lang='grc'>⁶</span> <span class='ocrx_word' id='word_1_184' title='bbox 2750 1273 3002 1325; x_wconf 84' lang='grc' dir='ltr'>κοινωνία</span> <span class='ocrx_word' id='word_1_185' title='bbox 3051 1272 3159 1344; x_wconf 77' lang='grc' dir='ltr'>γὰρ</span> <span class='ocrx_word' id='word_1_186' title='bbox 3199 1274 3298 1344; x_wconf 83' lang='grc' dir='ltr'>τῆς</span> <span class='ocrx_word' id='word_1_187' title='bbox 3327 1275 3553 1345; x_wconf 81' lang='grc' dir='ltr'>μνήμης</span> <span class='ocrx_word' id='word_1_188' title='bbox 3585 1276 3617 1344; x_wconf 85' lang='grc' dir='ltr'><strong>ή</strong></span> <span class='ocrx_word' id='word_1_189' title='bbox 3648 1291 3790 1345; x_wconf 86' lang='grc' dir='ltr'>συμ-</span> 
     </span>
    </p>
   </div>
   <div class='ocr_carea' id='block_1_29' title="bbox 2201 1363 3789 1437">
    <p class='ocr_par' dir='ltr' id='par_1_29' title="bbox 2201 1363 3789 1437">
     <span class='ocr_line' id='line_1_29' title="bbox 2201 1363 3789 1437; baseline 0.003 -22"><span class='ocrx_word' id='word_1_190' title='bbox 2201 1363 2376 1431; x_wconf 85' lang='grc' dir='ltr'>φωνία</span> <span class='ocrx_word' id='word_1_191' title='bbox 2406 1363 2506 1434; x_wconf 81' lang='grc' dir='ltr'>τῆς</span> <span class='ocrx_word' id='word_1_192' title='bbox 2537 1364 2780 1436; x_wconf 83' lang='grc' dir='ltr'>γνώμης.</span> <span class='ocrx_word' id='word_1_193' title='bbox 2814 1363 2906 1434; x_wconf 85' lang='grc' dir='ltr'><strong>Μὴ</strong></span> <span class='ocrx_word' id='word_1_194' title='bbox 2935 1363 3042 1435; x_wconf 85' lang='grc' dir='ltr'>γὰρ</span> <span class='ocrx_word' id='word_1_195' title='bbox 3079 1365 3308 1429; x_wconf 80' lang='grc' dir='ltr'>ἐκείνοις</span> <span class='ocrx_word' id='word_1_196' title='bbox 3337 1365 3518 1437; x_wconf 87' lang='grc' dir='ltr'>μόνοις</span> <span class='ocrx_word' id='word_1_197' title='bbox 3545 1365 3789 1436; x_wconf 65' lang='grc' dir='ltr'>ὲπὲλαμι</span> 
     </span>
    </p>
   </div>
   <div class='ocr_carea' id='block_1_30' title="bbox 2198 1455 3790 1529">
    <p class='ocr_par' dir='ltr' id='par_1_30' title="bbox 2198 1455 3790 1529">
     <span class='ocr_line' id='line_1_30' title="bbox 2198 1455 3790 1529; baseline 0.003 -22"><span class='ocrx_word' id='word_1_198' title='bbox 2198 1455 2297 1524; x_wconf 78' lang='grc' dir='ltr'><strong>ψεν</strong></span> <span class='ocrx_word' id='word_1_199' title='bbox 2319 1457 2348 1508; x_wconf 84' lang='grc' dir='ltr'><strong>ὁ</strong></span> <span class='ocrx_word' id='word_1_200' title='bbox 2370 1455 2647 1526; x_wconf 85' lang='grc' dir='ltr'>φωτισμὺς</span> <span class='ocrx_word' id='word_1_201' title='bbox 2678 1458 2777 1527; x_wconf 78' lang='grc' dir='ltr'>τῆς</span> <span class='ocrx_word' id='word_1_202' title='bbox 2806 1455 3058 1525; x_wconf 88' lang='grc' dir='ltr'>γνώσεως</span> <span class='ocrx_word' id='word_1_203' title='bbox 3084 1457 3183 1527; x_wconf 85' lang='grc' dir='ltr'>τῆς</span> <span class='ocrx_word' id='word_1_204' title='bbox 3213 1457 3372 1529; x_wconf 79' lang='grc' dir='ltr'>δόξης</span> <span class='ocrx_word' id='word_1_205' title='bbox 3408 1456 3503 1512; x_wconf 87' lang='grc' dir='ltr'><strong>τοῦ</strong></span> <span class='ocrx_word' id='word_1_206' title='bbox 3540 1459 3790 1528; x_wconf 84' lang='grc' dir='ltr'>Εὑαγγε-</span> 
     </span>
    </p>
   </div>
   <div class='ocr_carea' id='block_1_31' title="bbox 2198 1544 3786 1619">
    <p class='ocr_par' dir='ltr' id='par_1_31' title="bbox 2198 1544 3786 1619">
     <span class='ocr_line' id='line_1_31' title="bbox 2198 1544 3786 1619; baseline 0.001 -21"><span class='ocrx_word' id='word_1_207' title='bbox 2198 1545 2312 1599; x_wconf 92' lang='grc' dir='ltr'>λίου</span> <span class='ocrx_word' id='word_1_208' title='bbox 2338 1544 2432 1598; x_wconf 90' lang='grc' dir='ltr'><strong>τοῦ</strong></span> <span class='ocrx_word' id='word_1_209' title='bbox 2461 1545 2735 1617; x_wconf 87' lang='grc' dir='ltr'>Χριστοῦ;</span> <span class='ocrx_word' id='word_1_210' title='bbox 2773 1547 2846 1617; x_wconf 83' lang='grc' dir='ltr'>μὴ</span> <span class='ocrx_word' id='word_1_211' title='bbox 2891 1545 2999 1617; x_wconf 85' lang='grc' dir='ltr'>γὰρ</span> <span class='ocrx_word' id='word_1_212' title='bbox 3048 1547 3275 1611; x_wconf 73' lang='grc' dir='ltr'>ἐκείνοις</span> <span class='ocrx_word' id='word_1_213' title='bbox 3327 1547 3508 1618; x_wconf 88' lang='grc' dir='ltr'>μόνοις</span> <span class='ocrx_word' id='word_1_214' title='bbox 3554 1549 3587 1618; x_wconf 80' lang='grc' dir='ltr'><strong>ἡ</strong></span> <span class='ocrx_word' id='word_1_215' title='bbox 3625 1548 3786 1619; x_wconf 88' lang='grc' dir='ltr'>χάρις</span> 
     </span>
    </p>
   </div>
   <div class='ocr_carea' id='block_1_32' title="bbox 2200 1636 3785 1712">
    <p class='ocr_par' dir='ltr' id='par_1_32' title="bbox 2200 1636 3785 1712">
     <span class='ocr_line' id='line_1_32' title="bbox 2200 1636 3785 1712; baseline 0 -18"><span class='ocrx_word' id='word_1_216' title='bbox 2200 1641 2574 1712; x_wconf 83' lang='grc' dir='ltr'>ὲξαπεστάλη;</span> <span class='ocrx_word' id='word_1_217' title='bbox 2602 1642 2667 1694; x_wconf 76' lang='lat' dir='ltr'><strong>At</strong></span> <span class='ocrx_word' id='word_1_218' title='bbox 2693 1641 2901 1696; x_wconf 74' lang='grc' dir='ltr'>ἐντολαὶ</span> <span class='ocrx_word' id='word_1_219' title='bbox 2933 1641 3109 1695; x_wconf 60' lang='grc' dir='ltr'><strong>κοιναί⁵</strong></span> <span class='ocrx_word' id='word_1_220' title='bbox 3129 1683 3144 1702; x_wconf 88' lang='grc'><strong>,</strong></span> <span class='ocrx_word' id='word_1_221' title='bbox 3173 1642 3202 1694; x_wconf 86' lang='grc' dir='ltr'><strong>ό</strong></span> <span class='ocrx_word' id='word_1_222' title='bbox 3229 1640 3423 1710; x_wconf 83' lang='grc' dir='ltr'>τρόπος</span> <span class='ocrx_word' id='word_1_223' title='bbox 3457 1640 3633 1704; x_wconf 81' lang='grc' dir='ltr'>κοινὸς</span> <span class='ocrx_word' id='word_1_224' title='bbox 3656 1680 3672 1704; x_wconf 90' lang='grc'><strong>,</strong></span> <span class='ocrx_word' id='word_1_225' title='bbox 3698 1636 3785 1705; x_wconf 70' lang='grc' dir='ltr'>εἷς</span> 
     </span>
    </p>
   </div>
   <div class='ocr_carea' id='block_1_33' title="bbox 2197 1731 3785 1804">
    <p class='ocr_par' dir='ltr' id='par_1_33' title="bbox 2197 1731 3785 1804">
     <span class='ocr_line' id='line_1_33' title="bbox 2197 1731 3785 1804; baseline -0.001 -18"><span class='ocrx_word' id='word_1_226' title='bbox 2197 1734 2225 1786; x_wconf 89' lang='grc' dir='ltr'><strong>ό</strong></span> <span class='ocrx_word' id='word_1_227' title='bbox 2250 1731 2357 1786; x_wconf 87' lang='grc' dir='ltr'>τῶν</span> <span class='ocrx_word' id='word_1_228' title='bbox 2405 1732 2581 1786; x_wconf 82' lang='grc' dir='ltr'>πόνων</span> <span class='ocrx_word' id='word_1_229' title='bbox 2611 1731 2954 1802; x_wconf 78' lang='grc' dir='ltr'>ἀγωνοθέτης</span> <span class='ocrx_word' id='word_1_230' title='bbox 2975 1771 2991 1796; x_wconf 93' lang='grc'><strong>,</strong></span> <span class='ocrx_word' id='word_1_231' title='bbox 3042 1731 3100 1786; x_wconf 80' lang='grc' dir='ltr'>ἓν</span> <span class='ocrx_word' id='word_1_232' title='bbox 3128 1732 3188 1785; x_wconf 82' lang='grc' dir='ltr'>τὸ</span> <span class='ocrx_word' id='word_1_233' title='bbox 3217 1731 3468 1803; x_wconf 87' lang='grc' dir='ltr'>βραϐεῖον</span> <span class='ocrx_word' id='word_1_234' title='bbox 3504 1733 3602 1804; x_wconf 83' lang='grc' dir='ltr'>τῆς</span> <span class='ocrx_word' id='word_1_235' title='bbox 3646 1731 3785 1802; x_wconf 83' lang='grc' dir='ltr'>άλη-</span> 
     </span>
    </p>
   </div>
   <div class='ocr_carea' id='block_1_34' title="bbox 515 1793 2088 1895">
    <p class='ocr_par' dir='ltr' id='par_1_34' title="bbox 515 1801 2088 1878">
     <span class='ocr_line' id='line_1_34' title="bbox 515 1801 2088 1878; baseline 0.015 -25"><span class='ocrx_word' id='word_1_236' title='bbox 515 1801 662 1878; x_wconf 84' lang='lat' dir='ltr'><strong>enim</strong></span> <span class='ocrx_word' id='word_1_237' title='bbox 689 1805 799 1859; x_wconf 92' lang='lat' dir='ltr'><strong>illis</strong></span> <span class='ocrx_word' id='word_1_238' title='bbox 827 1808 962 1864; x_wconf 89' lang='lat' dir='ltr'><strong>solis</strong></span> <span class='ocrx_word' id='word_1_239' title='bbox 994 1810 1321 1868; x_wconf 90' lang='lat' dir='ltr'><strong>illuminatio</strong></span> <span class='ocrx_word' id='word_1_240' title='bbox 1353 1815 1596 1872; x_wconf 65' lang='lat' dir='ltr'><strong>scientiae</strong></span> <span class='ocrx_word' id='word_1_241' title='bbox 1618 1819 1891 1876; x_wconf 82' lang='lat' dir='ltr'><strong>claritatis</strong></span> <span class='ocrx_word' id='word_1_242' title='bbox 1918 1819 2088 1876; x_wconf 88' lang='lat' dir='ltr'><strong>Evan-</strong></span> 
     </span>
    </p>
   </div>
   <div class='ocr_carea' id='block_1_35' title="bbox 2194 1793 3782 1895">
    <p class='ocr_par' dir='ltr' id='par_1_35' title="bbox 2198 1793 3782 1895">
     <span class='ocr_line' id='line_1_35' title="bbox 2198 1793 3782 1895; baseline 0.001 -20"><span class='ocrx_word' id='word_1_243' title='bbox 2198 1822 2346 1885; x_wconf 84' lang='grc' dir='ltr'>θείας</span> <span class='ocrx_word' id='word_1_244' title='bbox 2366 1862 2383 1887; x_wconf 88' lang='grc'><strong>,</strong></span> <span class='ocrx_word' id='word_1_245' title='bbox 2422 1816 2483 1877; x_wconf 78' lang='grc' dir='ltr'><strong>οῦ</strong></span> <span class='ocrx_word' id='word_1_246' title='bbox 2509 1793 2715 1891; x_wconf 75' lang='grc' dir='ltr'>γένοιτο</span> <span class='ocrx_word' id='word_1_247' title='bbox 2748 1793 2956 1887; x_wconf 78' lang='grc' dir='ltr'>πάντας</span> <span class='ocrx_word' id='word_1_248' title='bbox 2977 1793 3148 1895; x_wconf 67' lang='grc' dir='ltr'><strong>⁷ἡμᾶς</strong></span> <span class='ocrx_word' id='word_1_249' title='bbox 3194 1793 3488 1894; x_wconf 73' lang='grc' dir='ltr'>άέιωθῆναι</span> <span class='ocrx_word' id='word_1_250' title='bbox 3516 1865 3533 1888; x_wconf 84' lang='lat'><strong>,</strong></span> <span class='ocrx_word' id='word_1_251' title='bbox 3559 1793 3782 1893; x_wconf 31' lang='grc' dir='ltr'>’.εὐχαῖς</span> 
     </span>
    </p>
   </div>
   <div class='ocr_carea' id='block_1_36' title="bbox 517 1891 2088 1987">
    <p class='ocr_par' dir='ltr' id='par_1_36' title="bbox 517 1891 2088 1966">
     <span class='ocr_line' id='line_1_36' title="bbox 517 1891 2088 1966; baseline 0.014 -22"><span class='ocrx_word' id='word_1_252' title='bbox 517 1892 641 1961; x_wconf 87' lang='lat' dir='ltr'><strong>gelii</strong></span> <span class='ocrx_word' id='word_1_253' title='bbox 668 1891 800 1949; x_wconf 83' lang='lat' dir='ltr'><strong>Jesu</strong></span> <span class='ocrx_word' id='word_1_254' title='bbox 839 1896 1043 1953; x_wconf 86' lang='lat' dir='ltr'><strong>Christi</strong></span> <span class='ocrx_word' id='word_1_255' title='bbox 1077 1901 1291 1958; x_wconf 78' lang='lat' dir='ltr'><strong>refulsit</strong></span> <span class='ocrx_word' id='word_1_256' title='bbox 1311 1903 1379 1958; x_wconf 65' lang='grc'><strong>’⁸.</strong></span> <span class='ocrx_word' id='word_1_257' title='bbox 1418 1905 1538 1960; x_wconf 88' lang='lat' dir='ltr'><strong>Non</strong></span> <span class='ocrx_word' id='word_1_258' title='bbox 1573 1908 1679 1964; x_wconf 91' lang='lat' dir='ltr'><strong>illis</strong></span> <span class='ocrx_word' id='word_1_259' title='bbox 1710 1912 2088 1966; x_wconf 86' lang='lat' dir='ltr'><strong>tantummodo</strong></span> 
     </span>
    </p>
   </div>
   <div class='ocr_carea' id='block_1_37' title="bbox 2194 1891 3778 1987">
    <p class='ocr_par' dir='ltr' id='par_1_37' title="bbox 2200 1891 3778 1987">
     <span class='ocr_line' id='line_1_37' title="bbox 2200 1891 3778 1987; baseline 0 -19"><span class='ocrx_word' id='word_1_260' title='bbox 2200 1913 2294 1968; x_wconf 72' lang='grc' dir='ltr'>καὶ</span> <span class='ocrx_word' id='word_1_261' title='bbox 2323 1913 2642 1985; x_wconf 90' lang='grc' dir='ltr'>πρεσϐείαις</span> <span class='ocrx_word' id='word_1_262' title='bbox 2688 1915 2798 1968; x_wconf 87' lang='grc' dir='ltr'><strong>τῶν</strong></span> <span class='ocrx_word' id='word_1_263' title='bbox 2839 1891 3313 1986; x_wconf 70' lang='grc' dir='ltr'>μνημονευθὲντων</span> <span class='ocrx_word' id='word_1_264' title='bbox 3342 1891 3512 1984; x_wconf 81' lang='grc' dir='ltr'>ἁγίων</span> <span class='ocrx_word' id='word_1_265' title='bbox 3537 1955 3554 1982; x_wconf 92' lang='grc'><strong>,</strong></span> <span class='ocrx_word' id='word_1_266' title='bbox 3593 1891 3778 1987; x_wconf 82' lang='grc' dir='ltr'>χάριτι</span> 
     </span>
    </p>
   </div>
   <div class='ocr_carea' id='block_1_38' title="bbox 517 1983 2088 2078">
    <p class='ocr_par' dir='ltr' id='par_1_38' title="bbox 517 1983 2088 2071">
     <span class='ocr_line' id='line_1_38' title="bbox 517 1983 2088 2071; baseline 0.016 -38"><span class='ocrx_word' id='word_1_267' title='bbox 517 1983 746 2050; x_wconf 77' lang='lat' dir='ltr'><strong>gratiam</strong></span> <span class='ocrx_word' id='word_1_268' title='bbox 809 1987 1036 2059; x_wconf 88' lang='lat' dir='ltr'><strong>largitus</strong></span> <span class='ocrx_word' id='word_1_269' title='bbox 1088 2002 1174 2048; x_wconf 89' lang='lat' dir='ltr'><strong>est</strong></span> <span class='ocrx_word' id='word_1_270' title='bbox 1221 1993 1362 2052; x_wconf 89' lang='lat' dir='ltr'><strong>Deus</strong></span> <span class='ocrx_word' id='word_1_271' title='bbox 1403 2015 1416 2051; x_wconf 90' lang='lat'><strong>:</strong></span> <span class='ocrx_word' id='word_1_272' title='bbox 1457 2008 1728 2071; x_wconf 69' lang='lat' dir='ltr'><strong>praecepta</strong></span> <span class='ocrx_word' id='word_1_273' title='bbox 1776 2003 2088 2058; x_wconf 85' lang='lat' dir='ltr'><strong>communia</strong></span> 
     </span>
    </p>
   </div>
   <div class='ocr_carea' id='block_1_39' title="bbox 2194 1983 3781 2078">
    <p class='ocr_par' dir='ltr' id='par_1_39' title="bbox 2196 1983 3781 2078">
     <span class='ocr_line' id='line_1_39' title="bbox 2196 1983 3781 2078; baseline 0 -20"><span class='ocrx_word' id='word_1_274' title='bbox 2196 2005 2291 2059; x_wconf 83' lang='grc' dir='ltr'><strong>τοῦ</strong></span> <span class='ocrx_word' id='word_1_275' title='bbox 2320 1983 2524 2076; x_wconf 76' lang='grc' dir='ltr'>Κυρίου</span> <span class='ocrx_word' id='word_1_276' title='bbox 2557 2005 2713 2076; x_wconf 85' lang='grc' dir='ltr'>ήμῶν</span> <span class='ocrx_word' id='word_1_277' title='bbox 2753 1983 3196 2078; x_wconf 34' lang='grc' dir='ltr'>Ἰησοῦ-’Χριστοῦ</span> <span class='ocrx_word' id='word_1_278' title='bbox 3219 2045 3234 2071; x_wconf 90' lang='grc'><strong>,</strong></span> <span class='ocrx_word' id='word_1_279' title='bbox 3259 1999 3305 2074; x_wconf 84' lang='grc' dir='ltr'>ᾧ</span> <span class='ocrx_word' id='word_1_280' title='bbox 3333 2009 3366 2077; x_wconf 78' lang='grc' dir='ltr'>ἡ</span> <span class='ocrx_word' id='word_1_281' title='bbox 3393 1983 3522 2074; x_wconf 79' lang='grc' dir='ltr'>δόξα</span> <span class='ocrx_word' id='word_1_282' title='bbox 3571 1983 3678 2060; x_wconf 64' lang='lat' dir='ltr'><strong>atat</strong></span> <span class='ocrx_word' id='word_1_283' title='bbox 3713 2006 3781 2059; x_wconf 80' lang='grc' dir='ltr'><strong>τδ</strong></span> 
     </span>
    </p>
   </div>
   <div class='ocr_carea' id='block_1_40' title="bbox 515 2082 2088 2181">
    <p class='ocr_par' dir='ltr' id='par_1_40' title="bbox 515 2082 2086 2159">
     <span class='ocr_line' id='line_1_40' title="bbox 515 2082 2086 2159; baseline 0.014 -33"><span class='ocrx_word' id='word_1_284' title='bbox 515 2082 668 2147; x_wconf 67' lang='lat' dir='ltr'><strong>sunt,</strong></span> <span class='ocrx_word' id='word_1_285' title='bbox 723 2082 1036 2136; x_wconf 84' lang='lat' dir='ltr'><strong>communis</strong></span> <span class='ocrx_word' id='word_1_286' title='bbox 1083 2099 1304 2155; x_wconf 84' lang='lat' dir='ltr'><strong>quoque</strong></span> <span class='ocrx_word' id='word_1_287' title='bbox 1345 2088 1428 2144; x_wconf 81' lang='lat' dir='ltr'><strong>lex</strong></span> <span class='ocrx_word' id='word_1_288' title='bbox 1477 2105 1726 2158; x_wconf 89' lang='lat' dir='ltr'><strong>morum;</strong></span> <span class='ocrx_word' id='word_1_289' title='bbox 1789 2109 1930 2149; x_wconf 85' lang='lat' dir='ltr'><strong>unus</strong></span> <span class='ocrx_word' id='word_1_290' title='bbox 1982 2101 2086 2159; x_wconf 85' lang='lat' dir='ltr'><strong>est,</strong></span> 
     </span>
    </p>
   </div>
   <div class='ocr_carea' id='block_1_41' title="bbox 2194 2082 3523 2181">
    <p class='ocr_par' dir='ltr' id='par_1_41' title="bbox 2197 2095 3523 2181">
     <span class='ocr_line' id='line_1_41' title="bbox 2197 2095 3523 2181; baseline 0.002 -31"><span class='ocrx_word' id='word_1_291' title='bbox 2197 2096 2396 2166; x_wconf 85' lang='grc' dir='ltr'>κράτος</span> <span class='ocrx_word' id='word_1_292' title='bbox 2428 2097 2507 2160; x_wconf 87' lang='grc' dir='ltr'><strong>είς</strong></span> <span class='ocrx_word' id='word_1_293' title='bbox 2533 2097 2657 2160; x_wconf 80' lang='grc' dir='ltr'>τοὺς</span> <span class='ocrx_word' id='word_1_294' title='bbox 2682 2097 2884 2159; x_wconf 84' lang='grc' dir='ltr'>αίῶνας</span> <span class='ocrx_word' id='word_1_295' title='bbox 2907 2095 3017 2151; x_wconf 84' lang='grc' dir='ltr'>τῶν</span> <span class='ocrx_word' id='word_1_296' title='bbox 3050 2097 3282 2152; x_wconf 80' lang='grc' dir='ltr'>αἰώνων.</span> <span class='ocrx_word' id='word_1_297' title='bbox 3329 2098 3523 2181; x_wconf 70' lang='grc' dir='ltr'>Ἀμήν.</span> 
     </span>
    </p>
   </div>
   <div class='ocr_carea' id='block_1_42' title="bbox 515 2163 3778 2257">
    <p class='ocr_par' dir='ltr' id='par_1_42' title="bbox 515 2163 3778 2257">
     <span class='ocr_line' id='line_1_42' title="bbox 515 2163 3778 2257; baseline 0.008 -41"><span class='ocrx_word' id='word_1_298' title='bbox 515 2163 612 2231; x_wconf 89' lang='lat' dir='ltr'><strong>qui</strong></span> <span class='ocrx_word' id='word_1_299' title='bbox 677 2168 1014 2226; x_wconf 84' lang='lat' dir='ltr'><strong>certantibus</strong></span> <span class='ocrx_word' id='word_1_300' title='bbox 1078 2173 1326 2230; x_wconf 83' lang='lat' dir='ltr'><strong>laborum</strong></span> <span class='ocrx_word' id='word_1_301' title='bbox 1373 2181 1594 2248; x_wconf 59' lang='lat' dir='ltr'><strong>praemia</strong></span> <span class='ocrx_word' id='word_1_302' title='bbox 1640 2182 1943 2250; x_wconf 85' lang='lat' dir='ltr'><strong>distribuit,</strong></span> <span class='ocrx_word' id='word_1_303' title='bbox 1986 2201 2154 2238; x_wconf 90' lang='lat' dir='ltr'><strong>unum</strong></span> <span class='ocrx_word' id='word_1_304' title='bbox 2190 2163 2440 2242; x_wconf 82' lang='lat' dir='ltr'><strong>veritatis</strong></span> <span class='ocrx_word' id='word_1_305' title='bbox 2484 2186 2791 2256; x_wconf 68' lang='lat' dir='ltr'><strong>praemium,</strong></span> <span class='ocrx_word' id='word_1_306' title='bbox 2836 2186 2997 2257; x_wconf 89' lang='lat' dir='ltr'><strong>cujus</strong></span> <span class='ocrx_word' id='word_1_307' title='bbox 3032 2187 3166 2242; x_wconf 79' lang='lat' dir='ltr'><strong>faxit</strong></span> <span class='ocrx_word' id='word_1_308' title='bbox 3207 2187 3372 2253; x_wconf 86' lang='lat' dir='ltr'><strong>Deus,</strong></span> <span class='ocrx_word' id='word_1_309' title='bbox 3399 2173 3474 2242; x_wconf 68' lang='grc' dir='ltr'><strong>ἰιι</strong></span> <span class='ocrx_word' id='word_1_310' title='bbox 3515 2204 3616 2245; x_wconf 89' lang='lat' dir='ltr'><strong>nos</strong></span> <span class='ocrx_word' id='word_1_311' title='bbox 3653 2205 3778 2243; x_wconf 85' lang='lat' dir='ltr'><strong>om-</strong></span> 
     </span>
    </p>
   </div>
   <div class='ocr_carea' id='block_1_43' title="bbox 516 2253 3777 2348">
    <p class='ocr_par' dir='ltr' id='par_1_43' title="bbox 516 2253 3777 2348">
     <span class='ocr_line' id='line_1_43' title="bbox 516 2253 3777 2348; baseline 0.009 -42"><span class='ocrx_word' id='word_1_312' title='bbox 516 2267 617 2331; x_wconf 80' lang='lat' dir='ltr'><strong>nes</strong></span> <span class='ocrx_word' id='word_1_313' title='bbox 654 2253 803 2323; x_wconf 83' lang='lat' dir='ltr'><strong>digni</strong></span> <span class='ocrx_word' id='word_1_314' title='bbox 852 2257 1172 2327; x_wconf 82' lang='lat' dir='ltr'><strong>eﬂiciamur,</strong></span> <span class='ocrx_word' id='word_1_315' title='bbox 1207 2267 1465 2335; x_wconf 87' lang='lat' dir='ltr'><strong>precibus</strong></span> <span class='ocrx_word' id='word_1_316' title='bbox 1528 2282 1580 2325; x_wconf 92' lang='lat' dir='ltr'><strong>et</strong></span> <span class='ocrx_word' id='word_1_317' title='bbox 1629 2273 2124 2331; x_wconf 78' lang='lat' dir='ltr'><strong>intercessionibus</strong></span> <span class='ocrx_word' id='word_1_318' title='bbox 2200 2285 2542 2340; x_wconf 88' lang='lat' dir='ltr'><strong>sanctorum,</strong></span> <span class='ocrx_word' id='word_1_319' title='bbox 2611 2292 2849 2348; x_wconf 89' lang='lat' dir='ltr'><strong>quorum</strong></span> <span class='ocrx_word' id='word_1_320' title='bbox 2909 2279 3228 2334; x_wconf 90' lang='lat' dir='ltr'><strong>memoriam</strong></span> <span class='ocrx_word' id='word_1_321' title='bbox 3287 2280 3662 2345; x_wconf 83' lang='lat' dir='ltr'><strong>celebramus,</strong></span> <span class='ocrx_word' id='word_1_322' title='bbox 3717 2291 3777 2336; x_wconf 87' lang='lat' dir='ltr'><strong>et</strong></span> 
     </span>
    </p>
   </div>
   <div class='ocr_carea' id='block_1_44' title="bbox 511 2348 3326 2437">
    <p class='ocr_par' dir='ltr' id='par_1_44' title="bbox 511 2348 3326 2437">
     <span class='ocr_line' id='line_1_44' title="bbox 511 2348 3326 2437; baseline 0.01 -40"><span class='ocrx_word' id='word_1_323' title='bbox 511 2348 688 2418; x_wconf 76' lang='lat' dir='ltr'><strong>gratia</strong></span> <span class='ocrx_word' id='word_1_324' title='bbox 737 2348 951 2404; x_wconf 90' lang='lat' dir='ltr'><strong>Domini</strong></span> <span class='ocrx_word' id='word_1_325' title='bbox 1003 2356 1178 2409; x_wconf 84' lang='lat' dir='ltr'><strong>nostri</strong></span> <span class='ocrx_word' id='word_1_326' title='bbox 1212 2355 1343 2413; x_wconf 83' lang='lat' dir='ltr'><strong>Jesu</strong></span> <span class='ocrx_word' id='word_1_327' title='bbox 1395 2357 1626 2426; x_wconf 89' lang='lat' dir='ltr'><strong>Christi,</strong></span> <span class='ocrx_word' id='word_1_328' title='bbox 1677 2365 1767 2419; x_wconf 91' lang='lat' dir='ltr'><strong>cui</strong></span> <span class='ocrx_word' id='word_1_329' title='bbox 1812 2366 1985 2435; x_wconf 88' lang='lat' dir='ltr'><strong>gloria</strong></span> <span class='ocrx_word' id='word_1_330' title='bbox 2031 2375 2085 2421; x_wconf 93' lang='lat' dir='ltr'><strong>et</strong></span> <span class='ocrx_word' id='word_1_331' title='bbox 2123 2369 2366 2437; x_wconf 86' lang='lat' dir='ltr'><strong>potentia</strong></span> <span class='ocrx_word' id='word_1_332' title='bbox 2405 2369 2462 2423; x_wconf 90' lang='lat' dir='ltr'><strong>in</strong></span> <span class='ocrx_word' id='word_1_333' title='bbox 2502 2369 2704 2424; x_wconf 76' lang='lat' dir='ltr'><strong>saecula</strong></span> <span class='ocrx_word' id='word_1_334' title='bbox 2738 2371 3086 2425; x_wconf 82' lang='lat' dir='ltr'><strong>saeculorum.</strong></span> <span class='ocrx_word' id='word_1_335' title='bbox 3131 2371 3326 2425; x_wconf 86' lang='lat' dir='ltr'><strong>Amen.</strong></span> 
     </span>
    </p>
   </div>
   <div class='ocr_carea' id='block_1_45' title="bbox 513 2504 1125 2600">
    <p class='ocr_par' dir='ltr' id='par_1_45' title="bbox 513 2504 1125 2600">
     <span class='ocr_line' id='line_1_45' title="bbox 513 2504 1125 2600; baseline 0.015 -24"><span class='ocrx_word' id='word_1_336' title='bbox 513 2504 522 2600; x_wconf 9' lang='grc' dir='ltr'><strong>γ</strong></span> <span class='ocrx_word' id='word_1_337' title='bbox 583 2522 631 2555; x_wconf 62' lang='grc'><strong>’⁵</strong></span> <span class='ocrx_word' id='word_1_338' title='bbox 659 2522 701 2578; x_wconf 84' lang='lat' dir='ltr'><strong>ll</strong></span> <span class='ocrx_word' id='word_1_339' title='bbox 730 2525 856 2581; x_wconf 91' lang='lat' dir='ltr'><strong>Cor.</strong></span> <span class='ocrx_word' id='word_1_340' title='bbox 885 2543 956 2594; x_wconf 83' lang='lat' dir='ltr'><strong>Iv,</strong></span> <span class='ocrx_word' id='word_1_341' title='bbox 982 2529 1037 2592; x_wconf 75' lang='grc'>4,</span> <span class='ocrx_word' id='word_1_342' title='bbox 1070 2528 1125 2586; x_wconf 87' lang='grc'><strong>6.</strong></span> 
     </span>
    </p>
   </div>
   <div class='ocr_carea' id='block_1_46' title="bbox 586 2677 3765 2770">
    <p class='ocr_par' dir='ltr' id='par_1_46' title="bbox 586 2677 3765 2770">
     <span class='ocr_line' id='line_1_46' title="bbox 586 2677 3765 2770; baseline 0.007 -39"><span class='ocrx_word' id='word_1_343' title='bbox 586 2678 698 2750; x_wconf 74' lang='lat'><strong>(22)</strong></span> <span class='ocrx_word' id='word_1_344' title='bbox 737 2677 794 2735; x_wconf 86' lang='lat' dir='ltr'><strong>In</strong></span> <span class='ocrx_word' id='word_1_345' title='bbox 842 2683 946 2736; x_wconf 88' lang='lat' dir='ltr'><strong>alia</strong></span> <span class='ocrx_word' id='word_1_346' title='bbox 988 2684 1149 2755; x_wconf 85' lang='lat' dir='ltr'><strong>hujus</strong></span> <span class='ocrx_word' id='word_1_347' title='bbox 1197 2686 1462 2742; x_wconf 86' lang='lat' dir='ltr'><strong>orationis</strong></span> <span class='ocrx_word' id='word_1_348' title='bbox 1495 2688 1750 2753; x_wconf 89' lang='lat' dir='ltr'><strong>editione,</strong></span> <span class='ocrx_word' id='word_1_349' title='bbox 1784 2707 1906 2760; x_wconf 70' lang='lat' dir='ltr'><strong>qure</strong></span> <span class='ocrx_word' id='word_1_350' title='bbox 1960 2693 2189 2748; x_wconf 85' lang='lat' dir='ltr'><strong>habetur</strong></span> <span class='ocrx_word' id='word_1_351' title='bbox 2221 2694 2274 2746; x_wconf 92' lang='lat' dir='ltr'><strong>in</strong></span> <span class='ocrx_word' id='word_1_352' title='bbox 2317 2711 2422 2750; x_wconf 60' lang='lat' dir='ltr'><strong>une</strong></span> <span class='ocrx_word' id='word_1_353' title='bbox 2457 2695 2703 2754; x_wconf 85' lang='lat' dir='ltr'><strong>Vaticani</strong></span> <span class='ocrx_word' id='word_1_354' title='bbox 2751 2700 2961 2755; x_wconf 89' lang='lat' dir='ltr'><strong>codicis</strong></span> <span class='ocrx_word' id='word_1_355' title='bbox 2995 2699 3214 2770; x_wconf 83' lang='lat' dir='ltr'><strong>legitur,</strong></span> <span class='ocrx_word' id='word_1_356' title='bbox 3276 2680 3353 2766; x_wconf 74' lang='grc' dir='ltr'>ὧς</span> <span class='ocrx_word' id='word_1_357' title='bbox 3395 2700 3478 2754; x_wconf 72' lang='grc' dir='ltr'>ἑνὶ</span> <span class='ocrx_word' id='word_1_358' title='bbox 3537 2699 3765 2754; x_wconf 80' lang='grc' dir='ltr'>τούτων.</span> 
     </span>
    </p>
   </div>
   <div class='ocr_carea' id='block_1_47' title="bbox 528 2867 3746 2927">
    <p class='ocr_par' dir='ltr' id='par_1_47' title="bbox 528 2867 3746 2927">
     <span class='ocr_line' id='line_1_47' title="bbox 528 2867 3746 2927; baseline 0.009 -29"><span class='ocrx_word' id='word_1_359' title='bbox 528 2867 3746 2927; x_wconf 55' lang='lat' dir='ltr'><em>W</em></span> 
     </span>
    </p>
   </div>
   <div class='ocr_carea' id='block_1_48' title="bbox 1947 3220 2312 3278">
    <p class='ocr_par' dir='ltr' id='par_1_48' title="bbox 1947 3220 2312 3278">
     <span class='ocr_line' id='line_1_48' title="bbox 1947 3220 2312 3278; baseline 0.008 -3"><span class='ocrx_word' id='word_1_360' title='bbox 1947 3220 2312 3278; x_wconf 79' lang='grc' dir='ltr'><strong>ΕΓΚΩΜΙΟΝ</strong></span> 
     </span>
    </p>
   </div>
   <div class='ocr_carea' id='block_1_49' title="bbox 685 3377 3585 3521">
    <p class='ocr_par' dir='ltr' id='par_1_49' title="bbox 685 3377 3585 3521">
     <span class='ocr_line' id='line_1_49' title="bbox 685 3377 3585 3521; baseline 0.011 -33"><span class='ocrx_word' id='word_1_361' title='bbox 685 3377 924 3492; x_wconf 89' lang='grc' dir='ltr'><strong>ΕΙΣ</strong></span> <span class='ocrx_word' id='word_1_362' title='bbox 991 3378 1291 3496; x_wconf 88' lang='grc' dir='ltr'><strong>ΤΟΝ</strong></span> <span class='ocrx_word' id='word_1_363' title='bbox 1365 3385 1896 3503; x_wconf 89' lang='grc' dir='ltr'><strong>ΜΕΓΑΝ</strong></span> <span class='ocrx_word' id='word_1_364' title='bbox 1953 3391 2649 3521; x_wconf 83' lang='grc' dir='ltr'><strong>ΜΑΡΤΥΡΑ</strong></span> <span class='ocrx_word' id='word_1_365' title='bbox 2725 3398 3585 3520; x_wconf 85' lang='grc' dir='ltr'><strong>ΘΕΟΔΩΡΟΝ.</strong></span> 
     </span>
    </p>
   </div>
   <div class='ocr_carea' id='block_1_50' title="bbox 1833 3773 2465 3869">
    <p class='ocr_par' dir='ltr' id='par_1_50' title="bbox 1833 3773 2465 3869">
     <span class='ocr_line' id='line_1_50' title="bbox 1833 3773 2465 3869; baseline 0.008 -5"><span class='ocrx_word' id='word_1_366' title='bbox 1833 3773 2465 3869; x_wconf 88' lang='lat' dir='ltr'><strong>EJUSDEM</strong></span> 
     </span>
    </p>
   </div>
   <div class='ocr_carea' id='block_1_51' title="bbox 1755 3961 2500 4028">
    <p class='ocr_par' dir='ltr' id='par_1_51' title="bbox 1755 3961 2500 4028">
     <span class='ocr_line' id='line_1_51' title="bbox 1755 3961 2500 4028; baseline 0.007 -9"><span class='ocrx_word' id='word_1_367' title='bbox 1755 3961 2014 4023; x_wconf 73' lang='lat' dir='ltr'><strong>ORATIO</strong></span> <span class='ocrx_word' id='word_1_368' title='bbox 2062 3967 2500 4028; x_wconf 81' lang='lat' dir='ltr'><strong>LAUDATOBIA</strong></span> 
     </span>
    </p>
   </div>
   <div class='ocr_carea' id='block_1_52' title="bbox 493 4038 3651 4278">
    <p class='ocr_par' dir='ltr' id='par_1_52' title="bbox 493 4038 3651 4278">
     <span class='ocr_line' id='line_1_52' title="bbox 493 4038 3651 4278; baseline 0.011 -33"><span class='ocrx_word' id='word_1_369' title='bbox 493 4038 508 4225; x_wconf 68' lang='grc' dir='ltr'><strong>ί</strong></span> <span class='ocrx_word' id='word_1_370' title='bbox 586 4135 1114 4254; x_wconf 86' lang='lat' dir='ltr'><strong>SANCTI</strong></span> <span class='ocrx_word' id='word_1_371' title='bbox 1188 4137 1360 4256; x_wconf 87' lang='lat' dir='ltr'><strong>AC</strong></span> <span class='ocrx_word' id='word_1_372' title='bbox 1465 4142 1920 4260; x_wconf 86' lang='lat' dir='ltr'><strong>MAGNI</strong></span> <span class='ocrx_word' id='word_1_373' title='bbox 2030 4147 2790 4268; x_wconf 81' lang='lat' dir='ltr'><strong>MARTYRIS</strong></span> <span class='ocrx_word' id='word_1_374' title='bbox 2890 4157 3651 4278; x_wconf 83' lang='lat' dir='ltr'><strong>THEODORI-</strong></span> 
     </span>
    </p>
   </div>
   <div class='ocr_carea' id='block_1_53' title="bbox 1784 4366 2486 4436">
    <p class='ocr_par' dir='ltr' id='par_1_53' title="bbox 1784 4366 2486 4436">
     <span class='ocr_line' id='line_1_53' title="bbox 1784 4366 2486 4436; baseline 0.016 -20"><span class='ocrx_word' id='word_1_375' title='bbox 1784 4366 1972 4418; x_wconf 86' lang='lat' dir='ltr'><strong>Eodem</strong></span> <span class='ocrx_word' id='word_1_376' title='bbox 1996 4369 2161 4422; x_wconf 67' lang='lat' dir='ltr'><strong>Silano</strong></span> <span class='ocrx_word' id='word_1_377' title='bbox 2181 4374 2486 4436; x_wconf 82' lang='lat' dir='ltr'><strong>interprete.</strong></span> 
     </span>
    </p>
   </div>
   <div class='ocr_carea' id='block_1_54' title="bbox 571 4645 2088 4751">
    <p class='ocr_par' dir='ltr' id='par_1_54' title="bbox 571 4645 2080 4726">
     <span class='ocr_line' id='line_1_54' title="bbox 571 4645 2080 4726; baseline 0.013 -27"><span class='ocrx_word' id='word_1_378' title='bbox 571 4645 703 4710; x_wconf 83' lang='lat' dir='ltr'><strong>&#39;Vos,</strong></span> <span class='ocrx_word' id='word_1_379' title='bbox 765 4648 860 4717; x_wconf 92' lang='lat' dir='ltr'><strong>qui</strong></span> <span class='ocrx_word' id='word_1_380' title='bbox 890 4650 1125 4718; x_wconf 79' lang='lat' dir='ltr'><strong>populus</strong></span> <span class='ocrx_word' id='word_1_381' title='bbox 1157 4648 1387 4718; x_wconf 82' lang='lat' dir='ltr'><strong>Christi,</strong></span> <span class='ocrx_word' id='word_1_382' title='bbox 1440 4655 1534 4725; x_wconf 91' lang='lat' dir='ltr'><strong>qui</strong></span> <span class='ocrx_word' id='word_1_383' title='bbox 1576 4671 1705 4726; x_wconf 81' lang='lat' dir='ltr'><strong>grex</strong></span> <span class='ocrx_word' id='word_1_384' title='bbox 1741 4669 1965 4716; x_wconf 88' lang='lat' dir='ltr'><strong>sanctus</strong></span> <span class='ocrx_word' id='word_1_385' title='bbox 2015 4677 2080 4718; x_wconf 86' lang='lat' dir='ltr'><strong>ac</strong></span> 
     </span>
    </p>
   </div>
   <div class='ocr_carea' id='block_1_55' title="bbox 2194 4645 3756 4751">
    <p class='ocr_par' dir='ltr' id='par_1_55' title="bbox 2264 4668 3756 4751">
     <span class='ocr_line' id='line_1_55' title="bbox 2264 4668 3756 4751; baseline 0.008 -30"><span class='ocrx_word' id='word_1_386' title='bbox 2264 4668 2451 4739; x_wconf 83' lang='grc' dir='ltr'>Ὑμεῖς</span> <span class='ocrx_word' id='word_1_387' title='bbox 2495 4672 2524 4723; x_wconf 87' lang='grc' dir='ltr'><strong>ό</strong></span> <span class='ocrx_word' id='word_1_388' title='bbox 2559 4669 2653 4724; x_wconf 90' lang='grc' dir='ltr'><strong>τοῦ</strong></span> <span class='ocrx_word' id='word_1_389' title='bbox 2697 4672 2934 4744; x_wconf 76' lang='grc' dir='ltr'>Χριστοῦ</span> <span class='ocrx_word' id='word_1_390' title='bbox 2973 4674 3119 4740; x_wconf 84' lang='grc' dir='ltr'>λαὸς,</span> <span class='ocrx_word' id='word_1_391' title='bbox 3170 4677 3204 4748; x_wconf 79' lang='grc' dir='ltr'>ἡ</span> <span class='ocrx_word' id='word_1_392' title='bbox 3255 4678 3386 4747; x_wconf 89' lang='grc' dir='ltr'>άγία</span> <span class='ocrx_word' id='word_1_393' title='bbox 3427 4679 3664 4751; x_wconf 84' lang='grc' dir='ltr'>ποίμνη.</span> <span class='ocrx_word' id='word_1_394' title='bbox 3695 4680 3756 4734; x_wconf 81' lang='grc' dir='ltr'>τὸ</span> 
     </span>
    </p>
   </div>
   <div class='ocr_carea' id='block_1_56' title="bbox 497 4740 2088 4835">
    <p class='ocr_par' dir='ltr' id='par_1_56' title="bbox 497 4740 2076 4818">
     <span class='ocr_line' id='line_1_56' title="bbox 497 4740 2076 4818; baseline 0.011 -26"><span class='ocrx_word' id='word_1_395' title='bbox 497 4747 681 4809; x_wconf 81' lang='lat' dir='ltr'><strong>regale</strong></span> <span class='ocrx_word' id='word_1_396' title='bbox 707 4740 842 4793; x_wconf 85' lang='lat' dir='ltr'><strong>estis</strong></span> <span class='ocrx_word' id='word_1_397' title='bbox 864 4740 1253 4808; x_wconf 89' lang='lat' dir='ltr'><strong>sacerdotium,</strong></span> <span class='ocrx_word' id='word_1_398' title='bbox 1284 4745 1378 4812; x_wconf 91' lang='lat' dir='ltr'><strong>qui</strong></span> <span class='ocrx_word' id='word_1_399' title='bbox 1410 4748 1649 4818; x_wconf 86' lang='lat' dir='ltr'><strong>undique</strong></span> <span class='ocrx_word' id='word_1_400' title='bbox 1673 4760 1727 4805; x_wconf 90' lang='lat' dir='ltr'><strong>et</strong></span> <span class='ocrx_word' id='word_1_401' title='bbox 1757 4767 1824 4806; x_wconf 76' lang='lat' dir='ltr'><strong>ex</strong></span> <span class='ocrx_word' id='word_1_402' title='bbox 1849 4753 2076 4810; x_wconf 89' lang='lat' dir='ltr'><strong>urbibus</strong></span> 
     </span>
    </p>
   </div>
   <div class='ocr_carea' id='block_1_57' title="bbox 2194 4740 3754 4835">
    <p class='ocr_par' dir='ltr' id='par_1_57' title="bbox 2194 4740 3754 4835">
     <span class='ocr_line' id='line_1_57' title="bbox 2194 4740 3754 4835; baseline 0.008 -25"><span class='ocrx_word' id='word_1_403' title='bbox 2194 4758 2451 4825; x_wconf 62' lang='grc' dir='ltr'>βασίλειον</span> <span class='ocrx_word' id='word_1_404' title='bbox 2486 4740 2783 4830; x_wconf 74' lang='grc' dir='ltr'>ἱεράτευμα</span> <span class='ocrx_word' id='word_1_405' title='bbox 2805 4801 2821 4825; x_wconf 84' lang='grc'><strong>,</strong></span> <span class='ocrx_word' id='word_1_406' title='bbox 2847 4763 2898 4815; x_wconf 81' lang='lat' dir='ltr'><strong>oi</strong></span> <span class='ocrx_word' id='word_1_407' title='bbox 2929 4740 3262 4835; x_wconf 67' lang='grc' dir='ltr'>πανταχόόεν</span> <span class='ocrx_word' id='word_1_408' title='bbox 3301 4740 3537 4821; x_wconf 64' lang='grc' dir='ltr'>άστικοί</span> <span class='ocrx_word' id='word_1_409' title='bbox 3559 4740 3628 4821; x_wconf 44' lang='grc' dir='ltr'>τε,</span> <span class='ocrx_word' id='word_1_410' title='bbox 3654 4740 3754 4821; x_wconf 78' lang='grc' dir='ltr'>καὶ</span> 
     </span>
    </p>
   </div>
   <div class='ocr_carea' id='block_1_58' title="bbox 495 4831 2088 4924">
    <p class='ocr_par' dir='ltr' id='par_1_58' title="bbox 495 4831 2076 4912">
     <span class='ocr_line' id='line_1_58' title="bbox 495 4831 2076 4912; baseline 0.01 -30"><span class='ocrx_word' id='word_1_411' title='bbox 495 4838 554 4883; x_wconf 84' lang='lat' dir='ltr'><strong>et</strong></span> <span class='ocrx_word' id='word_1_412' title='bbox 582 4843 648 4883; x_wconf 82' lang='lat' dir='ltr'><strong>ex</strong></span> <span class='ocrx_word' id='word_1_413' title='bbox 679 4831 827 4898; x_wconf 81' lang='lat' dir='ltr'><strong>agris</strong></span> <span class='ocrx_word' id='word_1_414' title='bbox 850 4832 1169 4887; x_wconf 89' lang='lat' dir='ltr'><strong>catervatim</strong></span> <span class='ocrx_word' id='word_1_415' title='bbox 1203 4833 1569 4902; x_wconf 79' lang='lat' dir='ltr'><strong>conﬂuxistis,</strong></span> <span class='ocrx_word' id='word_1_416' title='bbox 1608 4841 1753 4896; x_wconf 91' lang='lat' dir='ltr'><strong>unde</strong></span> <span class='ocrx_word' id='word_1_417' title='bbox 1789 4842 1945 4912; x_wconf 82' lang='lat' dir='ltr'><strong>signo</strong></span> <span class='ocrx_word' id='word_1_418' title='bbox 1984 4845 2076 4898; x_wconf 88' lang='lat' dir='ltr'><strong>iti-</strong></span> 
     </span>
    </p>
   </div>
   <div class='ocr_carea' id='block_1_59' title="bbox 2194 4831 3752 4924">
    <p class='ocr_par' dir='ltr' id='par_1_59' title="bbox 2194 4831 3752 4924">
     <span class='ocr_line' id='line_1_59' title="bbox 2194 4831 3752 4924; baseline 0.007 -24"><span class='ocrx_word' id='word_1_419' title='bbox 2194 4850 2460 4916; x_wconf 67' lang='grc' dir='ltr'><strong>ίωριτικοὶ¹</strong></span> <span class='ocrx_word' id='word_1_420' title='bbox 2512 4851 2906 4921; x_wconf 71' lang='grc' dir='ltr'>συρρεύσαντες</span> <span class='ocrx_word' id='word_1_421' title='bbox 2963 4831 3156 4924; x_wconf 54' lang='grc' dir='ltr'>δῆμοι,</span> <span class='ocrx_word' id='word_1_422' title='bbox 3193 4855 3356 4910; x_wconf 84' lang='grc' dir='ltr'>πόθεν</span> <span class='ocrx_word' id='word_1_423' title='bbox 3399 4845 3652 4921; x_wconf 79' lang='grc' dir='ltr'>λαϐόντες</span> <span class='ocrx_word' id='word_1_424' title='bbox 3693 4855 3752 4911; x_wconf 75' lang='grc' dir='ltr'><strong>τὸ</strong></span> 
     </span>
    </p>
   </div>
   <div class='ocr_carea' id='block_1_60' title="bbox 498 4919 2088 5018">
    <p class='ocr_par' dir='ltr' id='par_1_60' title="bbox 498 4919 2076 5001">
     <span class='ocr_line' id='line_1_60' title="bbox 498 4919 2076 5001; baseline 0.01 -27"><span class='ocrx_word' id='word_1_425' title='bbox 498 4919 649 4976; x_wconf 89' lang='lat' dir='ltr'><strong>neris</strong></span> <span class='ocrx_word' id='word_1_426' title='bbox 679 4929 902 4992; x_wconf 88' lang='lat' dir='ltr'><strong>accepto</strong></span> <span class='ocrx_word' id='word_1_427' title='bbox 930 4923 994 4977; x_wconf 89' lang='lat' dir='ltr'><strong>ad</strong></span> <span class='ocrx_word' id='word_1_428' title='bbox 1031 4922 1175 4977; x_wconf 90' lang='lat' dir='ltr'><strong>hunc</strong></span> <span class='ocrx_word' id='word_1_429' title='bbox 1210 4939 1427 4980; x_wconf 89' lang='lat' dir='ltr'><strong>sacrum</strong></span> <span class='ocrx_word' id='word_1_430' title='bbox 1447 4928 1626 4984; x_wconf 91' lang='lat' dir='ltr'><strong>locum</strong></span> <span class='ocrx_word' id='word_1_431' title='bbox 1656 4933 1922 4988; x_wconf 88' lang='lat' dir='ltr'><strong>venistis?</strong></span> <span class='ocrx_word' id='word_1_432' title='bbox 1941 4934 2076 5001; x_wconf 85' lang='lat' dir='ltr'><strong>Quis</strong></span> 
     </span>
    </p>
   </div>
   <div class='ocr_carea' id='block_1_61' title="bbox 2194 4919 3752 5018">
    <p class='ocr_par' dir='ltr' id='par_1_61' title="bbox 2194 4919 3752 5018">
     <span class='ocr_line' id='line_1_61' title="bbox 2194 4919 3752 5018; baseline 0.008 -27"><span class='ocrx_word' id='word_1_433' title='bbox 2194 4938 2346 5010; x_wconf 73' lang='grc' dir='ltr'>τύνθη</span> <span class='ocrx_word' id='word_1_434' title='bbox 2356 4957 2430 5009; x_wconf 88' lang='grc' dir='ltr'><strong>μα</strong></span> <span class='ocrx_word' id='word_1_435' title='bbox 2457 4942 2554 5012; x_wconf 80' lang='grc' dir='ltr'>τῆς</span> <span class='ocrx_word' id='word_1_436' title='bbox 2579 4919 2719 5007; x_wconf 81' lang='grc' dir='ltr'>όδοῦ,</span> <span class='ocrx_word' id='word_1_437' title='bbox 2735 4944 2869 5014; x_wconf 82' lang='grc' dir='ltr'>πρὸς</span> <span class='ocrx_word' id='word_1_438' title='bbox 2893 4944 2984 4998; x_wconf 82' lang='grc' dir='ltr'><strong>τὸν</strong></span> <span class='ocrx_word' id='word_1_439' title='bbox 3016 4919 3157 5016; x_wconf 78' lang='grc' dir='ltr'>ίερὸν</span> <span class='ocrx_word' id='word_1_440' title='bbox 3180 4947 3364 5001; x_wconf 86' lang='grc' dir='ltr'>τοῦτον</span> <span class='ocrx_word' id='word_1_441' title='bbox 3393 4919 3752 5018; x_wconf 76' lang='grc' dir='ltr'>ἐδημαγωγήο</span> 
     </span>
    </p>
   </div>
   <div class='ocr_carea' id='block_1_62' title="bbox 497 5013 2088 5105">
    <p class='ocr_par' dir='ltr' id='par_1_62' title="bbox 497 5013 2074 5096">
     <span class='ocr_line' id='line_1_62' title="bbox 497 5013 2074 5096; baseline 0.015 -34"><span class='ocrx_word' id='word_1_442' title='bbox 497 5013 654 5069; x_wconf 85' lang='lat' dir='ltr'><strong>vobis</strong></span> <span class='ocrx_word' id='word_1_443' title='bbox 677 5013 784 5069; x_wconf 91' lang='lat' dir='ltr'><strong>huc</strong></span> <span class='ocrx_word' id='word_1_444' title='bbox 814 5015 1064 5071; x_wconf 86' lang='lat' dir='ltr'><strong>veniendi</strong></span> <span class='ocrx_word' id='word_1_445' title='bbox 1099 5016 1235 5073; x_wconf 87' lang='lat' dir='ltr'><strong>adeo</strong></span> <span class='ocrx_word' id='word_1_446' title='bbox 1260 5019 1459 5074; x_wconf 88' lang='lat' dir='ltr'><strong>seriam</strong></span> <span class='ocrx_word' id='word_1_447' title='bbox 1495 5037 1561 5077; x_wconf 89' lang='lat' dir='ltr'><strong>ac</strong></span> <span class='ocrx_word' id='word_1_448' title='bbox 1588 5025 1747 5093; x_wconf 92' lang='lat' dir='ltr'><strong>quasi</strong></span> <span class='ocrx_word' id='word_1_449' title='bbox 1803 5030 2074 5096; x_wconf 67' lang='lat' dir='ltr'><strong>praestitu-</strong></span> 
     </span>
    </p>
   </div>
   <div class='ocr_carea' id='block_1_63' title="bbox 2194 5013 3751 5105">
    <p class='ocr_par' dir='ltr' id='par_1_63' title="bbox 2194 5013 3751 5105">
     <span class='ocr_line' id='line_1_63' title="bbox 2194 5013 3751 5105; baseline 0.008 -24"><span class='ocrx_word' id='word_1_450' title='bbox 2194 5029 2306 5100; x_wconf 67' lang='grc' dir='ltr'>ὶητε</span> <span class='ocrx_word' id='word_1_451' title='bbox 2333 5031 2526 5099; x_wconf 81' lang='grc' dir='ltr'>τόπον;</span> <span class='ocrx_word' id='word_1_452' title='bbox 2554 5033 2650 5097; x_wconf 88' lang='grc' dir='ltr'>Τίς</span> <span class='ocrx_word' id='word_1_453' title='bbox 2683 5013 2810 5104; x_wconf 81' lang='grc' dir='ltr'>ὑμῖν</span> <span class='ocrx_word' id='word_1_454' title='bbox 2838 5035 2936 5105; x_wconf 81' lang='grc' dir='ltr'><strong>τῆς</strong></span> <span class='ocrx_word' id='word_1_455' title='bbox 2963 5013 3149 5090; x_wconf 82' lang='grc' dir='ltr'>ἐνθάδε</span> <span class='ocrx_word' id='word_1_456' title='bbox 3180 5013 3638 5092; x_wconf 42' lang='grc' dir='ltr'>σπουδαίαν-οὔτω</span> <span class='ocrx_word' id='word_1_457' title='bbox 3660 5013 3751 5093; x_wconf 75' lang='grc' dir='ltr'>καὶ</span> 
     </span>
    </p>
   </div>
   <div class='ocr_carea' id='block_1_64' title="bbox 485 5107 2088 5201">
    <p class='ocr_par' dir='ltr' id='par_1_64' title="bbox 485 5107 2074 5187">
     <span class='ocr_line' id='line_1_64' title="bbox 485 5107 2074 5187; baseline 0.01 -28"><span class='ocrx_word' id='word_1_458' title='bbox 485 5113 609 5159; x_wconf 74' lang='lat' dir='ltr'><strong>tam</strong></span> <span class='ocrx_word' id='word_1_459' title='bbox 645 5107 1028 5162; x_wconf 88' lang='lat' dir='ltr'><strong>necessitatem</strong></span> <span class='ocrx_word' id='word_1_460' title='bbox 1061 5107 1362 5178; x_wconf 79' lang='lat' dir='ltr'><strong>imposuit?</strong></span> <span class='ocrx_word' id='word_1_461' title='bbox 1411 5112 1632 5183; x_wconf 91' lang='lat' dir='ltr'><strong>llocque</strong></span> <span class='ocrx_word' id='word_1_462' title='bbox 1661 5123 1903 5187; x_wconf 87' lang='lat' dir='ltr'><strong>tempore</strong></span> <span class='ocrx_word' id='word_1_463' title='bbox 1957 5119 2074 5175; x_wconf 87' lang='lat' dir='ltr'><strong>hie-</strong></span> 
     </span>
    </p>
   </div>
   <div class='ocr_carea' id='block_1_65' title="bbox 2194 5107 3750 5201">
    <p class='ocr_par' dir='ltr' id='par_1_65' title="bbox 2194 5121 3750 5201">
     <span class='ocr_line' id='line_1_65' title="bbox 2194 5121 3750 5201; baseline 0.006 -29"><span class='ocrx_word' id='word_1_464' title='bbox 2194 5121 2558 5192; x_wconf 71' lang='grc' dir='ltr'>εμπρόθεσμον</span> <span class='ocrx_word' id='word_1_465' title='bbox 2584 5127 2589 5186; x_wconf 75' lang='grc' dir='ltr'><em>ξ</em></span> <span class='ocrx_word' id='word_1_466' title='bbox 2620 5123 2864 5195; x_wconf 85' lang='grc' dir='ltr'>ἀνάγκην</span> <span class='ocrx_word' id='word_1_467' title='bbox 2919 5125 3222 5197; x_wconf 83' lang='grc' dir='ltr'>ὲπέθηκεν;</span> <span class='ocrx_word' id='word_1_468' title='bbox 3267 5129 3361 5184; x_wconf 77' lang='grc' dir='ltr'><strong>καὶ</strong></span> <span class='ocrx_word' id='word_1_469' title='bbox 3410 5128 3582 5184; x_wconf 85' lang='grc' dir='ltr'>ταῦτα</span> <span class='ocrx_word' id='word_1_470' title='bbox 3632 5128 3750 5201; x_wconf 75' lang='grc' dir='ltr'><strong>ὥρᾳ</strong></span> 
     </span>
    </p>
   </div>
   <div class='ocr_carea' id='block_1_66' title="bbox 453 5195 2068 5269">
    <p class='ocr_par' dir='ltr' id='par_1_66' title="bbox 453 5195 2068 5269">
     <span class='ocr_line' id='line_1_66' title="bbox 453 5195 2068 5269; baseline 0.009 -21"><span class='ocrx_word' id='word_1_471' title='bbox 453 5225 456 5228; x_wconf 83' lang='lat'><strong><em>~</em></strong></span> <span class='ocrx_word' id='word_1_472' title='bbox 486 5195 627 5258; x_wconf 78' lang='lat' dir='ltr'><strong>.mis,</strong></span> <span class='ocrx_word' id='word_1_473' title='bbox 660 5211 771 5265; x_wconf 90' lang='lat' dir='ltr'><strong>quo</strong></span> <span class='ocrx_word' id='word_1_474' title='bbox 804 5204 858 5251; x_wconf 89' lang='lat' dir='ltr'><strong>et</strong></span> <span class='ocrx_word' id='word_1_475' title='bbox 885 5211 915 5251; x_wconf 88' lang='lat' dir='ltr'><strong>a</strong></span> <span class='ocrx_word' id='word_1_476' title='bbox 946 5198 1087 5253; x_wconf 90' lang='lat' dir='ltr'><strong>bello</strong></span> <span class='ocrx_word' id='word_1_477' title='bbox 1119 5200 1276 5269; x_wconf 90' lang='lat' dir='ltr'><strong>quies</strong></span> <span class='ocrx_word' id='word_1_478' title='bbox 1302 5208 1408 5267; x_wconf 89' lang='lat' dir='ltr'><strong>est,</strong></span> <span class='ocrx_word' id='word_1_479' title='bbox 1439 5212 1493 5257; x_wconf 91' lang='lat' dir='ltr'><strong>et</strong></span> <span class='ocrx_word' id='word_1_480' title='bbox 1548 5205 1704 5261; x_wconf 90' lang='lat' dir='ltr'><strong>miles</strong></span> <span class='ocrx_word' id='word_1_481' title='bbox 1734 5216 2068 5264; x_wconf 83' lang='lat' dir='ltr'><strong>armaturam</strong></span> 
     </span>
    </p>
   </div>
   <div class='ocr_carea' id='block_1_67' title="bbox 498 5291 2068 5369">
    <p class='ocr_par' dir='ltr' id='par_1_67' title="bbox 498 5291 2068 5369">
     <span class='ocr_line' id='line_1_67' title="bbox 498 5291 2068 5369; baseline 0.011 -32"><span class='ocrx_word' id='word_1_482' title='bbox 498 5293 734 5350; x_wconf 80' lang='lat' dir='ltr'><strong>amovet,</strong></span> <span class='ocrx_word' id='word_1_483' title='bbox 763 5293 818 5342; x_wconf 87' lang='lat' dir='ltr'><strong>et</strong></span> <span class='ocrx_word' id='word_1_484' title='bbox 833 5297 996 5342; x_wconf 90' lang='lat' dir='ltr'><strong>nauta</strong></span> <span class='ocrx_word' id='word_1_485' title='bbox 1023 5291 1454 5360; x_wconf 89' lang='lat' dir='ltr'><strong>gubernaculum</strong></span> <span class='ocrx_word' id='word_1_486' title='bbox 1475 5310 1637 5366; x_wconf 85' lang='lat' dir='ltr'><strong>supra</strong></span> <span class='ocrx_word' id='word_1_487' title='bbox 1664 5296 1872 5353; x_wconf 79' lang='lat' dir='ltr'><strong>fumum</strong></span> <span class='ocrx_word' id='word_1_488' title='bbox 1899 5301 2068 5369; x_wconf 87' lang='lat' dir='ltr'><strong>ponit,</strong></span> 
     </span>
    </p>
   </div>
   <div class='ocr_carea' id='block_1_68' title="bbox 487 5378 2068 5462">
    <p class='ocr_par' dir='ltr' id='par_1_68' title="bbox 487 5378 2068 5462">
     <span class='ocr_line' id='line_1_68' title="bbox 487 5378 2068 5462; baseline 0.011 -30"><span class='ocrx_word' id='word_1_489' title='bbox 487 5383 552 5432; x_wconf 67' lang='lat' dir='ltr'><strong>&#39;et</strong></span> <span class='ocrx_word' id='word_1_490' title='bbox 579 5378 816 5447; x_wconf 89' lang='lat' dir='ltr'><strong>agricola</strong></span> <span class='ocrx_word' id='word_1_491' title='bbox 845 5391 1087 5439; x_wconf 78' lang='lat' dir='ltr'><strong>aratores</strong></span> <span class='ocrx_word' id='word_1_492' title='bbox 1113 5383 1280 5440; x_wconf 88' lang='lat' dir='ltr'><strong>boves</strong></span> <span class='ocrx_word' id='word_1_493' title='bbox 1303 5386 1656 5459; x_wconf 74' lang='lat' dir='ltr'><strong>inpraesepio</strong></span> <span class='ocrx_word' id='word_1_494' title='bbox 1681 5405 1887 5448; x_wconf 87' lang='lat' dir='ltr'><strong>curans</strong></span> <span class='ocrx_word' id='word_1_495' title='bbox 1915 5393 2068 5462; x_wconf 87' lang='lat' dir='ltr'><strong>quie-</strong></span> 
     </span>
    </p>
   </div>
   <div class='ocr_carea' id='block_1_69' title="bbox 498 5467 2064 5549">
    <p class='ocr_par' dir='ltr' id='par_1_69' title="bbox 498 5467 2064 5549">
     <span class='ocr_line' id='line_1_69' title="bbox 498 5467 2064 5549; baseline 0.009 -27"><span class='ocrx_word' id='word_1_496' title='bbox 498 5467 642 5522; x_wconf 84' lang='lat' dir='ltr'><strong>scit?</strong></span> <span class='ocrx_word' id='word_1_497' title='bbox 670 5469 754 5522; x_wconf 85' lang='lat' dir='ltr'><strong>An</strong></span> <span class='ocrx_word' id='word_1_498' title='bbox 791 5472 968 5540; x_wconf 88' lang='lat' dir='ltr'><strong>palam</strong></span> <span class='ocrx_word' id='word_1_499' title='bbox 992 5481 1095 5536; x_wconf 89' lang='lat' dir='ltr'><strong>est,</strong></span> <span class='ocrx_word' id='word_1_500' title='bbox 1125 5475 1272 5544; x_wconf 91' lang='lat' dir='ltr'><strong>quod</strong></span> <span class='ocrx_word' id='word_1_501' title='bbox 1303 5486 1530 5535; x_wconf 86' lang='lat' dir='ltr'><strong>sanctus</strong></span> <span class='ocrx_word' id='word_1_502' title='bbox 1558 5488 1766 5549; x_wconf 79' lang='lat' dir='ltr'><strong>martyr</strong></span> <span class='ocrx_word' id='word_1_503' title='bbox 1808 5498 1874 5536; x_wconf 84' lang='lat' dir='ltr'><strong>ex</strong></span> <span class='ocrx_word' id='word_1_504' title='bbox 1926 5483 2064 5536; x_wconf 69' lang='lat' dir='ltr'><strong>mili-</strong></span> 
     </span>
    </p>
   </div>
   <div class='ocr_carea' id='block_1_70' title="bbox 499 5559 2069 5631">
    <p class='ocr_par' dir='ltr' id='par_1_70' title="bbox 499 5559 2069 5631">
     <span class='ocr_line' id='line_1_70' title="bbox 499 5559 2069 5631; baseline 0.01 -18"><span class='ocrx_word' id='word_1_505' title='bbox 499 5559 712 5615; x_wconf 87' lang='lat' dir='ltr'><strong>taribus</strong></span> <span class='ocrx_word' id='word_1_506' title='bbox 735 5561 1018 5620; x_wconf 88' lang='lat' dir='ltr'><strong>ordinibus</strong></span> <span class='ocrx_word' id='word_1_507' title='bbox 1043 5565 1169 5619; x_wconf 88' lang='lat' dir='ltr'><strong>tuba</strong></span> <span class='ocrx_word' id='word_1_508' title='bbox 1193 5567 1410 5631; x_wconf 91' lang='lat' dir='ltr'><strong>cecinit,</strong></span> <span class='ocrx_word' id='word_1_509' title='bbox 1433 5577 1487 5625; x_wconf 92' lang='lat' dir='ltr'><strong>et</strong></span> <span class='ocrx_word' id='word_1_510' title='bbox 1525 5573 1724 5626; x_wconf 87' lang='lat' dir='ltr'><strong>multos</strong></span> <span class='ocrx_word' id='word_1_511' title='bbox 1746 5587 1811 5626; x_wconf 83' lang='lat' dir='ltr'><strong>ex</strong></span> <span class='ocrx_word' id='word_1_512' title='bbox 1839 5573 2069 5628; x_wconf 84' lang='lat' dir='ltr'><strong>diversis</strong></span> 
     </span>
    </p>
   </div>
   <div class='ocr_carea' id='block_1_71' title="bbox 495 5653 2066 5731">
    <p class='ocr_par' dir='ltr' id='par_1_71' title="bbox 495 5653 2066 5731">
     <span class='ocr_line' id='line_1_71' title="bbox 495 5653 2066 5731; baseline 0.01 -24"><span class='ocrx_word' id='word_1_513' title='bbox 495 5653 811 5721; x_wconf 67' lang='lat' dir='ltr'><strong>regionibus</strong></span> <span class='ocrx_word' id='word_1_514' title='bbox 833 5658 1098 5712; x_wconf 78' lang='lat' dir='ltr'><strong>excitatos</strong></span> <span class='ocrx_word' id='word_1_515' title='bbox 1119 5658 1185 5712; x_wconf 90' lang='lat' dir='ltr'><strong>ad</strong></span> <span class='ocrx_word' id='word_1_516' title='bbox 1212 5674 1324 5714; x_wconf 66' lang='lat' dir='ltr'><strong>suae</strong></span> <span class='ocrx_word' id='word_1_517' title='bbox 1363 5662 1620 5731; x_wconf 88' lang='lat' dir='ltr'><strong>requietis</strong></span> <span class='ocrx_word' id='word_1_518' title='bbox 1665 5664 1844 5718; x_wconf 90' lang='lat' dir='ltr'><strong>locum</strong></span> <span class='ocrx_word' id='word_1_519' title='bbox 1875 5679 1938 5720; x_wconf 90' lang='lat' dir='ltr'><strong>ac</strong></span> <span class='ocrx_word' id='word_1_520' title='bbox 1976 5681 2066 5722; x_wconf 59' lang='lat' dir='ltr'><strong>se.</strong></span> 
     </span>
    </p>
   </div>
   <div class='ocr_carea' id='block_1_72' title="bbox 499 5743 2064 5828">
    <p class='ocr_par' dir='ltr' id='par_1_72' title="bbox 499 5743 2064 5828">
     <span class='ocr_line' id='line_1_72' title="bbox 499 5743 2064 5828; baseline 0.006 -27"><span class='ocrx_word' id='word_1_521' title='bbox 499 5743 622 5801; x_wconf 79' lang='lat' dir='ltr'><strong>dem</strong></span> <span class='ocrx_word' id='word_1_522' title='bbox 654 5749 886 5816; x_wconf 80' lang='lat' dir='ltr'><strong>vocavit,</strong></span> <span class='ocrx_word' id='word_1_523' title='bbox 909 5766 1016 5806; x_wconf 90' lang='lat' dir='ltr'><strong>non</strong></span> <span class='ocrx_word' id='word_1_524' title='bbox 1041 5751 1104 5806; x_wconf 84' lang='lat' dir='ltr'><strong>ad</strong></span> <span class='ocrx_word' id='word_1_525' title='bbox 1126 5751 1385 5808; x_wconf 87' lang='lat' dir='ltr'><strong>bellicum</strong></span> <span class='ocrx_word' id='word_1_526' title='bbox 1422 5755 1697 5816; x_wconf 78' lang='lat' dir='ltr'><strong>instruens</strong></span> <span class='ocrx_word' id='word_1_527' title='bbox 1719 5765 2064 5828; x_wconf 83' lang='lat' dir='ltr'><strong>apparatum,</strong></span> 
     </span>
    </p>
   </div>
   <div class='ocr_carea' id='block_1_73' title="bbox 2177 5213 3750 5291">
    <p class='ocr_par' dir='ltr' id='par_1_73' title="bbox 2177 5213 3750 5291">
     <span class='ocr_line' id='line_1_73' title="bbox 2177 5213 3750 5291; baseline 0.006 -26"><span class='ocrx_word' id='word_1_528' title='bbox 2177 5213 2469 5284; x_wconf 85' lang='grc' dir='ltr'>χειμῶνος,</span> <span class='ocrx_word' id='word_1_529' title='bbox 2501 5215 2664 5285; x_wconf 79' lang='grc' dir='ltr'>ἡνίκα</span> <span class='ocrx_word' id='word_1_530' title='bbox 2694 5217 2786 5270; x_wconf 76' lang='grc' dir='ltr'>καὶ</span> <span class='ocrx_word' id='word_1_531' title='bbox 2819 5217 3050 5288; x_wconf 88' lang='grc' dir='ltr'>πόλεμος</span> <span class='ocrx_word' id='word_1_532' title='bbox 3097 5220 3331 5291; x_wconf 85' lang='grc' dir='ltr'>ἠρεμεῖ,</span> <span class='ocrx_word' id='word_1_533' title='bbox 3362 5221 3456 5275; x_wconf 78' lang='grc' dir='ltr'><strong>καὶ</strong></span> <span class='ocrx_word' id='word_1_534' title='bbox 3488 5219 3750 5291; x_wconf 65' lang='grc' dir='ltr'>στρατιώει</span> 
     </span>
    </p>
   </div>
   <div class='ocr_carea' id='block_1_74' title="bbox 2175 5305 3749 5382">
    <p class='ocr_par' dir='ltr' id='par_1_74' title="bbox 2175 5305 3749 5382">
     <span class='ocr_line' id='line_1_74' title="bbox 2175 5305 3749 5382; baseline 0.004 -25"><span class='ocrx_word' id='word_1_535' title='bbox 2175 5321 2274 5375; x_wconf 90' lang='grc' dir='ltr'><strong>της</strong></span> <span class='ocrx_word' id='word_1_536' title='bbox 2306 5305 2405 5376; x_wconf 86' lang='grc' dir='ltr'><strong>τὴν</strong></span> <span class='ocrx_word' id='word_1_537' title='bbox 2434 5307 2730 5361; x_wconf 87' lang='grc' dir='ltr'>πανοπλίαν</span> <span class='ocrx_word' id='word_1_538' title='bbox 2757 5309 3209 5374; x_wconf 79' lang='grc' dir='ltr'>ἁποσκευάζεται,</span> <span class='ocrx_word' id='word_1_539' title='bbox 3242 5311 3336 5364; x_wconf 70' lang='grc' dir='ltr'><strong>καὶ</strong></span> <span class='ocrx_word' id='word_1_540' title='bbox 3363 5310 3586 5382; x_wconf 77' lang='grc' dir='ltr'>πλωτὴρ</span> <span class='ocrx_word' id='word_1_541' title='bbox 3609 5311 3749 5381; x_wconf 82' lang='grc' dir='ltr'>ὑπὲρ</span> 
     </span>
    </p>
   </div>
   <div class='ocr_carea' id='block_1_75' title="bbox 2175 5395 3747 5473">
    <p class='ocr_par' dir='ltr' id='par_1_75' title="bbox 2175 5395 3747 5473">
     <span class='ocr_line' id='line_1_75' title="bbox 2175 5395 3747 5473; baseline 0.003 -24"><span class='ocrx_word' id='word_1_542' title='bbox 2175 5395 2382 5450; x_wconf 80' lang='grc' dir='ltr'>καπνοῦ</span> <span class='ocrx_word' id='word_1_543' title='bbox 2426 5397 2604 5468; x_wconf 84' lang='grc' dir='ltr'>τίθησι</span> <span class='ocrx_word' id='word_1_544' title='bbox 2635 5399 2695 5451; x_wconf 79' lang='grc' dir='ltr'>τὸ</span> <span class='ocrx_word' id='word_1_545' title='bbox 2731 5399 2987 5468; x_wconf 84' lang='grc' dir='ltr'>πηδάλιον</span> <span class='ocrx_word' id='word_1_546' title='bbox 3009 5442 3024 5466; x_wconf 87' lang='grc'><strong>,</strong></span> <span class='ocrx_word' id='word_1_547' title='bbox 3069 5400 3164 5453; x_wconf 59' lang='grc' dir='ltr'><strong>καὶ¹</strong></span> <span class='ocrx_word' id='word_1_548' title='bbox 3213 5401 3458 5473; x_wconf 81' lang='grc' dir='ltr'>γεωγρὸς</span> <span class='ocrx_word' id='word_1_549' title='bbox 3487 5401 3747 5473; x_wconf 79' lang='grc' dir='ltr'>ἡσυχάζει</span> 
     </span>
    </p>
   </div>
   <div class='ocr_carea' id='block_1_76' title="bbox 2175 5485 3746 5560">
    <p class='ocr_par' dir='ltr' id='par_1_76' title="bbox 2175 5485 3746 5560">
     <span class='ocr_line' id='line_1_76' title="bbox 2175 5485 3746 5560; baseline 0.001 -21"><span class='ocrx_word' id='word_1_550' title='bbox 2175 5486 2298 5547; x_wconf 83' lang='grc' dir='ltr'>τοὺς</span> <span class='ocrx_word' id='word_1_551' title='bbox 2322 5485 2597 5557; x_wconf 84' lang='grc' dir='ltr'>ἀροτῆρας</span> <span class='ocrx_word' id='word_1_552' title='bbox 2631 5486 2758 5557; x_wconf 82' lang='grc' dir='ltr'>βοῦς</span> <span class='ocrx_word' id='word_1_553' title='bbox 2784 5487 3099 5559; x_wconf 86' lang='grc' dir='ltr'>θεραπεύων</span> <span class='ocrx_word' id='word_1_554' title='bbox 3138 5489 3231 5541; x_wconf 76' lang='grc' dir='ltr'><strong>ἐπὶ</strong></span> <span class='ocrx_word' id='word_1_555' title='bbox 3261 5492 3358 5559; x_wconf 82' lang='grc' dir='ltr'><strong>τῆς</strong></span> <span class='ocrx_word' id='word_1_556' title='bbox 3395 5489 3638 5560; x_wconf 84' lang='grc' dir='ltr'>φάτνης;</span> <span class='ocrx_word' id='word_1_557' title='bbox 3678 5489 3746 5541; x_wconf 86' lang='grc' dir='ltr'><em>Ἢ</em></span> 
     </span>
    </p>
   </div>
   <div class='ocr_carea' id='block_1_77' title="bbox 2182 5576 3746 5652">
    <p class='ocr_par' dir='ltr' id='par_1_77' title="bbox 2182 5576 3746 5652">
     <span class='ocr_line' id='line_1_77' title="bbox 2182 5576 3746 5652; baseline 0.001 -24"><span class='ocrx_word' id='word_1_558' title='bbox 2182 5576 2472 5647; x_wconf 78' lang='grc' dir='ltr'>πρόδηλον,</span> <span class='ocrx_word' id='word_1_559' title='bbox 2511 5578 2585 5640; x_wconf 86' lang='grc' dir='ltr'>ὡς</span> <span class='ocrx_word' id='word_1_560' title='bbox 2617 5578 2874 5632; x_wconf 79' lang='grc' dir='ltr'>ἐσάλπισε</span> <span class='ocrx_word' id='word_1_561' title='bbox 2922 5579 3019 5648; x_wconf 82' lang='grc' dir='ltr'><strong>μὲν</strong></span> <span class='ocrx_word' id='word_1_562' title='bbox 3069 5581 3132 5632; x_wconf 83' lang='grc' dir='ltr'>ἐκ</span> <span class='ocrx_word' id='word_1_563' title='bbox 3176 5579 3285 5632; x_wconf 84' lang='grc' dir='ltr'>τῶν</span> <span class='ocrx_word' id='word_1_564' title='bbox 3342 5579 3746 5652; x_wconf 79' lang='grc' dir='ltr'>στρατιωτικῶν</span> 
     </span>
    </p>
   </div>
   <div class='ocr_carea' id='block_1_78' title="bbox 2177 5666 3746 5741">
    <p class='ocr_par' dir='ltr' id='par_1_78' title="bbox 2177 5666 3746 5741">
     <span class='ocr_line' id='line_1_78' title="bbox 2177 5666 3746 5741; baseline 0.001 -21"><span class='ocrx_word' id='word_1_565' title='bbox 2177 5666 2485 5735; x_wconf 80' lang='grc' dir='ltr'>καταλόγων</span> <span class='ocrx_word' id='word_1_566' title='bbox 2531 5670 2560 5721; x_wconf 88' lang='grc' dir='ltr'><strong>ό</strong></span> <span class='ocrx_word' id='word_1_567' title='bbox 2599 5667 2752 5736; x_wconf 84' lang='grc' dir='ltr'>ἆγιος</span> <span class='ocrx_word' id='word_1_568' title='bbox 2785 5669 3025 5739; x_wconf 84' lang='grc' dir='ltr'>μάρτυς·</span> <span class='ocrx_word' id='word_1_569' title='bbox 3063 5671 3287 5741; x_wconf 83' lang='grc' dir='ltr'>κινήσας</span> <span class='ocrx_word' id='word_1_570' title='bbox 3316 5670 3373 5723; x_wconf 72' lang='grc' dir='ltr'>δὲ</span> <span class='ocrx_word' id='word_1_571' title='bbox 3423 5670 3647 5733; x_wconf 81' lang='grc' dir='ltr'>πολλοὺς</span> <span class='ocrx_word' id='word_1_572' title='bbox 3682 5671 3746 5722; x_wconf 78' lang='grc' dir='ltr'>ἐκ</span> 
     </span>
    </p>
   </div>
   <div class='ocr_carea' id='block_1_79' title="bbox 2174 5757 3746 5832">
    <p class='ocr_par' dir='ltr' id='par_1_79' title="bbox 2174 5757 3746 5832">
     <span class='ocr_line' id='line_1_79' title="bbox 2174 5757 3746 5832; baseline 0.001 -20"><span class='ocrx_word' id='word_1_573' title='bbox 2174 5757 2443 5830; x_wconf 81' lang='grc' dir='ltr'>διαφόρων</span> <span class='ocrx_word' id='word_1_574' title='bbox 2467 5758 2740 5830; x_wconf 83' lang='grc' dir='ltr'>πατρίδων</span> <span class='ocrx_word' id='word_1_575' title='bbox 2776 5757 2909 5830; x_wconf 73' lang='grc' dir='ltr'>πρὸς</span> <span class='ocrx_word' id='word_1_576' title='bbox 2937 5759 3033 5832; x_wconf 79' lang='grc' dir='ltr'>τὴν</span> <span class='ocrx_word' id='word_1_577' title='bbox 3063 5761 3267 5815; x_wconf 75' lang='grc' dir='ltr'>οἰκείαν</span> <span class='ocrx_word' id='word_1_578' title='bbox 3295 5761 3598 5816; x_wconf 76' lang='grc' dir='ltr'>ἀνάπαυσιν</span> <span class='ocrx_word' id='word_1_579' title='bbox 3652 5757 3746 5814; x_wconf 62' lang='grc' dir='ltr'>καὶ</span> 
     </span>
    </p>
   </div>
  </div>
