4132 6356
342 318 443 373 7:7
1462 311 1552 365 ns
1580 306 2044 365 summano
2079 305 2442 363 summa.
3493 290 3603 364 733‘

339 434 521 488 ἑστίαν
552 430 807 486 ἐκάλεσεν
826 472 840 497 ,
870 431 970 485 οὐκ
1015 447 1095 494 ε.ς
1123 430 1428 501 ,πολεμικὴν
1450 427 1783 499 εὐτρεπίςων
1810 443 1912 481 πα-

2028 426 2109 482 sed
2132 425 2199 480 ad
2225 424 2441 480 dulcem
2488 437 2551 478 ac
2587 423 2823 481 maxime
2875 422 3218 481 Christianos
3269 424 3459 496 utique
3506 425 3612 480 deis

341 522 631 594 ρασκευὴν,
675 520 810 575 ἀλλά
859 521 995 591 πρὸς
1026 521 1123 591 τὴν
1168 520 1423 589 γλυκεῖαν
1455 520 1550 572 καὶ
1592 518 1823 588 μάλιστα
1853 515 1917 587 δὴ

338 615 674 684 Χριπιανοίς
704 612 1016 683 πρέπουσαν
1044 611 1289 679 συνάγων
1320 611 1543 681 εἰρήνην
1561 626 1575 676 ;
1595 600 1764 671 Οὗτος
1785 606 1915 677 γὰρ,

338 702 413 765 ὡς
438 700 802 772 πιστεύομεν,
837 702 932 754 καὶ
980 699 1076 753 τοῦ
1133 698 1491 771 παρελθόντος
1533 696 1779 751 ἐνιαυτοῦ
1819 695 1919 767 τὴν

342 791 679 863 βαρϐαρικὴν
713 792 881 863 ζάλην
910 792 1156 863 ἐκοίμισε
1181 830 1197 854 ,
1241 792 1335 844 καὶ⁵
1375 792 1466 844 τὸν
1516 790 1762 862 φρικώδη
1807 789 1917 843 τῶν

339 886 545 956 ἀγρίων
575 883 796 937 Σκυθῶν
821 882 1013 952 ἔστησε
1041 883 1294 949 πόλεμον,
1311 882 1479 935 δεινὸν
1506 883 1686 944 αὐτοῖς
1714 882 1919 935 ἐπισεί-

343 994 440 1040 σας
476 977 569 1029 καὶ
613 974 839 1046 φοϐερὸν
887 974 989 1045 ήδη
1024 974 1375 1044 βλεπομένοις
1404 973 1499 1027 καὶ
1533 972 1915 1043 πλησιάσασιν,

339 1068 399 1121 οὐ
429 1068 626 1138 κράνος
648 1065 926 1137 τρίλοφον,
959 1065 1079 1118 οὐδὲ
1123 1063 1276 1133 ξίφος
1323 1057 1380 1115 εὗ
1416 1061 1776 1133 τεθηγμένον,
1826 1061 1917 1114 καὶ

341 1157 476 1229 πρὸς
499 1157 590 1211 τὸν
622 1156 769 1226 ἥλιον
799 1154 1121 1208 ἀποστίλϐον
1142 1193 1157 1215 ,
1189 1154 1324 1207 ἀλλὰ
1359 1152 1448 1205 τὸν
1474 1153 1797 1219 ἀλεξίκακον
1824 1152 1918 1205 καὶ⁵

341 1246 743 1315 παντοδύναμον
779 1245 1009 1316 σταυρὸν
1039 1244 1131 1298 τοῦ
1161 1242 1420 1315 Χριστοῦ,
1447 1242 1588 1313 ὑπὲρ
1615 1237 1674 1296 οὐ
1705 1242 1799 1295 καὶ
1828 1241 1918 1294 αὐ-

338 1339 428 1402 τὸς
451 1337 655 1403 παθὼν,
688 1337 785 1409 τὴν
814 1336 971 1400 δόξαν
1000 1334 1203 1406 ταύτην
1230 1336 1517 1405 ἐκτήσατο.
1559 1334 1669 1387 Καί
1703 1351 1791 1405 μοι
1814 1334 1917 1388 λοι-

339 1430 440 1482 πδν
471 1429 561 1481 τὸν
592 1428 715 1481 νοῦν
756 1427 1145 1497 ἐπιστήσαντες
1168 1426 1530 1496 διασκέψασθε
1555 1467 1570 1491 ,
1603 1430 1650 1480 οἱ
1688 1428 1786 1497 τῆς
1815 1446 1916 1482 κα-

339 1518 510 1589 θαρᾶς
526 1517 729 1586 ταύτης
758 1515 1052 1588 θρησκείας
1080 1517 1348 1587 ὑπηρέται
1373 1518 1466 1569 καὶ
1494 1518 1913 1589 φιλομάρτυρές,

338 1609 522 1680 ἡλίκον
548 1610 737 1679 χρῆμα
764 1609 1001 1673 δίκαιος,
1035 1608 1129 1661 καὶ
1168 1610 1307 1663 ὅσων
1340 1609 1584 1675 ἀξιοῦται
1618 1610 1725 1664 τῶν
1759 1612 1913 1681 ἀμοι-

344 1699 457 1751 ϐῶν
486 1698 632 1767 (τῶν
671 1698 977 1768 ἐγκοσμίων
1013 1714 1093 1763 τε,
1122 1697 1283 1766 λέγω,
1315 1700 1408 1753 καὶ
1435 1699 1543 1752 τῶν
1575 1701 1704 1771 παρ’
1744 1702 1876 1772 ἡμῖν
1898 1717 1912 1732 ο

2026 526 2237 573 centem
2281 530 2468 586 pacem
2512 516 2759 586 cogens?
2788 515 2895 571 ‘Hic
2952 518 3119 581 enim,
3176 524 3236 571 ut
3297 516 3602 581 Credimus,

2025 608 2187 664 etiam
2219 622 2365 661 anno
2406 608 2682 677 praeterito
2707 608 3049 663 barbaricam
3091 617 3465 679 tempestatem
3514 608 3607 665 se;

2024 698 2264 763 davit,et
2289 698 2620 754 horrendum
2638 698 2879 754 ferorum
2908 708 2962 754 et
3002 700 3316 754 immanium
3366 698 3600 772 Scythae

2025 807 2146 845 rum
2202 791 2405 846 bellum
2468 790 2703 845 inhibuit
2734 800 2908 861 atque
2958 793 3241 859 repressit,
3299 790 3601 848 terribilem

2026 892 2190 953 atque
2226 881 2623 937 formidabilem
2691 882 2799 937 illis
2854 882 2966 951 jam
3003 882 3139 937 visis
3193 890 3247 935 et
3304 883 3601 952 appropin—

2024 972 2321 1043 quantibus
2351 969 2649 1025 obvibrans
2683 986 2790 1024 non
2841 972 3049 1040 galeam
3092 971 3255 1024 trinis
3294 972 3482 1027 cristis
3547 979 3605 1026 et

2024 1064 2179 1119 conis
2208 1062 2500 1129 insignem,
2538 1076 2716 1131 neque
2746 1060 2986 1131 gladium
3016 1061 3152 1115 bene
3180 1068 3400 1115 acutum
3431 1068 3487 1115 et
3534 1062 3603 1115 ad

2024 1155 2194 1209 solem
2224 1152 2688 1222 resplendentem,
2719 1152 2813 1207 sed
2851 1152 3120 1205 malorum
3145 1152 3601 1222 propulsatricem

2023 1255 2077 1302 et
2104 1245 2534 1313 omnipotentem
2566 1257 2786 1297 crucem
2817 1243 3043 1305 Christi,
3074 1258 3173 1313 pro
3220 1258 3327 1313 qua
3372 1254 3427 1298 et
3487 1247 3609 1311 ipse

2026 1344 2254 1389 mortem
2320 1348 2618 1403 perpessus
2671 1333 2813 1386 hanc
2866 1332 3096 1403 gloriam
3147 1332 3457 1403 acquisivit.
3524 1334 3605 1387 Ae

2024 1426 2155 1480 mihi
2177 1425 2439 1495 deinceps
2470 1424 2715 1478 animum
2748 1424 3092 1478 attendentes
3123 1424 3603 1494 considerate,qui

2025 1517 2189 1585 hujus
2221 1516 2345 1586 puri
2408 1515 2589 1570 cultus
2620 1515 2857 1569 ministri
2893 1529 2957 1569 ac
3002 1522 3310 1586 martyrum
3370 1516 3604 1571 studiosi

2025 1608 2180 1670 estis,
2214 1614 2415 1677 quanta
2454 1621 2542 1661 res
2570 1607 2643 1659 sit
2665 1606 2869 1674 justus.
2903 1614 3179 1675 quamque
3229 1607 3429 1663 multas
3470 1621 3601 1661 con-

2025 1704 2285 1768 sequatur
2320 1697 2790 1752 remunerationes
2836 1690 3036 1766 (dedis
3066 1698 3263 1767 loquor
3282 1705 3606 1753 remunera—

338 1788 447 1843 τῶν
475 1788 584 1859 γάρ
616 1789 862 1857 ἀοράτων
899 1790 1073 1853 οὐδεὶς
1131 1791 1313 1854 ἱκανὸς
1346 1790 1661 1860 λογίσασθαι
1698 1792 1798 1861 τὴν
1829 1810 1924 1863 μεο

2028 1790 2289 1852 tionibus,
2318 1803 2440 1858 quae
2471 1788 2528 1842 in
2553 1786 2781 1851 mundo,
2806 1794 2863 1841 et
2888 1786 3035 1855 apud
3086 1802 3188 1842 nos
3232 1794 3602 1856 praestantur:

340 1877 776 1949 γαλοπρέπειαν)
804 1893 818 1907 ⁸
854 1879 947 1932 καὶ
990 1879 1322 1950 διορίσαντες
1360 1879 1450 1932 τὸν
1492 1880 1592 1950 τῆς
1641 1880 1919 1946 εὐσεϐείας

340 1970 570 2042 καρπὸν,
598 1969 873 2038 ζηλώσατε
899 1970 1006 2022 τῶν
1037 1968 1181 2023 οὕτω
1208 1970 1638 2040 προτιμωμένων
1660 1971 1759 2042 τὴν
1782 1972 1922 2041 γνὼ-

344 2078 472 2132 μην.
514 2061 917 2132 Ἐπιθυμήσατε
967 2060 1022 2114 δὲ
1059 2060 1168 2114 τῶν
1212 2060 1389 2129 γερῶν
1424 2060 1461 2113 ἃ
1504 2062 1734 2132 Χριστὸς
1785 2063 1921 2133 πρὸς

342 2152 495 2217 ἀξίαν
514 2152 756 2222 διανέμει
776 2154 888 2214 τοῖς
917 2152 1195 2221 ἀθληταῖς.
1232 2151 1339 2204 Καὶ
1358 2151 1518 2215 τέως,
1551 2153 1599 2204 εί
1622 2152 1788 2218 δοκεῖ,
1821 2153 1922 2222 τῆς

342 2242 690 2304 ἀπολαύσεως
713 2242 821 2295 τῶν
843 2241 1142 2311 μελλόντων
1170 2241 1389 2309 ἀγαθῶν
1426 2242 1823 2313 σχολαζούσης,
1854 2244 1921 2314 ἣν

342 2335 497 2397 ἐλπὶς
535 2334 711 2406 ἀγαθὴ
761 2334 1082 2404 ταμιεύεται
1130 2337 1243 2398 τοῖς
1294 2334 1560 2402 δικαίοις,
1601 2334 1760 2405 ήνίκα
1793 2336 1859 2388 ἂν
1894 2335 1922 2387 ὁ

342 2424 451 2475 τῶν
487 2424 771 2494 ἡμετέρων
813 2421 941 2493 βίων
969 2422 1227 2493 δικαστὴς
1258 2424 1581 2495 ἐπιφοιτήσῃ
1609 2463 1623 2488 ,
1653 2426 1750 2495 τὴν
1780 2441 1922 2487 παρ-

343 2514 506 2569 οῦσαν
546 2515 739 2584 ἴδωμεν
764 2514 873 2567 τῶν
901 2514 1071 2582 ἁγίων
1097 2514 1447 2579 κατάστασιν,
1482 2515 1630 2578 ὅπως
1662 2515 1921 2586 καλλίστη

344 2603 460 2655 ἐστὶ
492 2602 586 2655 καὶ
643 2602 1084 2672 μεγαλοπρεπής.
1111 2600 1272 2671 Ψυχὴ
1326 2602 1424 2672 μὲν
1480 2602 1584 2673 γὰρ
1628 2601 1922 2655 ἀνελθοῦσα

346 2692 474 2764 περὶ
508 2692 600 2745 τὸν
655 2691 784 2745 ίδιον
825 2690 1025 2763 κλῆρον
1058 2692 1425 2763 ἐμφιλοχωρεῖ
1447 2734 1463 2759 ,
1500 2694 1594 2747 καὶ¹
1618 2694 1923 2763 ἀσωμάτως

344 2787 454 2848 τοῖς
482 2784 687 2855 ὁμοίοις
746 2784 1143 2837 συνδιαιτᾶται·
1177 2784 1337 2855 σῶμα
1370 2784 1426 2836 δὲ
1479 2785 1541 2837 τὸ
1584 2785 1780 2856 σεμνὸν
1829 2785 1923 2838 καὶ

344 2874 671 2945 ἀκηλίδωτον
696 2874 909 2945 ἐκείνης
934 2875 1165 2945 ὄργανον
1184 2915 1197 2939 ,
1232 2873 1467 2946 οὐδαμοῦ
1492 2878 1602 2938 τοῖς
1636 2876 1787 2939 ἰδίοις
1819 2876 1923 2929 πά-

347 2963 464 3016 θεσι
506 2963 713 3034 βλάψαν
743 2964 843 3033 τῆς
877 2964 1237 3035 ἐνοικησάσης
1268 2964 1368 3035 τὴν
1404 2964 1742 3036 ἀφθαρσίαν,
1782 2966 1922 3035 μετά

345 3054 546 3125 πολλῆς
585 3054 752 3124 τιμῆς
798 3055 893 3109 καὶ
932 3055 1226 3127 θεραπείας
1253 3056 1594 3126 περισταλέν,
1622 3058 1833 3127 σεμνῶς
1863 3058 1921 3111 ἐν

2022 1896 2148 1935 nam
2183 1894 2394 1944 earum,
2437 1893 2569 1949 qua!
2609 1880 2789 1933 visunt
2840 1876 3131 1947 efl‘ttgiunt,
3185 1878 3609 1948 magnificentia;

2023 1986 2182 2027 nemo
2213 1972 2348 2028 satis
2379 1970 2611 2026 idoneus
2644 1968 2949 2023 aestimator
2969 1976 3098 2038 est),
3135 1976 3191 2022 et
3209 1968 3431 2039 cognito
3483 1969 3604 2038 pie-

2023 2066 2152 2121 tatis
2186 2064 2391 2128 fructu,
2422 2062 2717 2117 imitamini
2766 2060 3086 2123 consilium,
3143 2069 3199 2113 et
3243 2061 3478 2131 aspirate
3532 2060 3605 2115 ad

2023 2158 2267 2211 animum
2301 2164 2356 2210 et
2386 2156 2727 2208 voluntatem
2763 2168 2978 2215 eorum,
3014 2152 3108 2222 qui
3130 2153 3210 2207 ita
3238 2167 3347 2222 pne
3389 2153 3605 2209 caeteris

2024 2248 2388 2307 honorantur,
2422 2253 2587 2315 atque
2613 2243 2992 2312 concupiscite
3020 2250 3075 2297 et
3099 2242 3352 2298 ail'ectate
3384 2258 3447 2298 ea
3466 2259 3605 2314 pm-

2023 2343 2152 2404 mia,
2187 2357 2310 2411 qua:
2349 2339 2606 2395 Christus
2668 2338 2892 2392 athletis
2924 2350 3024 2405 pro
3077 2336 3278 2390 merito
3335 2337 3605 2406 cujusque

2022 2432 2326 2489 distribuit.
2359 2433 2534 2501 Atque
2569 2432 2623 2484 in
2657 2428 2971 2498 praesentia
2997 2428 3043 2482 si
3094 2428 3289 2497 placet,
3353 2436 3605 2483 cessante

2026 2523 2341 2577 futurorum
2370 2522 2639 2575 bonorum
2672 2519 2876 2585 fructu,
2909 2533 3069 2589 quem
3108 2519 3249 2572 bona
3282 2534 3408 2588 spes
3437 2517 3606 2588 justis

2021 2614 2078 2669 in
2108 2612 2243 2667 illud
2275 2612 2455 2682 rejieit
2485 2619 2732 2681 tempus,
2761 2625 2870 2679 quo
2925 2625 3109 2664 rerum
3146 2609 3202 2663 in
3236 2611 3349 2663 vita
3413 2619 3608 2665 nostra

2023 2712 2267 2759 actarum
2305 2703 2475 2772 judex
2535 2700 2852 2756 advenerit:
2914 2709 3236 2770 praesentem
3287 2708 3603 2756 sanctorum

2022 2799 2224 2847 statum
2282 2791 2664 2861 inspiciamus,
2714 2803 2891 2858 quam,
2920 2788 3216 2857 praeclarus
3254 2789 3607 2859 magnificus-

2021 2897 2129 2952 que
2163 2881 2254 2937 sit.
2285 2879 2420 2933 Nam
2453 2880 2634 2933 anima
2663 2878 2884 2948 quidem
2922 2893 2988 2932 ex
3015 2893 3126 2946 quo
3152 2878 3408 2934 sublimis
3446 2880 3609 2943 abiit,

2021 2973 2076 3025 in
2117 2985 2219 3026 suo
2243 2971 2366 3025 loco
2395 2970 2722 3040 acquiescit,
2756 2976 2811 3023 et
2838 2983 3070 3037 corpore
3126 2972 3305 3023 soluta
3360 2985 3485 3024 cum
3520 2973 3603 3025 sui

2022 3059 2295 3114 similibus
2339 3074 2445 3112 una
2475 3059 2641 3124 vivit;
2703 3072 2905 3126 corpus
2950 3072 3083 3111 vero
3129 3059 3498 3113 venerandum
3551 3068 3609 3114 et

350 3149 479 3221 ἱερῷ
522 3150 671 3220 τόπῳ
703 3150 1043 3215 κατάκειται,
1075 3149 1264 3219 ὥσπερ
1305 3166 1357 3201 τι
1389 3149 1668 3220 κειμήλιον
1702 3150 1921 3204 πολυτί-

2028 3150 2434 3203 immaculatum
2467 3150 2616 3205 illius
2642 3150 3093 3211 instrumentum,
3126 3150 3271 3217 quod
3309 3150 3426 3205 suis
3458 3151 3613 3206 vitiis

352 3258 518 3312 μητον
549 3240 625 3310 τῷ
652 3240 829 3312 καιρῷ
850 3241 947 3311 τῆς
968 3240 1385 3309 παλιγγενεσίας
1409 3239 1763 3311 τηρούμενον,
1789 3241 1923 3295 πολὺ

348 3334 408 3384 τὸ
449 3332 776 3403 ἀσύγκριτον
805 3332 925 3403 ἔχον
958 3332 1094 3402 πρὸς
1132 3332 1200 3384 τὰ
1235 3333 1371 3386 ἄλλα
1408 3332 1516 3385 τῶν
1547 3333 1815 3402 σωμάτων
1846 3371 1862 3397 ,
1890 3333 1926 3387 ἃ.

350 3423 513 3493 κοινῷ
555 3424 648 3477 καὶ
677 3422 755 3493 τῷ
786 3424 1001 3494 τυχόντι
1024 3422 1239 3493 διελύθη
1279 3422 1524 3493 θανάτῳ,
1555 3424 1649 3476 καὶ
1675 3423 1846 3477 ταῦτα
1869 3426 1926 3477 ἐν

349 3515 511 3584 ὁμοίᾳ
548 3513 648 3585 ῦλῃ
679 3513 780 3582 τῆς
814 3513 1045 3582 φύσεως.
1077 3512 1158 3566 Τὰ
1190 3514 1286 3584 μὲν
1315 3512 1424 3584 γὰρ
1451 3513 1584 3566 ἀλλα
1610 3514 1718 3568 τῶν
1743 3514 1928 3584 λειψά-

353 3622 478 3668 νων,
502 3604 595 3656 καὶ
618 3603 878 3674 βδελυκτά
897 3606 1009 3666 τοῖς
1042 3603 1255 3666 πολλοῖς
1280 3604 1415 3667 ἐστι,
1438 3603 1529 3656 καὶ
1559 3604 1734 3666 οὐδεὶς
1757 3600 1928 3675 ἦδέως

354 3695 685 3766 παρέρχεται
718 3694 904 3760 τάφον,
938 3694 973 3764 ἢ
998 3695 1093 3748 καὶ
1124 3694 1386 3764 ἀνεῳγότι
1414 3693 1591 3763 τυχὼν
1616 3695 1680 3747 ἐκ
1700 3694 1794 3747 τοῦ
1820 3711 1925 3748 πα-

356 3786 575 3858 ραδόξου
600 3825 615 3849 ,
646 3784 917 3838 ἐπιϐαλὼν
948 3785 1004 3838 δὲ
1039 3786 1136 3857 τὴν
1159 3784 1283 3854 ὄψιν
1312 3787 1378 3855 τῇ
1415 3784 1662 3856 ἀμορφία
1703 3784 1811 3838 τῶν
1838 3786 1929 3853 ἐγρ

352 3880 642 3950 κειμένων,
669 3878 848 3949 πάσης
876 3878 1065 3948 ἀηδίας
1095 3877 1422 3949 πληρωθεὶς,
1449 3879 1545 3931 καὶ
1572 3877 1742 3949 βαρέα
1760 3895 1929 3931 κατα·-

354 3969 609 4033 στενὰξας
638 3970 737 4039 τῆς
784 3968 1200 4039 ἀνθρωπότητος
1253 3968 1608 4040 παρατρέχει.
1651 3967 1930 4021 Ἐλθὼνδὲ

353 4059 430 4121 είς
459 4076 511 4112 τι
540 4059 737 4129 χωρίον
765 4059 949 4129 ὅμοιον
979 4057 1175 4128 τούτῳ,
1203 4057 1329 4111 ἔνθα
1357 4059 1597 4129 σήμερον
1616 4059 1644 4110 ὁ
1668 4057 1932 4129 ἡμέτερος

355 4146 637 4213 σύλλογος,
671 4147 804 4199 ὅπου
860 4145 1049 4216 μνήμη
1094 4143 1304 4198 δικαίου
1340 4144 1434 4196 καὶ
1466 4143 1619 4212 ἅγιον
1662 4141 1931 4212 λείψανονο

356 4236 570 4306 πρῶτον
595 4236 694 4305 μὲν
732 4238 798 4305 τῇ
831 4232 1277 4306 μεγαλοπρεπείᾳ
1317 4232 1425 4286 τῶν
1474 4232 1765 4303 ὁρωμένων
1796 4230 1933 4302 ψυχ-

355 4329 648 4395 αγωγεῖται
668 4368 684 4393 ,
707 4322 853 4379 οἷκον
888 4326 1099 4397 βλέπων
1122 4324 1198 4388 ὡς
1225 4323 1361 4377 Θεοῦ
1388 4322 1534 4389 ναὸν,
1566 4323 1933 4394 ἐξησκημένον

355 4418 621 4489 λαμπρῶς
667 4418 745 4489 τῷ
795 4419 1012 4489 μεγέθει
1054 4421 1152 4490 τῆς
1200 4417 1524 4487 οἰκοδομῆς,
1565 4417 1660 4469 καὶ
1710 4416 1788 4486 τῷ
1835 4418 1934 4488 τῆς

356 4512 770 4579 ἐπικοσμήσεως
823 4508 1047 4572 κάλλει,
1101 4508 1230 4563 ἔνθα
1282 4509 1378 4562 καὶ
1412 4507 1621 4561 τέκτων
1668 4510 1746 4570 εἰς
1778 4506 1931 4571 ζώων

356 4599 654 4669 φαντασίαν
698 4599 760 4653 τὸ
791 4598 943 4663 ξύλον
983 4601 1291 4671 ἐμόρφωσε,
1332 4600 1426 4652 καὶ
1464 4598 1698 4663 λιθοξόος
1727 4600 1806 4662 εἰς
1834 4599 1936 4668 ἀρ-

355 4693 523 4764 γύρου
547 4690 795 4762 λειότητα
829 4689 928 4753 τάς
958 4690 1171 4765 πλάκας
1217 4687 1498 4764 ἀπέξεσεν.
1532 4687 1840 4758 Ἐπέχρωσε
1879 4685 1935 4739 δὲ

355 4785 447 4838 καὶ
476 4781 761 4853 ζωγράφος
790 4781 859 4835 τὰ
887 4781 1021 4853 ἀνθη
1053 4782 1153 4851 τῆς
1188 4781 1382 4851 τέχνης
1414 4782 1474 4834 ἐν
1508 4782 1677 4834 εικόνι
1710 4781 1934 4850 διαγραο

353 4875 595 4945 ψάμενος
617 4912 632 4935 ,
658 4872 756 4935 τὰς
792 4870 1070 4943 ἀριστείας
1115 4870 1208 4924 τοῦ
1244 4870 1551 4942 μάρτυρος,
1595 4869 1692 4932 τάς
1743 4868 1933 4922 ἐνστά-

355 4984 498 5031 σεις,
553 4964 652 5028 τὰς
685 4963 985 5034 ἀλγηδόνας
1007 5001 1023 5027 ,
1056 4962 1154 5025 τὰς
1187 4961 1470 5032 θηριώδεις
1508 4960 1616 5015 τῶν
1660 4961 1935 5031 τυράννων

357 5056 571 5128 μορφάς
595 5094 611 5119 ,
638 5054 737 5117 τάς
764 5053 1026 5125 ἐπηρείας
1045 5092 1061 5119 ,
1096 5053 1197 5124 τὴν
1220 5052 1580 5123 φλογοτρόφον
1605 5053 1819 5122 ἐκείνην
1843 5053 1933 5106 κά·

358 5166 509 5218 μινον
535 5188 551 5212 ,
604 5148 705 5219 τὴν
760 5145 1187 5217 μακαριωτάτην
1235 5142 1511 5196 τελείωσιν
1548 5142 1640 5196 τοῦ
1675 5143 1931 5214 ἀθλητοῦ,

354 5239 448 5292 τοῦ
475 5238 809 5307 ἀγωνοθέτου
832 5235 1069 5309 Χριστοῦ
1095 5237 1197 5306 τῆς
1230 5234 1574 5306 ἀνθρωπίνης
1618 5235 1833 5307 μορφῆς
1870 5236 1930 5288 τὸ

356 5330 657 5400 ἐκτύπωμα
680 5369 696 5394 ,
732 5329 909 5384 πάντα
939 5327 1098 5399 ἡμῶν
1128 5326 1203 5391 ὼς
1234 5326 1292 5378 ἐν
1339 5323 1527 5394 βιϐλίῳ
1565 5326 1672 5378 τιν)⁸
1695 5325 1929 5393 γλωττο-

358 5421 507 5492 φόρῳ
535 5420 624 5473 διά
650 5422 955 5491 χρωμάτων
987 5417 1531 5490 τεχνουργησάμενος
1557 5453 1573 5478 ,
1607 5416 1793 5483 σαφῶς
1845 5417 1927 5469 διο

353 5511 623 5583 ηγόρευσε
644 5512 767 5574 τούς
793 5510 1006 5580 ἀγῶνας
1027 5508 1120 5563 τοῦ
1150 5508 1444 5578 μάρτυρος,
1470 5506 1562 5558 καὶ
1590 5506 1664 5569 ὠς
1687 5506 1927 5578 λειμῶνα

355 5599 607 5672 λαμπρὸν
629 5601 719 5653 τὸν
748 5600 882 5653 νεὼν
914 5599 1275 5671 κατηγλάῖσεν
1298 5614 1313 5627 ·
1354 5592 1459 5649 οἶδε
1488 5597 1597 5667 γάρ
1631 5597 1724 5651 καὶ
1745 5600 1930 5672 γραφὴ

358 5692 617 5745 σιωπῶσα
649 5690 708 5747 ἐν
734 5691 896 5763 τοίχῳ
922 5692 1142 5760 λαλεῖν,
1177 5691 1268 5745 καὶ
1304 5691 1373 5744 τὰ
1404 5688 1638 5761 μέγιστα
1667 5688 1925 5760 ὠφελεῖν·

2025 3249 2079 3295 et
2108 3240 2393 3295 affectibus
2424 3240 2573 3295 illius
2617 3240 2978 3295 inhabitantis
3034 3240 3613 3309 incorruptibilitatem

2028 3347 2135 3388 non
2167 3332 2327 3395 laesit,
2366 3347 2493 3386 cum
2527 3332 2703 3386 multo
2730 3332 2938 3386 honore
2966 3338 3021 3385 et
3057 3331 3210 3385 cultu
3243 3334 3610 3401 compositum

2028 3432 2191 3492 atque
2226 3430 2481 3476 ornatum
2512 3422 2566 3477 in
2600 3430 2834 3493 augusto
2864 3437 3131 3492 sacroque
3159 3423 3279 3477 loco
3306 3424 3468 3479 situm
3491 3436 3567 3479 est
3590 3444 3608 3480 :

2027 3512 2173 3582 quod
2212 3511 2377 3567 veluti
2430 3528 2522 3567 res
2571 3513 2738 3566 chara
2786 3512 3078 3583 magnique
3116 3513 3383 3568 aestimata
3445 3522 3611 3583 atque

2029 3604 2313 3660 recondita
2338 3605 2391 3659 in
2414 3613 2629 3675 tempus
2658 3606 3090 3676 regenerationis
3106 3612 3443 3671 reservatur,
3465 3608 3610 3660 mul-

2030 3697 2102 3751 tis
2134 3695 2509 3765 singularibus
2539 3704 2593 3751 et
2627 3695 2848 3750 eximiis
2873 3697 3037 3752 rebus
3060 3699 3364 3767 praeditum,
3387 3706 3612 3769 propter

2029 3802 2171 3857 quas
2201 3787 2268 3839 ad
2312 3785 2419 3839 alia
2470 3801 2724 3856 corpora,
2768 3800 2890 3856 quae
2945 3787 3221 3841 communi
3279 3803 3343 3842 ac
3399 3790 3614 3859 vulgari

2031 3885 2209 3932 morte
2245 3876 2516 3932 dissoluta
2545 3886 2694 3939 sunt,
2724 3892 2793 3931 ne
2815 3877 3245 3947 comparandum
3269 3878 3487 3947 quidem
3503 3888 3610 3942 est,

2032 3968 2196 4037 idque
2216 3967 2271 4021 in
2308 3968 2474 4022 simili
2497 3968 2725 4022 materia
2752 3975 2984 4023 naturae.
3009 3965 3145 4022 Nam
3163 3975 3373 4023 caetera:
3390 3968 3610 4037 quidem

2032 4058 2280 4128 reliquiae
2338 4058 2503 4113 etiam
2559 4058 2964 4114 abominabiles
2993 4061 3272 4129 plerisque
3319 4070 3482 4124 sunt;
3547 4074 3614 4113 ac

2032 4164 2194 4205 nemo
2226 4149 2480 4203 lubenter
2525 4150 2839 4217 sepulcrum
2890 4150 3158 4220 praeterit,
3191 4159 3286 4203 aut
3336 4150 3381 4204 si
3422 4165 3486 4203 ex
3530 4150 3615 4203 in-

2034 4240 2258 4310 opinato
2317 4246 2566 4308 apertum
2626 4240 2887 4304 ostendit,
2952 4240 3301 4295 deformitate
3352 4241 3611 4294 nimirum

2033 4344 2221 4385 earum
2256 4343 2441 4382 rerum
2500 4343 2624 4398 qum
2672 4329 2810 4383 inibi
2861 4329 3069 4399 jacent,
3124 4329 3315 4385 faeiem
3361 4331 3616 4400 operiens

2035 4406 2208 4473 omni.
2243 4416 2645 4486 injucunditate
2682 4418 2949 4488 repletus,
2995 4426 3050 4472 et
3099 4419 3353 4472 humana:
3405 4426 3615 4472 natum

2033 4508 2335 4565 conditioni
2364 4509 2604 4578 graviter
2636 4509 3004 4578 ingemiscens
3036 4511 3431 4580 prastercurrit.
3458 4509 3615 4576 Quod

2035 4604 2082 4658 si
2121 4600 2327 4657 venerit
2352 4600 2419 4655 ad
2449 4600 2689 4670 aliquem
2722 4590 2902 4654 locum
2934 4600 3165 4656 similem
3195 4601 3342 4667 huic,
3371 4601 3464 4657 ubi
3516 4602 3615 4656 ho-

2036 4692 2123 4747 die
2156 4698 2345 4747 noster
2372 4698 2673 4745 conventus
2710 4689 2963 4746 habetur.
2994 4689 3087 4743 ubi
3134 4690 3400 4745 memoria
3449 4691 3615 4758 justi,

2035 4795 2347 4852 sanctaque
2378 4783 2621 4852 reliquiae
2651 4791 2780 4838 sunt
2825 4800 2838 4836 :
2876 4782 3117 4851 primum
3156 4781 3377 4851 quidem
3423 4796 3615 4837 earum

2034 4891 2217 4930 rerum
2250 4874 2676 4945 magnificentia,
2725 4888 2867 4943 quas
2897 4873 3065 4938 videt,
3102 4874 3431 4938 oblectatur,
3486 4875 3615 4928 dum

2032 4965 2201 5019 aedem
2242 4971 2300 5016 ut
2343 4964 2607 5033 templum
2645 4963 2739 5017 Dei
2783 4972 2838 5018 et
2870 4964 3250 5033 magnitudine
3300 4971 3616 5026 structurae,

2033 5063 2088 5110 et
2139 5054 2337 5123 adiecti
2400 5066 2627 5108 ornatus
2679 5055 2878 5109 decore
2937 5053 3219 5123 splendide
3276 5054 3617 5108 elaboratum

2034 5145 2297 5210 intuetur,
2331 5144 2422 5198 ubi
2458 5152 2513 5197 et
2546 5142 2701 5199 faber
2727 5144 2781 5198 in
2810 5144 3129 5198 animalium
3157 5144 3385 5213 liguram
3412 5143 3619 5213 lignum

2040 5236 2315 5298 formavit,
2339 5243 2393 5289 et
2422 5235 2659 5290 latemus
2692 5234 2761 5289 ad
2803 5236 3013 5307 argenti
3064 5234 3342 5289 levitatem
3399 5242 3618 5288 crustas

2035 5323 2276 5393 lapideas
2334 5324 2620 5392 expolivit.
2674 5324 2893 5378 lnduxit
2967 5331 3146 5378 autem
3203 5323 3368 5377 etiam
3443 5321 3615 5393 pictor

2034 5417 2200 5469 ﬂores
2233 5414 2370 5470 artis
2416 5416 2471 5469 in
2521 5416 2757 5487 imagine
2785 5418 3054 5486 depictos,
3089 5416 3251 5470 fortia
3300 5415 3441 5472 facta
3476 5431 3615 5470 mar-

2037 5508 2195 5579 tyris.
2234 5508 2651 5578 repugnantias,
2704 5509 3006 5570 cruciatus,
3042 5506 3299 5562 eﬂ‘eratas
3321 5514 3376 5561 ct
3423 5505 3617 5560 imma-

2038 5616 2135 5654 nes
2181 5606 2542 5669 tyrannorum
2581 5598 2808 5663 formas,
2848 5600 3083 5668 impetus
3134 5598 3429 5662 violentos,
3465 5596 3611 5650 ﬂam-

2040 5699 2220 5740 meum
2264 5685 2419 5739 illum
2478 5684 2780 5752 fornacem,
2836 5686 3210 5743 beatissimam
3269 5700 3601 5741 consumma-

3814 5716 3847 5730 δ
