4132 6356
476 281 584 338 759
1639 331 1645 336 .
1747 278 1801 332 S.
1839 275 2166 334 GREGORII
2208 276 2501 340 NYSSENI
3644 283 3748 338 740

477 401 687 458 tionem
710 397 948 465 athletas,
979 398 1343 456 certaminum
1392 397 1645 470 praesidis
1687 397 1892 455 Christi
1955 401 2060 454 ltu-

2184 403 2260 454 ca‘t
2281 404 2308 454 6
2345 403 2454 456 τῶν
2481 402 2728 472 ψηφίδων
2764 403 3028 477 συνθέτης
3050 447 3066 472 ,
3097 397 3335 477 ἱστορίας
3360 405 3507 470 ἀξιον
3528 406 3748 476 ἐποίησε

482 505 660 560 mana:
690 491 882 548 forma
907 490 1164 563 eﬂigiem,
1193 492 1379 551 omnia
1407 491 1570 546 nobis
1599 500 1860 563 tanquam
1886 491 1940 546 in
1998 492 2062 546 li-

2184 492 2229 545 ιὸ
2263 493 2604 563 πατούμενον
2637 495 2850 565 ἔδαφος.

481 585 586 644 bro
605 585 865 656 quodam,
921 584 1014 656 qui
1076 585 1386 658 linguarum
1449 585 1934 672 interpretationes
1983 583 2287 649 contineat,
2369 587 2651 642 coloribus
2699 588 3002 645 artificiose
3051 590 3375 660 depingeus,
3449 589 3752 642 certamina

482 683 647 746 atque
697 675 913 730 labores
935 676 1198 746 martyris
1242 675 1405 731 nobis
1428 676 1726 747 expressit,
1754 690 1820 730 ac
1846 683 2106 745 tanquam
2146 686 2362 745 pratum
2411 691 2692 747 amtenum
2747 687 2803 735 et
2833 678 3087 736 ﬂoridum
3131 681 3392 750 templmu
3431 679 3750 742 exornavit;

484 769 625 824 solet
645 769 792 824 enim
829 769 993 832 etiam
1034 769 1246 838 pictura
1278 777 1467 825 tacens
1515 771 1570 825 in
1616 770 1828 840 pariete
1880 770 2053 839 loqui,
2095 769 2443 841 maximeque
2462 771 2763 842 prodesse;
2828 774 3142 845 lapillorum
3189 777 3320 830 item
3389 775 3754 829 concinnator

484 858 730 915 historia:
758 875 857 930 par
883 874 1021 930 opus
1048 860 1103 914 in
1132 859 1464 930 pavimento,
1498 860 1644 930 quod
1672 860 1902 932 pedibus
1941 859 2207 922 calcatur,
2235 860 2434 916 ell‘ecil.

558 950 654 1006 His
686 951 852 1020 igitur
891 960 1008 1006 arte
1039 951 1335 1007 elaboratis
1393 952 1653 1020 operibus
1708 967 1830 1022 quae
1879 950 2068 1005 sensui

485 1041 731 1111 exposita
761 1047 910 1105 sunt,
942 1039 1034 1094 ubi
1062 1039 1255 1094 oculos
1279 1039 1599 1102 oblectavit,
1628 1040 1782 1110 cupit
1809 1038 2069 1106 deinceps

484 1133 653 1190 etiam
681 1129 786 1200 ipsi
820 1129 1130 1185 conditorio
1161 1129 1620 1199 appropinquare.
1673 1127 2068 1183 sanctificatio-

487 1241 612 1282 nem
693 1239 760 1279 ac
845 1221 1314 1285 benedictionem,
1393 1220 1882 1274 contrectationem
1947 1217 2069 1288 ejus

486 1331 642 1373 esse,
682 1313 932 1370 credens.
994 1311 1152 1379 Quod
1212 1311 1259 1367 si
1323 1311 1449 1382 quis
1523 1310 1686 1365 etiam
1765 1310 2067 1380 pulverem,

487 1424 599 1479 quo
673 1404 1066 1469 conditorium,
1141 1403 1232 1458 ubi
1311 1401 1571 1473 martyris
1638 1414 1840 1472 corpus
1909 1399 2067 1470 quie-

489 1501 616 1563 scit,
651 1499 889 1553 obsitum
921 1503 1028 1563 est,
1069 1494 1288 1550 auferre
1342 1494 1638 1563 permittat,
1685 1505 1786 1562 pro
1843 1505 2071 1546 munere

489 1590 674 1662 pulvis
698 1588 988 1658 accipitur,
1013 1601 1079 1642 ac
1111 1595 1376 1658 tam
1401 1599 1488 1640 res
1517 1583 1702 1654 magni
1730 1583 1892 1654 pretii
1938 1597 2072 1638 con-

488 1681 668 1736 denda
696 1687 845 1734 terra
889 1677 1183 1747 colligitur.
1239 1673 1376 1728 Nam
1437 1671 1598 1744 ipa.
1625 1672 1896 1742 attingere
1945 1671 2080 1726 reli-

2246 953 2356 1007 Καὶ
2387 957 2501 1018 τοῖς
2538 956 2814 1026 αἰσθητοῖς
2843 954 2987 1010 οὕτω
3032 957 3487 1028 φιλοτεχνήμασιν
3521 955 3755 1011 ἐνευπα·

2175 1043 2344 1116 θήσας
2374 1047 2472 1117 τὴν
2499 1046 2642 1116 ὄψιν,
2674 1048 2930 1119 ἐπιθυμεῖ
2955 1048 3138 1104 λοιπὸν
3166 1051 3260 1102 καὶ
3292 1049 3428 1120 αὐτῇ
3459 1048 3756 1120 πλησιάσαι

2173 1138 2240 1208 τῇ
2290 1135 2431 1210 θήκῃ
2453 1154 2465 1167 ·
2506 1137 2774 1207 άγιασμὸν
2806 1139 2900 1192 καὶ
2945 1139 3195 1206 εὐλογίαν
3228 1139 3328 1211 τὴν
3367 1139 3582 1210 ἐπαφὴν
3615 1134 3756 1193 εἶναι

2175 1227 2467 1281 πιστεύων.
2496 1229 2559 1280 Εἰ
2599 1228 2656 1280 δὲ
2691 1229 2786 1282 καὶ
2832 1230 2980 1284 κόνιν
3015 1248 3099 1294 τις
3129 1231 3243 1300 δοίη
3289 1231 3472 1302 φέρειν
3507 1233 3605 1301 τὴν
3632 1231 3755 1283 ἐπι-

2174 1317 2432 1388 κειμένην
2472 1320 2540 1389 τῇ
2590 1319 2882 1392 ἐπιφανείᾳ
2913 1319 3014 1392 τῆς
3063 1321 3457 1386 ἀναπαύσεως,
3507 1321 3679 1393 δῶρον
3726 1323 3757 1375 6

2175 1407 2302 1478 χοῦς
2331 1408 2707 1478 λαμϐάνεται,
2748 1411 2842 1463 καὶ
2885 1410 2961 1475 ὡς
2999 1412 3281 1481 κειμήλιον
3327 1413 3361 1482 ἡ
3391 1412 3461 1481 γῆ
3493 1411 3758 1482 θησαυρί-

2176 1498 2346 1564 ζεται.
2384 1499 2459 1553 Τὸ
2501 1499 2611 1570 γὰρ
2636 1500 2800 1554 αὑτοῦ
2825 1501 2919 1554 τοῦ
2957 1501 3210 1572 λειψάνου
3257 1502 3640 1574 προσάψασθαι
3662 1541 3678 1564 ,
3707 1500 3762 1555 εῐ

2178 1590 2311 1643 ποτέ
2350 1607 2434 1653 τις
2472 1591 2729 1660 ἐπιτυχία
2765 1591 2992 1662 τοιαύτη
3023 1593 3301 1662 παράσχοι
3343 1593 3444 1662 τὴν
3488 1591 3758 1656 ἐξουσίαν,

2177 1679 2324 1743 ὅπως
2353 1681 2473 1733 ἐστὶ
2503 1680 2904 1751 πολυπόθητον,
2945 1683 3038 1736 καὶ
3078 1683 3242 1752 εὐχῆς
3271 1683 3369 1752 τῆς
3397 1683 3658 1737 ἀνωτάτω
3698 1681 3761 1734 τδ

491 1769 673 1840 quias,
700 1768 746 1825 si
783 1769 1004 1838 quando
1029 1746 1214 1834 aliqua
1245 1762 1522 1832 ejusmodi
1558 1775 1830 1833 prosper:
1848 1759 2070 1816 fortuna

2184 1769 2342 1840 Βῶρον
2369 1811 2383 1833 ,
2421 1772 2598 1824 ἴσασιν
2629 1773 2678 1825 οί
2727 1772 3164 1843 πεπειραμένοι,
3216 1772 3310 1825 καὶ
3360 1771 3461 1842 τῆς
3503 1771 3760 1842 τοιαύτης

490 1863 795 1931 contingat,
824 1866 885 1914 ιιι
911 1858 972 1914 id,
991 1855 1179 1912 facere
1215 1854 1400 1920 liceat,
1430 1868 1592 1924 quam
1632 1852 1684 1907 id
1722 1852 1795 1908 sit
1841 1850 2072 1906 multum

491 1950 914 2010 desiderandum
945 1955 1000 2004 et
1026 1946 1345 2018 optandum,
1377 1959 1441 1999 ac
1481 1957 1815 2000 summarum
1849 1955 2072 2012 precum

492 2045 716 2108 donum,
737 2041 919 2098 sciunt
936 2039 1167 2109 experti,
1194 2045 1250 2093 et
1265 2037 1387 2107 ejus
1403 2035 1661 2092 desiderii
1689 2041 1977 2104 compotes
1994 2031 2075 2086 la-

493 2138 590 2194 cti.
620 2134 788 2202 Quasi
805 2147 1007 2202 corpus
1029 2129 1174 2186 enim
1206 2143 1304 2200 per
1330 2141 1392 2184 se
1420 2127 1608 2182 vivens
1645 2133 1700 2181 et
1741 2122 2072 2194 ﬂorens,qui

496 2230 800 2288 intuentur,
821 2223 1248 2294 amplectuntur,
1269 2219 1472 2281 oculis,
1498 2218 1604 2280 ori,
1625 2217 1874 2279 auribus,
1898 2215 2076 2269 omni-

495 2321 602 2376 bus
617 2330 880 2374 sensuum
900 2313 1281 2370 instrumentis
1317 2309 1663 2368 adhibentes.
1700 2305 1898 2362 deinde
1916 2305 2076 2360 ollicii

495 2420 553 2466 et
586 2406 896 2463 affectionis
919 2404 1190 2475 lacrymas
1217 2401 1463 2471 martyri,
1490 2399 1649 2470 quasi
1688 2398 1896 2467 integer
1932 2402 2079 2450 esset

497 2509 553 2556 et
578 2504 884 2570 appareret,
933 2491 1413 2566 superfundentes,
1471 2499 1532 2545 ut
1568 2504 1668 2559 pro
1720 2488 1854 2557 ipsis
1885 2487 2079 2556 depre-

498 2597 652 2658 calor
682 2585 1006 2648 intercedat,
1047 2584 1321 2655 supplices
1349 2595 1541 2652 preces
1563 2577 1796 2634 ollerunt
1820 2585 2077 2646 tanquam

502 2679 791 2736 satellitem
824 2676 920 2732 Dei
947 2686 1190 2741 orantes,
1222 2674 1384 2744 quasi
1409 2671 1768 2742 accipientem
1798 2669 2078 2723 donacqu

505 2773 656 2835 velit,
710 2771 1058 2826 invocantes.
1122 2766 1224 2841 Ex.
1255 2765 1341 2821 bis
1369 2765 1646 2824 omnibus,
1676 2777 1710 2816 ο
1743 2761 1939 2831 p0pule
1973 2761 2078 2830 pie,

503 2864 730 2928 discite,
775 2861 922 2931 quod
959 2860 1193 2930 pretiosa
1235 2871 1301 2912 ac
1335 2857 1597 2912 honorata
1633 2870 1812 2908 coram
1858 2853 2081 2908 Domino

503 2958 572 3010 sit
603 2971 744 3008 mors
776 2963 1081 3008 relictorum
1109 2950 1243 3020 ejus.
1265 2947 1400 3003 Nam
1419 2963 1587 3002 unum
1617 2946 1835 3016 quidem
1862 2953 1915 3000 ct
1939 2943 2082 2999 idem

505 3061 709 3115 corpus
737 3043 982 3098 omnium
1028 3041 1310 3097 hominum
1341 3046 1448 3105 est,
1475 3053 1682 3093 excuna
1724 3051 1906 3091 massa
1945 3051 2082 3089 cou-

508 3137 694 3192 llatum
733 3154 747 3190 :
777 3149 966 3189 verum
1002 3132 1092 3197 id,
1110 3131 1258 3203 quod
1287 3128 1524 3200 simplici
1555 3136 1732 3183 morte
1753 3127 2080 3182 dissolutum

506 3235 614 3288 est,
644 3232 706 3278 ut
734 3239 824 3280 res
853 3221 1109 3293 quaelibet
1132 3221 1260 3276 vilis
1292 3218 1605 3291 projicitur.
1647 3217 1715 3271 At
1741 3216 1888 3286 quod
1935 3230 2086 3268 mar.

508 3316 636 3388 tyrii
670 3313 959 3370 aﬂ‘ectione
981 3313 1282 3384 gratiosum
1311 3309 1565 3365 ellectum
1599 3313 1706 3369 est,
1738 3308 1813 3361 ita
1837 3315 1922 3362 est
1943 3321 2088 3360 ama-

510 3407 638 3474 bile,
669 3404 1000 3475 jucundum,
1047 3409 1103 3457 et
1140 3416 1171 3456 a
1219 3400 1406 3455 multis
1435 3399 1801 3454 desideratum
1829 3405 1885 3453 et
1925 3412 2088 3467 expe-

512 3499 693 3560 titum,
730 3504 790 3553 ut
841 3494 1098 3566 superior
1154 3492 1332 3548 oratio
1360 3490 1779 3546 demonstravit.
1819 3488 2086 3555 Quocirca

511 3597 735 3660 propter
759 3602 844 3650 ea,
868 3600 994 3656 quae
1020 3591 1307 3654 apparent,
1340 3582 1431 3644 iis.
1462 3596 1584 3652 quae
1600 3581 1778 3636 visum
1803 3580 2088 3651 effugiunt,

512 3686 734 3756 propter
759 3674 1196 3747 experimentum
1213 3686 1404 3728 earum
1435 3685 1644 3734 rerum,
1666 3683 1788 3740 quas
1808 3668 1862 3724 in
1885 3669 2091 3724 mundo

511 3774 791 3834 visuntur,
826 3768 1138 3823 futurarum
1173 3779 1352 3820 rerum
1383 3761 1735 3834 promissioni
1777 3762 2088 3819 credamus.

511 3863 646 3922 Nam
679 3861 836 3916 multi
867 3859 960 3930 qui
991 3865 1234 3912 ventrem
1263 3863 1318 3910 et
1351 3867 1548 3908 vanam
1581 3853 1838 3925 gloriam,
1879 3861 1936 3908 et
1992 3852 2090 3908 has

523 3953 833 4009 mundanas
875 3951 1060 4021 paleas
1089 3945 1347 4004 omnibus
1376 3943 1541 4000 rebus
1568 3941 1905 4011 antelerunt,
1953 3943 2091 3998 nihil

513 4050 705 4114 putant
732 4055 855 4097 esse
885 4038 1130 4095 futurum
1158 4053 1174 4091 :
1203 4033 1302 4092 sed
1348 4048 1475 4089 cum
1517 4033 1642 4089 vitae
1675 4034 1781 4088 line
1809 4033 2092 4088 terminari

511 4134 698 4188 omnia
727 4131 1084 4186 arbitrantur.
1112 4125 1316 4182 Verum
1349 4127 1446 4196 qui
1494 4124 1570 4180 ita
1612 4124 1806 4191 sentis,
1839 4139 1907 4180 ex
1967 4138 2093 4194 par-

513 4228 596 4282 vis
641 4239 836 4296 magna
869 4222 1024 4278 disce
1055 4238 1070 4276 :
1101 4234 1170 4276 ex
1203 4219 1426 4277 umbris
1467 4217 1798 4288 principales
1863 4215 2090 4281 formas.

2173 1862 2469 1932 ἐπιθυμίας
2516 1862 2938 1934 ἐμφορηθέντες.
2983 1864 3073 1927 Ὧς
3115 1863 3274 1933 σῶμα
3312 1862 3421 1934 γάρ
3471 1863 3604 1917 αὐτὸ
3650 1863 3760 1929 ζῶν

2176 1955 2271 2010 καὶ
2301 1955 2496 2010 ἀνθοῦν
2541 1955 2592 2009 οἱ
2640 1954 2925 2026 βλέποντες
2975 1952 3415 2018 κατασπάξονται
3438 1994 3454 2020 ,
3501 1957 3614 2018 τοῖς
3663 1953 3762 2023 6c;-

2177 2047 2431 2118 θαλμοῖς,
2470 2046 2550 2118 τῷ
2587 2047 2845 2118 στόματι,
2883 2049 3004 2110 ταῖς
3063 2047 3290 2109 ἀκοαῖς,
3344 2045 3546 2108 πάσαις
3592 2063 3761 2115 προσ-

2177 2139 2402 2206 άγοντες
2427 2141 2547 2206 ταῖς
2578 2138 2922 2209 αἰσθήσεσιν,
2959 2133 3078 2190 εἶτα
3105 2137 3166 2191 τδ
3196 2137 3295 2208 τῆς
3343 2136 3630 2201 εὐλαϐείας
3668 2137 3763 2191 καὶ

2175 2233 2236 2290 τὸ
2263 2231 2358 2285 τοῦ
2389 2232 2596 2297 πάθους
2634 2231 2947 2302 ἐπιχέοντες
2971 2231 3204 2303 δάκρυον
3225 2272 3241 2295 ,
3264 2231 3339 2294 ὡς
3361 2231 3638 2302 ὁλοκλήρῳ
3667 2231 3764 2284 καὶ

2178 2324 2488 2396 φαινομένῳ
2535 2323 2614 2394 τῷ
2643 2325 2880 2396 μάρτυρι
2929 2322 3027 2392 τὴν
3069 2323 3164 2377 τοῦ
3192 2323 3516 2394 πρεσϐεύειν
3553 2323 3763 2376 ἱκεσίαν

2181 2417 2564 2488 προσάγουσιν,
2595 2415 2672 2479 ὼς
2695 2415 2994 2486 δορυφόρον
3019 2414 3114 2468 τοῦ
3137 2414 3272 2467 Θεοῦ
3296 2413 3761 2485 παρακαλοῦντες,

2178 2507 2253 2570 ὡς
2291 2505 2636 2576 λαμϐάνοντα
2665 2504 2761 2568 τὰς
2811 2505 3015 2576 δωρεάς
3047 2504 3175 2558 ὅταν
3207 2503 3366 2577 ἐθέλῃ
3399 2504 3764 2575 ἐπικαλούμε-

2178 2615 2279 2651 νοι.
2321 2598 2416 2650 Ἐκ
2441 2595 2643 2649 τούτων
2669 2596 2901 2661 πάντων,
2925 2597 2953 2647 6
2979 2594 3207 2664 εὐσεϐὴς
3236 2595 3530 2657 λαὸς,κατσ
3542 2594 3762 2665 μάθετε,

2178 2689 2259 2741 ὅτι
2289 2689 2484 2756 Τίμιος
2521 2688 2799 2739 ἐναντίον
2833 2686 3052 2752 Κιιρίου
3083 2687 3116 2738 ό
3151 2684 3408 2750 θάνατος
3441 2683 3557 2738 τῶν
3582 2685 3767 2739 ε’σίων

2180 2779 2384 2832 αὑτοῦ.
2421 2779 2515 2830 Ἓν
2545 2777 2640 2848 μέν
2660 2778 2765 2847 γάρ
2791 2777 2883 2830 καὶ
2897 2777 2958 2829 τὸ
2979 2776 3108 2829 αὐτὸ
3134 2776 3290 2846 σῶμα
3318 2775 3533 2830 πάντων
3560 2774 3768 2846 ἀνθρὼ-

2185 2888 2300 2924 πων
2325 2911 2339 2934 ,
2376 2870 2435 2934 ἐξ
2465 2867 2581 2930 ἐνὸς
2611 2869 2932 2938 φυράματος
2970 2865 3091 2936 ἔχον
3127 2867 3228 2938 τὴν
3279 2865 3540 2920 σύστασιν
3570 2885 3583 2899 ·
3631 2865 3771 2920 ἀλλά

2181 2964 2241 3016 τὸ
2276 2963 2374 3033 μέν
2407 2959 2593 3022 ἁπλῶς
2642 2957 2914 3012 ἀποθανὺν
2939 2998 2952 3022 ,
2984 2959 3236 3029 ῥίπτεται
3273 2958 3350 3022 ὡς
3391 2959 3452 3012 τὺ
3480 2958 3675 3028 τυχόν·
3709 2959 3770 3012 τὸ

2182 3055 2239 3108 δὲ
2263 3053 2341 3124 τῷ
2388 3052 2548 3106 πάθει
2577 3048 2671 3104 τοῦ
2721 3049 3022 3121 μαρτυρίου
3053 3050 3353 3120 χαριτωθέν
3379 3090 3396 3118 ,
3426 3049 3597 3112 οὕτως
3625 3051 3770 3103 ἐστὶν

2188 3147 2446 3217 ἐράσμιον
2469 3143 2562 3195 καὶ
2593 3140 3108 3212 ἀμφισϐητήσιμον,
3136 3141 3212 3204 ὠς
3238 3141 3268 3194 6
3291 3139 3577 3211 προλαϐὼν
3614 3140 3771 3208 λόγος

2189 3235 2446 3299 ἐδίδαξεν.
2475 3230 2575 3284 Διά
2598 3229 2758 3284 τοῦτο
2787 3230 3166 3301 πιστεύσωμεν
3195 3231 3259 3284 ἐκ
3287 3229 3396 3284 τῶν
3429 3230 3772 3302 φαινομένων

2187 3327 2298 3388 τοῖς
2327 3325 2578 3395 ἀοράτοις
2601 3364 2616 3387 ,
2645 3322 2752 3376 ἀπὸ
2795 3323 2893 3393 τῆς
2927 3324 2983 3375 ἐν
3023 3321 3102 3392 τῷ
3125 3322 3316 3392 κόσμῳ
3341 3321 3539 3393 πείρας
3565 3325 3632 3393 τῇ
3663 3321 3772 3373 τῶν

2191 3415 2490 3486 μελλόντων
2543 3411 2867 3484 ἐπαγγελίᾳ.
2899 3410 3090 3466 Πολλοὶ
3137 3413 3247 3483 γὰρ
3300 3414 3350 3466 οἱ
3382 3413 3481 3482 τὴν
3504 3413 3772 3482 γαστέρα,

2190 3507 2285 3560 καὶ
2304 3505 2402 3580 τὴν
2436 3503 2740 3568 κενοδοξίαν
2763 3543 2779 3568 ,
2810 3503 2902 3557 καὶ
2931 3503 3021 3557 τὸν
3047 3503 3232 3557 ἐνθάδε
3261 3506 3524 3573 συρφετὸν
3560 3506 3774 3559 πάντων

2191 3596 2519 3668 ἐπίπροσθεν
2551 3597 2775 3663 ἄγοντες
2795 3633 2811 3658 ,
2850 3595 3001 3649 οὐδὲν
3058 3595 3317 3666 ἡγοῦνται
3350 3595 3410 3648 τὸ
3443 3595 3634 3665 μέλλον
3658 3610 3671 3624 ·
3697 3594 3777 3666 τῷ

2189 3688 2330 3742 τέλει
2358 3688 2414 3741 δέ
2439 3687 2530 3742 τοῦ
2560 3688 2674 3757 βίου
2716 3684 3184 3758 συμπεραιοῦσθαι
3215 3685 3286 3740 τά
3319 3686 3497 3740 πάντα
3536 3685 3776 3756 νομίζοι)⁶

2193 3797 2294 3834 σιν.
2345 3779 2482 3832 Ἀλλ’
2522 3780 2552 3832 6
2585 3777 2799 3849 φρονῶν
2826 3776 3031 3841 οὕτως,
3063 3779 3127 3830 ἐκ
3174 3777 3281 3830 τῶν
3334 3777 3546 3848 μικρῶν
3585 3777 3652 3830 τὰ
3681 3794 3778 3847 μι-

2192 3871 2335 3940 γάλα
2361 3869 2684 3940 κατάμαθε,
2715 3870 2778 3922 ἐκ
2813 3867 2920 3922 τῶν
2948 3868 3114 3922 σκιῶν
3147 3866 3217 3921 τὰ
3243 3868 3529 3939 ἀρχέτυπα
3563 3868 3773 3941 νόησον.

2191 3962 2288 4025 Τίς
2316 3960 2426 4013 τῶν
2457 3959 2721 4032 βασιλέων
2762 3958 3020 4030 τοιαύτην
3045 3959 3273 4028 τιμᾶται
3304 3965 3508 4030 τιμήνς
3549 3959 3633 4022 τίς
3668 3959 3776 4012 τῶν

2193 4051 2315 4106 καθ’
2389 4049 2696 4122 ὑπερϐολὴν
2747 4053 2804 4102 ἐν
2854 4047 3160 4119 ἀνθρώποις
3216 4048 3488 4118 φανέντων
3552 4049 3776 4123 τοιαύτῃ

2196 4143 2384 4215 μνήμη
2416 4139 2729 4208 δοξάζεται;
2777 4139 2861 4204 τίς
2906 4139 3014 4193 τῶν
3064 4141 3384 4210 στρατηγῶν
3434 4139 3544 4194 τῶν
3593 4141 3776 4206 πόλεις

2191 4233 2462 4304 τειχήρεις
2492 4232 2721 4285 ἑλόντων
2744 4271 2759 4295 ,
2792 4230 2887 4284 καὶ
2933 4230 3059 4299 ἔθνη
3108 4229 3534 4300 δουλωσαμένων
3585 4233 3773 4303 μυρία,

511 4317 703 4389 quales
732 4331 810 4372 eae
843 4315 958 4370 sint
1014 4311 1279 4382 intellige.
1331 4310 1447 4366 Cui.
1486 4325 1676 4380 regum
1733 4308 1861 4363 talis
1915 4308 2081 4363 honor

2193 4322 2365 4387 οὓτως
2391 4323 2540 4376 ἐστὶν
2574 4321 2849 4392 ἀοίδιμος,
2891 4321 2965 4385 ὡς
2993 4321 3021 4372 6
3046 4320 3383 4393 στρατιώτης
3421 4314 3602 4388 οὗτος,
3631 4325 3660 4376 6
3689 4323 3778 4375 πέ-

514 4407 785 4462 ltabetur?
812 4403 949 4469 Quis
974 4417 1041 4457 ex
1070 4402 1158 4464 iis,
1187 4401 1282 4471 qui
1311 4415 1478 4469 supra
1526 4399 1748 4455 modum
1804 4399 1948 4454 inter
1993 4399 2081 4453 lto-

2194 4431 2326 4483 νης,
2366 4414 2395 4466 ὁ
2437 4414 2736 4477 νεόλεκτος,
2777 4411 2836 4464 ὃν
2873 4410 3085 4475 Παῦλος
3142 4409 3417 4478 ὥπλισεν,
3459 4412 3518 4464 ὃν
3558 4412 3775 4480 ἄγγελοι

515 4499 690 4553 mines
704 4495 982 4551 excellere
1015 4492 1118 4548 visi
1153 4500 1303 4554 sunt,
1331 4491 1426 4544 tali
1451 4492 1712 4545 memoria
1739 4491 2081 4546 celebraturi

2196 4505 2332 4576 πρὸς
2368 4505 2460 4558 τὸν
2511 4504 2698 4573 ἀγῶνα
2744 4501 3012 4573 ἤλειψαν,
3064 4502 3159 4555 καὶ
3205 4505 3502 4574 νικήσαντα
3545 4504 3778 4572 Χριστὸς

515 4585 654 4652 Quis
703 4583 1098 4651 imperatorum
1151 4579 1246 4648 qui
1281 4578 1446 4632 urbes
1513 4577 1751 4632 munitas
1801 4590 2081 4647 ceperunt,

2197 4596 2572 4665 ἐστεφάνωσεν
2595 4613 2610 4658 ;
2637 4594 2848 4648 Μᾶλλον
2890 4593 2946 4646 δέ
2980 4592 3167 4664 ἐπειδὴ
3217 4593 3385 4661 ἐγγὺς
3409 4593 3674 4665 ἐγενόμην
3702 4594 3778 4663 τῷ

515 4676 768 4732 nationes
794 4677 1116 4728 innumeras
1143 4669 1499 4739 subegerunt,
1527 4669 1663 4724 adeo
1680 4668 2005 4726 decantatus
2039 4679 2081 4726 el

2195 4687 2340 4756 λόγῳ
2363 4687 2470 4739 τῶν
2500 4685 2727 4754 ἀγώνων
2761 4683 2855 4737 τοῦ
2889 4684 3163 4754 μάρτυρος
3186 4723 3202 4749 ,
3237 4686 3394 4756 φέρε,
3424 4686 3490 4739 τά
3517 4685 3669 4738 κοινά
3691 4703 3780 4738 κα-

517 4769 663 4823 ῖτηῐιει
695 4765 1008 4820 “lahnius
1040 4772 1147 4828 es"
1187 4767 1248 4815 υι
1279 4760 1371 4814 hic
1423 4760 1583 4816 miles
1639 4775 1871 4831 ρευιιετ.
1933 4762 2097 4818 ηιοάο
2201 4773 2634 4838 ταλιπόντες,τὸν
2655 4773 2932 4843 ἐξαίρετον
2959 4773 3052 4824 τοῦ
3083 4772 3238 4840 ἀγίου
3264 4772 3421 4840 λόγον
3444 4768 3778 4845 ποιήσωμεν·

515 4860 864 4930 conscriptus
889 4865 946 4913 et
975 4867 1122 4928 tyro:
1155 4869 1317 4926 quem
1370 4851 1575 4908 Paulus
1624 4854 1879 4920 armavit,
1933 4872 2081 4926 quen‘

2205 4865 2356 4934 φίλον
2385 4865 2494 4936 γὰρ
2523 4865 2738 4936 ἑκάστῳ
2767 4864 2828 4916 τὸ
2874 4863 3023 4916 ἴδιον.

517 4957 695 5028 angeli
767 4955 836 5010 ad
913 4959 1193 5010 certamen
1258 4958 1557 5016 unxerunt.
1628 4966 1790 5022 quem
1863 4954 2132 5011 victorem
2171 4959 2426 5016 Christus
2481 4960 2804 5015 coronavit?
2860 4958 3151 5015 Enimvero
3224 4960 3484 5031 quoniam
3531 4963 3784 5018 oratione

519 5067 687 5122 prope
715 5050 783 5106 ad
811 5050 1112 5107 certamina
1126 5056 1292 5120 atque
1331 5049 1548 5103 labores
1575 5049 1833 5119 martyris
1857 5051 2086 5117 accessi,
2130 5068 2227 5126 age
2256 5057 2644 5111 communibus
2675 5055 2882 5109 relictis
2925 5055 3252 5124 peculiarem
3323 5056 3501 5110 sancti
3569 5071 3784 5111 sermo-

521 5162 643 5202 nem
675 5147 1064 5211 instituamus;
1093 5152 1180 5200 est
1229 5144 1374 5200 enim
1425 5159 1586 5197 suum
1639 5144 1836 5215 cuique
1891 5155 2106 5216 gratum
2144 5159 2199 5205 et
2233 5161 2539 5221 acceptum.

527 5260 532 5264 ·
590 5236 774 5292 Patria
804 5237 971 5308 igitur
1011 5237 1275 5307 praeclaro
1319 5249 1384 5290 ac
1419 5243 1649 5290 strenuo
1693 5235 1820 5290 huic
1852 5237 1974 5291 viro
2010 5247 2097 5293 est
2273 5244 2477 5308 Πατρὶς
2497 5227 2540 5295 τέ

520 5343 584 5383 ea
616 5328 800 5399 regio,
850 5343 972 5397 qua:
1021 5326 1089 5381 ad
1127 5327 1296 5381 solem
1335 5333 1549 5396 spectat
1593 5327 1862 5381 orientem
1911 5345 1926 5382 :
1965 5343 2091 5382 nam

522 5415 686 5470 etiam
718 5415 826 5482 hic,
860 5414 1024 5470 sicuti
1056 5412 1189 5478 Job,
1219 5430 1287 5470 ex
1319 5415 1570 5486 partibus
1604 5415 1971 5472 orientalibus
1994 5432 2096 5471 no-

2273 5244 2477 5313 Πατρ“ις
2497 5243 2674 5295 τοίνυν
2701 5241 2778 5313 τῷ
2806 5245 3062 5312 γενναιῳ,
3093 5244 3124 5311 ἠ
3163 5241 3297 5311 πρὸς
3318 5241 3467 5312 ἦλιον
3491 5242 3785 5313 ἀνίσχουσα

2204 5333 2385 5403 χώρα’
2418 5333 2641 5403 εὐγενὴς
2666 5333 2774 5403 γάρ
2808 5333 2903 5386 καὶ
2932 5326 3086 5395 οὗτος
3119 5333 3258 5385 κατά
3276 5333 3364 5385 τὸν
3395 5331 3514 5385 Ἰὼϐ
3543 5332 3652 5385 τῶν
3687 5335 3780 5402 ἀφ’

2202 5421 2356 5492 ἡλίου
2393 5423 2683 5487 ἀνατολῶν,
2720 5423 2813 5476 καὶ
2850 5423 2950 5491 τῆς
2980 5422 3236 5492 πατρίδος
3261 5421 3454 5493 ἐκείνῳ
3488 5426 3779 5489 κοινωνῶν,

524 5505 652 5561 bilis
681 5512 784 5570 est,
815 5519 1052 5576 cumque
1081 5507 1311 5576 patriam
1344 5521 1469 5560 cum
1504 5506 1600 5560 illo
1631 5521 1978 5563 communem
2008 5510 2097 5562 Ita-

525 5597 678 5652 beret
701 5634 718 5659 .
750 5595 1005 5665 ejusdem“
1034 5595 1270 5652 imitatio
1320 5611 1532 5651 morum
1566 5597 1880 5668 ingeniique
1907 5598 1957 5653 ei
1985 5614 2093 5654 non

519 5687 716 5744 defuit.
752 5685 909 5744 Nunc
942 5701 1074 5744 vero
1113 5687 1347 5759 quilibet
1384 5697 1596 5760 martyr
1621 5688 1791 5746 totius
1825 5687 1928 5746 soli
1959 5688 2095 5746 sub-

2203 5514 2304 5566 οὺκ
2346 5513 2647 5583 ἀπελείφθη
2701 5514 2800 5583 τῆς
2851 5511 2946 5564 τοῦ
2980 5510 3144 5581 ἤθους
3197 5513 3500 5583 μιμήσεως.
3559 5514 3674 5566 Νῦν
3726 5515 3782 5568 δὲ

2205 5601 2352 5673 πάσῃ
2378 5606 2446 5674 τῇ
2487 5602 2776 5672 οἰκουμένῃ
2810 5602 2927 5654 ἐστὶ
2954 5602 3163 5670 μάρτυς
3189 5601 3368 5665 κοινὸς
3395 5602 3495 5672 τῆς
3522 5603 3613 5672 ὑφ’
3646 5605 3782 5675 ἡλίῳ

2202 5691 2425 5764 πολίτης
2451 5710 2464 5723 ·
2514 5692 2739 5763 ληφθεὶς
2769 5693 2821 5746 δέ
2853 5693 3061 5748 ἐκεῖθεν
3092 5691 3231 5762 πρὸς
3270 5692 3578 5759 ὁπλιτικοὺς
3605 5709 3778 5750 κατα-
