4132 6356
432 347 436 352 .
479 286 584 368 us

1725 290 1784 347 S.
1821 288 2148 346 GREGORII
2179 289 2476 347 NYSSENI

3623 288 3722 344 7-H

470 409 834 477 concedatur,
867 409 1106 468 fortasse
1136 425 1234 482 per
1271 411 1444 466 otium
1468 425 1529 467 re
1559 425 1746 468 secum
1778 426 2048 483 perpensa

2162 413 2346 484 σχολὴν
2374 413 2497 476 δοὺς
2522 408 2700 481 ἑαυτῷ
2729 409 2952 482 γνώμην
2971 452 2986 476 ,
3029 413 3327 482 μετάθηται
3359 410 3494 480 πρὸς
3517 411 3578 463 τὸ
3611 411 3719 481 βέλ-

473 511 640 572 atque
696 500 994 564 deliberata
1042 501 1346 558 mutabitur
1391 501 1449 557 in
1492 502 1714 558 melius.
1771 501 2048 558 Insaniam

470 593 620 648 enim
671 593 954 649 dementes
999 593 1289 648 sanitatem
1333 593 1538 648 mentis
1571 595 1886 649 vocabant:
1917 593 2052 648 alie-

473 685 752 740 nationem
805 699 938 741 vero
991 685 1191 740 mentis
1241 691 1296 740 et
1348 685 1690 752 vecordiam,
1733 686 1992 755 pietatem
2034 703 2047 738 :

435 775 936 846 .quemadmodum
983 775 1063 839 fit,
1111 789 1235 830 cum
1292 776 1436 831 ebrii
1491 791 1649 832 suam
1709 776 2050 831 affectionem

469 867 677 921 sobriis
721 866 1008 936 objiciunt.
1044 867 1113 920 At
1158 866 1322 920 homo
1373 866 1499 936 pius
1539 866 1862 936 Christique
1893 867 2053 920 miles

464 955 602 1009 dato
631 955 736 1011 sibi
779 955 960 1024 spatio
990 954 1057 1008 ad
1101 953 1243 1009 forte
1268 969 1333 1009 ac
1355 955 1516 1010 virile
1540 955 1758 1010 facinus
1779 955 2048 1010 abutitur.

469 1044 760 1111 Quodnam
797 1056 980 1102 autem
1027 1049 1079 1100 id
1117 1045 1320 1110 fuerit,
1364 1053 1582 1117 tempus
1617 1055 1703 1104 est
1735 1047 1891 1101 vobis
1929 1061 2052 1100 cum

473 1139 660 1193 laetitia
694 1139 1067 1193 narrationem
1096 1137 1402 1208 accipiendi
1433 1154 1446 1191 :
1487 1137 1546 1191 Ei
1586 1153 1709 1208 qua:
1743 1137 1946 1192 fabulis
1966 1152 2057 1191 ce-

470 1229 736 1292 lebratur,
770 1230 930 1284 matri
961 1229 1188 1285 deorum
1233 1231 1646 1299 templum-erat
1679 1230 1733 1282 iu
1765 1229 2056 1297 metropoli

470 1325 723 1386 Amasea,
754 1321 903 1390 quod
930 1321 1048 1386 illi,
1091 1321 1185 1391 qui
1221 1331 1352 1374 tunc
1381 1321 1661 1385 errabant,
1689 1321 1823 1375 inibi
1856 1319 2057 1374 alicubi

469 1411 620 1465 circa
651 1412 802 1481 ripas
833 1411 1014 1464 amnis
1058 1410 1302 1464 vanitate
1348 1409 1572 1463 adducti
1617 1414 2054 1463 exstruxerant:

471 1503 576 1555 hoc
608 1501 714 1557 iste
745 1502 828 1555 vir
856 1509 1116 1556 strenuus
1150 1502 1206 1556 in
1245 1508 1492 1570 tempore
1524 1499 1666 1553 datae
1708 1499 1814 1554 sibi
1843 1498 2058 1554 securi-

440 1595 600 1672 ,tatis
640 1601 800 1664 capta
834 1593 1167 1656 Occasione,
1208 1601 1265 1648 et
1319 1607 1454 1646 aura
1487 1592 1735 1648 secunda
1769 1592 2056 1645 incensum

470 1685 868 1751 concremavit,
925 1686 1106 1753 reipsa
1167 1697 1500 1753 responsum
1534 1721 1550 1748 ,
1586 1682 1732 1752 quod
1787 1689 1910 1750 post
1964 1681 2058 1735 de-

2150 519 2283 557 τιον.
2314 521 2332 554 ι
2372 502 2586 557 Μανίαν
2608 503 2716 573 γὰρ
2737 505 2786 556 οἱ
2811 503 3073 572 ἔκφρονες
3103 503 3202 571 τὴν
3236 500 3589 571 σωφροσύνην
3613 502 3712 554 έκά

2151 587 2276 642 λουν
2300 605 2315 618 ο
2368 589 2632 643 ἔκστασιν
2661 591 2718 642 δὲ
2761 591 2854 643 καὶ
2881 590 3224 661 παραφορὰν,
3265 590 3365 660 τὴν
3409 589 3693 642 εὐλάϐειαν
3713 605 3728 621 ο

2152 681 2340 754 ῶσπερ
2370 683 2497 736 ὅταν
2520 684 2569 736 oi.
2605 682 2916 752 μεθύοντες,
2956 681 3016 734 τὸ
3045 681 3176 734 ῑδιον
3203 679 3373 743 πάθος
3392 683 3504 743 τοῖς
3528 681 3730 748 νήφου-

2155 790 2238 826 σιν
2275 772 2625 837 ὀνειδίζωσιν.
2675 773 2810 825 Ἀλλ’
2848 774 2877 824 6
2913 770 3142 841 εὐσεϐὴς
3186 768 3472 839 ἄνθρωπος
3503 770 3598 822 καὶ
3640 769 3731 821 τοῦ

2153 865 2390 936 Χριστοῦ
2426 864 2874 937 στρατιώτης,είς
2905 862 3162 934 ἀνδρικὴν
3191 862 3390 931 πρᾶξιν
3417 864 3484 932 τῇ
3519 860 3733 933 δοθείσῃ

2157 959 2318 1029 σχολῇ
2349 959 2750 1028 κατεχρήσατο.
2807 955 2942 1026 Ποία
2965 953 3166 1023 ταύτης
3215 953 3422 1024 Καιρὸς
3451 954 3581 1023 ύμῖν
3618 955 3731 1022 μετ’

2155 1047 2493 1118 εὐφροσύνης
2527 1043 2884 1109 ὑποδέξασθαι
2907 1044 2966 1097 τὸ
2992 1044 3257 1114 διήγημαο
3288 1043 3366 1113 Τῇ
3393 1041 3746 1114 μυθευομένῃ,

2160 1139 2327 1208 μητρὶ
2356 1137 2462 1190 τῶν
2486 1136 2644 1198 θεῶν,
2671 1135 2794 1198 ναὸς
2825 1132 2892 1206 ἦν
2918 1135 3011 1187 ἐπὶ
3037 1137 3137 1204 τῆς
3164 1135 3540 1204 μετροπόλεως
3565 1134 3730 1204 Ἀμα-

2158 1230 2326 1292 σείας,
2358 1229 2415 1282 ὃν
2441 1231 2488 1281 oi
2535 1230 2656 1282 τότε
2694 1226 3052 1298 πλανώμενοι,
3103 1225 3270 1278 αὐτοῦ
3321 1243 3425 1278 που
3459 1225 3588 1296 περὶ
3635 1224 3732 1288 τάς

2156 1322 2321 1394 δχθας
2361 1321 2455 1376 τοῦ
2501 1320 2747 1391 ποταμοῦ
2799 1322 2864 1391 τῇ
2919 1319 3236 1390 ματαιότητι
3297 1317 3730 1371 κατεσκεύασαν.

2159 1415 2358 1468 Τοῦτον
2386 1417 2414 1469 6
2437 1415 2705 1483 γενναῖος,
2737 1414 2795 1465 ὲν
2823 1411 2902 1482 τῷ
2935 1412 3030 1482 τῆς
3057 1411 3305 1480 δοθείσης
3337 1409 3521 1472 ἀδείας
3555 1408 3732 1479 καιρῷ

2158 1508 2495 1580 ἐπιτηρήσας
2559 1505 2815 1576 εὔκαιρον
2864 1504 3046 1575 ὥραν,
3089 1503 3181 1556 καὶ
3230 1499 3404 1571 αῦραν
3451 1501 3732 1570 ἐπίφορον,

2159 1599 2450 1668 ἐμπρήσας
2494 1595 2818 1664 κατέφλεξεν
2834 1634 2848 1656 ,
2877 1593 3022 1666 ἔργῳ
3042 1597 3156 1657 τοῖς
3175 1593 3474 1664 ἀλιτηρίοις
3499 1592 3620 1654 δοὺς
3635 1592 3734 1660 τὴν

2161 1689 2469 1760 ἀπόκρισιν,
2501 1691 2569 1758 ἣν
2598 1687 2818 1751 πάντως
2845 1687 3105 1758 ἀνέμενον
3140 1686 3276 1757 μετά
3311 1685 3409 1756 τὴν
3430 1683 3731 1753 διάσκεψιν.

475 1773 854 1830 liberationem
891 1769 1125 1844 prorsus
1179 1772 1613 1844 exspectabant,
1669 1769 1856 1840 impiis
1896 1777 2058 1838 atque

2174 1780 2457 1846 Ἐπιδήλου
2490 1779 2546 1832 δὲ
2574 1778 2669 1832 τοῦ
2709 1778 3034 1850 πράγματος
3059 1777 3267 1847 ταχέως
3301 1776 3472 1830 ἀπασι
3506 1774 3734 1846 γενομέ-

471 1865 724 1921 scelestis
775 1863 935 1919 dans.
1001 1863 1140 1918 Cum
1199 1878 1266 1918 ea
1321 1878 1411 1919 res
1474 1861 1734 1918 celeriter
1798 1861 2056 1915 omnibus

472 1955 754 2026 patefieret
829 1955 848 2015 (
882 1954 1086 2024 quippe
1146 1954 1201 2008 in
1265 1953 1403 2008 urbe
1472 1953 1656 2009 media
1709 1952 2056 2008 clarissimus

474 2044 614 2113 ignis
647 2055 913 2098 accensus
960 2041 1134 2107 erat),
1191 2056 1304 2096 non
1359 2041 1675 2096 occultabat
1719 2040 1898 2093 audax
1962 2039 2060 2093 in—

471 2144 711 2204 emptum
745 2171 761 2198 ,
817 2149 992 2203 neque
1043 2134 1367 2197 laborabat,
1414 2142 1474 2187 ut
1511 2133 1614 2187 hoc
1650 2146 1680 2184 a
1730 2147 1790 2188 se
1856 2131 2059 2185 factum

473 2227 684 2290 lateret,
729 2225 824 2280 sed
857 2225 1034 2295 palam
1068 2239 1133 2278 ac
1167 2225 1520 2280 vehementer
1537 2224 1757 2294 quidem
1787 2222 2062 2294 signiﬁca-

471 2319 565 2372 bat
610 2333 734 2372 sese
765 2325 988 2386 propter
1047 2317 1369 2384 praeclarum
1446 2315 1662 2370 facinus
1692 2323 1748 2369 et
1776 2329 1890 2370 retu
1923 2314 2062 2368 bene

470 2417 680 2478 gestam
730 2409 1012 2464 exsultare
1049 2415 1104 2461 et
1142 2407 1346 2473 cll'erri,
1378 2417 1541 2476 atque
1569 2407 1806 2461 tumultu
1868 2405 2064 2475 impio-

469 2515 615 2561 rum,
659 2513 769 2568 quo
806 2496 992 2567 templi
1045 2504 1210 2566 atque
1268 2505 1465 2553 statuas
1533 2501 1753 2551 nomine
1815 2495 2063 2551 dolentes

473 2591 959 2662 perturbabantur,
994 2602 1162 2658 supra
1198 2589 1417 2642 tnodum
1441 2587 1710 2658 gaudere;
1738 2587 1870 2657 quin
1899 2588 2062 2642 etiam

472 2681 887 2752 magistratibus
909 2681 950 2735 it
970 2681 1214 2735 dicatum
1232 2690 1336 2744 est,
1363 2678 1508 2748 quod
1527 2681 1642 2748 ipse
1670 2679 1786 2734 suis
1811 2679 2064 2732 manibus

473 2772 785 2827 incendium
835 2771 1055 2828 fecisset
1089 2791 1102 2826 :
1147 2786 1212 2828 ac
1243 2786 1440 2826 rursus
1469 2771 1740 2840 judicium
1763 2770 1934 2841 priori
1956 2779 2066 2824 ter-

461 2864 707 2930 ribilius,
752 2872 813 2917 ut
863 2864 1122 2919 nimirum
1192 2864 1353 2918 etiam
1409 2879 1507 2934 par
1561 2871 1700 2929 erat,
1751 2879 1876 2918 cum
1913 2871 2063 2917 tanta

468 2973 584 3019 res,
615 2970 738 3026 qua:
789 2955 1146 3010 exrcerbaret
1197 2961 1253 3009 et
1303 2954 1552 3010 irritaret
1579 2970 1695 3020 eos,
1754 2955 2061 3011 incidisset.

2161 1890 2251 1925 νου
2281 1873 2392 1940 (καὶ
2421 1871 2529 1941 γὰρ
2574 1873 2632 1924 ὲν
2677 1870 2755 1942 τῷ
2786 1871 2937 1942 μέσῳ
2979 1870 3076 1940 τῆς
3103 1869 3311 1933 πόλεώς
3356 1867 3734 1940 φανερώτατον

2161 1965 2365 2035 ἐξήφθη
2410 1965 2472 2017 τὸ
2510 1962 2675 2035 πῦρ),
2723 1965 2824 2016 οὐκ
2871 1961 3217 2034 ἐπεκρύψατο
3262 1961 3362 2031 τὴν
3404 1959 3731 2031 ἐγχείρησιν,

2160 2055 2280 2109 οὐδὲ
2311 2055 2609 2109 ἐσπούδασε
2640 2055 2700 2108 τὸ
2726 2053 2909 2107 λαθεῖν
2930 2069 2944 2084 ⁸
2984 2053 3100 2106 ἀλλ’
3132 2051 3348 2124 ἔνδηλος
3370 2046 3458 2123 ἦν,
3482 2051 3576 2104 καὶ
3605 2051 3735 2119 σφό-

2161 2146 2262 2216 δρα
2302 2162 2365 2213 γε
2408 2145 2486 2215 τῷ
2543 2143 2927 2216 κατορθώματι
2958 2142 3222 2215 γαυριῶν,
3273 2143 3367 2196 καὶ¹
3389 2141 3736 2213 ὑπερχαίρων

2161 2239 2226 2307 τῇ
2253 2239 2460 2308 ταραχῇ
2477 2237 2586 2289 τῶν
2607 2236 2872 2306 ἀθέων,ήν
2897 2235 3268 2306 ἐταράττοντο.
3289 2234 3366 2304 τῷ
3384 2233 3496 2304 ναῷ
3517 2233 3737 2305 περιαλ-

2163 2327 2388 2396 γοῦντες
2461 2327 2557 2380 καὶ
2603 2327 2682 2397 τῷ
2735 2327 2922 2398 ξοάνῳ.
2981 2327 3090 2380 Καὶ
3152 2326 3330 2396 μέντοι
3387 2325 3734 2396 κατεμηνύθη

2163 2422 2274 2482 τοῖς
2306 2420 2593 2488 ἄρχουσιν,
2618 2418 2693 2481 ὡς
2723 2418 3104 2490 αὐτουργήσας
3139 2419 3230 2470 τὸν
3261 2413 3617 2488 ὲμπρησμόνο
3647 2417 3737 2470 καὶ

2165 2509 2326 2563 πάλιν
2351 2510 2628 2581 κριτήριον
2678 2508 3052 2581 φοϐερώτερον
3090 2507 3184 2562 τοῦ
3215 2507 3479 2580 προτέρου
3503 2523 3518 2539 ’
3550 2508 3737 2577 ῶσπερ

2165 2599 2258 2656 οὖν
2287 2603 2382 2656 καὶ
2411 2603 2577 2667 είκὸς,
2598 2602 2999 2673 ἑπισυμὸάντος
3027 2601 3346 2672 τηλικούτου
3375 2602 3470 2654 τοῦ
3503 2598 3739 2672 παροξύ·

2165 2712 2374 2758 ναντος.
2407 2694 2512 2749 Καὶ
2539 2696 2588 2749 of.
2622 2695 2720 2766 μὲν
2746 2696 2838 2748 ἐπὶ
2857 2694 2947 2748 τὸν
2975 2693 3282 2748 δικαστικὸν
3315 2694 3586 2764 ἀνέδησαν
3619 2691 3740 2766 θρό-

2166 2801 2274 2838 νον.
2311 2784 2584 2854 Θεόδωρος
2610 2784 2666 2836 δὲ
2695 2783 3165 2856 εὐπαρῤησίαστος
3195 2785 3251 2836 ὲν
3285 2785 3396 2846 τοῖς
3429 2783 3612 2853 μέσοις
3644 2781 3740 2853 ἀρ-

2166 2893 2351 2944 χοντος
2373 2875 2572 2946 θάρσος
2595 2876 2732 2945 έχων
2763 2879 2819 2929 ὲν
2845 2879 2909 2947 τῇ
2937 2877 3123 2931 στάσει
3151 2875 3244 2930 τοῦ
3268 2874 3584 2946 κρινομένου
3608 2875 3742 2945 ἐρω-

2165 2967 2430 3037 τώμενος,
2467 2969 2559 3022 καὶ
2591 2967 2668 3037 τῷ
2700 2968 2852 3038 τάχει
2886 2967 2986 3037 τῆς
3017 2967 3306 3038 ὁμολογίας
3347 2965 3447 3035 τὴν
3476 2963 3742 3035 ἐρώτησιν

465 3052 650 3116 Atque
704 3044 782 3098 illi
813 3060 866 3114 qi
890 3045 1032 3098 idem
1090 3043 1146 3098 in
1183 3044 1446 3114 judiciale
1503 3044 1746 3098 tribunal
1803 3043 2058 3100 ascende-

2169 3060 2499 3113 ἐπικόπτων.
2559 3060 2776 3130 Ἐπειδὴ
2807 3060 2864 3113 δὲ
2902 3058 3322 3130 ἀκατάπληκτος
3352 3054 3440 3128 ἦν,
3473 3058 3567 3110 καὶ
3607 3057 3740 3127 πρὸς

473 3147 599 3192 runt
623 3153 636 3190 :
665 3134 986 3190 Theodorus
1014 3148 1143 3188 vero
1174 3134 1228 3188 in
1249 3133 1428 3188 medio
1453 3149 1643 3189 eorum
1672 3135 1834 3207 (erat)
1867 3150 2058 3206 magna

2167 3150 2320 3202 οὐδὲν
2349 3149 2592 3219 ἐφείδετο
2618 3150 2724 3205 τῶν
2745 3149 3151 3220 ἀπειλουμένων
3177 3149 3384 3211 δεινῶν,
3412 3150 3491 3212 είς
3519 3149 3741 3202 τούναν-

462 3226 730 3298 loquendi
775 3225 1028 3280 libertate
1049 3231 1230 3291 utens,
1262 3224 1319 3278 in
1343 3233 1492 3278 statu
1547 3239 1772 3282 causam
1827 3225 2064 3281 dicentis

466 3319 829 3388 magistratus
857 3315 1190 3370 conﬁdentia
1236 3316 1502 3386 pratditus
1525 3332 1650 3371 cum
1695 3318 2064 3387 interrogare-

471 3419 583 3470 tur,
646 3408 926 3464 celeritate
959 3407 1330 3462 confessionis
1372 3407 1858 3478 interrogationem
1909 3418 2064 3463 ante-

469 3509 710 3557 vertens.
767 3499 1129 3570 Posteaquam
1163 3506 1344 3554 autem
1372 3509 1427 3554 et
1464 3501 1872 3569 imperterritus
1921 3509 2063 3568 erat,

466 3603 525 3648 et
555 3592 621 3646 ad
665 3593 802 3647 nihil
857 3606 1048 3648 eorum
1098 3606 1223 3660 qua:
1275 3591 1463 3660 gravia
1493 3601 1659 3660 atque
1707 3605 1901 3661 aspera
1935 3607 2061 3646 cuni

473 3685 639 3739 minis
685 3684 734 3739 ei
783 3681 1207 3738 ostentab'antur
1248 3683 1543 3752 supplicia,
1601 3697 1661 3738 se
1692 3683 2062 3747 submitteret,

473 3790 573 3830 nec
626 3775 996 3830 confidentius
1053 3773 1202 3845 loqui
1250 3773 1552 3836 desineret,
1611 3774 1666 3827 in
1721 3775 2060 3829 contrariam

473 3867 743 3921 rationem
775 3866 969 3920 mutati
1002 3874 1151 3929 sunt,
1183 3879 1248 3920 ac
1279 3865 1517 3936 benigne
1550 3881 1675 3920 cum
1731 3881 1798 3922 eo
1852 3882 2062 3922 sermo-

470 3960 721 4013 ciuautcs
785 3958 1074 4028 promissis
1125 3957 1334 4027 justum
1377 3959 1700 4013 subtrahere
1758 3959 2060 4015 tentabant.

478 4069 497 4101 ι
533 4050 596 4104 Et
627 4050 790 4112 scito,
813 4068 832 4100 ι
869 4051 1143 4120 inquiunt,
1179 4068 1198 4102 ι
1231 4049 1376 4118 quod
1410 4049 1458 4104 si
1486 4049 1777 4104 consilium
1809 4061 2060 4104 nostrum

473 4143 790 4197 obedienter
810 4143 1100 4197 admittere
1125 4141 1385 4205 volueris,
1406 4140 1656 4211 protinus
1675 4148 1728 4194 te
1743 4156 1805 4195 ex
1827 4141 2062 4197 obscuro

473 4235 736 4296 nobilem,
777 4249 842 4291 ex
891 4234 1082 4304 humili
1124 4235 1491 4305 despectoque
1534 4239 1591 4286 et
1621 4232 1854 4302 inglorio
1889 4234 2060 4289 hono-

473 4334 654 4383 ratum
702 4305 1047 4382 obiciemus":
1081 4340 1146 4380 ac
1183 4325 1280 4380 tibi
1328 4323 1681 4393 pontificatus
1731 4325 2052 4394 dignitatem

2167 3241 2280 3294 τίον
2315 3241 2722 3312 μετεϐλήθησαν
2753 3241 2988 3312 τρόπον’
3023 3240 3114 3294 καὶ
3149 3238 3542 3310 φιλανθρώπως
3572 3239 3742 3292 διαλεο

2167 3330 2768 3402 γόμενοι,ἐπαγγελίαις
2789 3329 2961 3383 ὐποσύ
2971 3347 3081 3401 ρειν
3101 3329 3399 3401 ἐπειρῶντο
3413 3327 3502 3381 τὸν
3517 3328 3739 3382 δίκαιον.

2174 3442 2192 3473 ι
2229 3422 2335 3475 Καὶ
2363 3422 2614 3490 γίνωσκε,
2637 3441 2654 3474 ι
2692 3421 2877 3492 φησὶν,
2917 3439 2935 3472 ι
2957 3421 3033 3484 ώς
3059 3422 3105 3473 εί
3130 3419 3450 3491 βουληθείης
3479 3419 3743 3482 εὐπειθῶς

2166 3513 2264 3582 τήν
2305 3512 2610 3584 συμϐουλήν
2657 3512 2754 3582 τὴν
2798 3511 3073 3582 ἡμετέραν
3121 3511 3540 3583 προσδέξασθαι,
3584 3512 3743 3574 εὐθύς

2169 3619 2228 3655 σε
2258 3602 2671 3671 καταστήσομεν
2726 3601 2786 3668 ἐξ
2835 3601 3058 3670 ἀφανῶν
3100 3601 3407 3673 γνώριμον,
3455 3603 3515 3668 ἐξ
3543 3603 3743 3668 ἀδόξων

2166 3694 2381 3763 ἔντιμον
2404 3710 2420 3725 ο
2461 3693 2554 3747 καί
2585 3710 2665 3746 σοι
2699 3694 2799 3762 τῆς
2845 3693 3256 3768 ἀρχιερωσύνης
3296 3695 3743 3767 ἐπαγγελλόμεθα

2165 3785 2264 3853 τὴν
2304 3783 2480 3849 ἀξίαν.
2513 3803 2531 3834 ι
2571 3783 2658 3846 Ὠς
2679 3783 2735 3836 δὲ
2759 3782 2853 3838 τοῦ
2878 3785 2977 3853 τῆς
2999 3785 3408 3856 ἀρχιερωσύνης
3435 3785 3742 3856 ἀξιώματος

2167 3875 2417 3943 ἤκουσεν,
2467 3871 2769 3939 ὲγγελάσας
2806 3873 3013 3944 μακρὸν
3063 3876 3091 3926 6
3117 3875 3518 3946 τρισμακάριος
3554 3872 3740 3929 εἶπεν·

2173 3981 2190 4013 ι
2216 3963 2356 4030 Ἐγὼ
2387 3963 2480 4016 καὶ
2515 3963 2642 4025 τοὺς
2671 3962 2852 4034 ἱερέας
2873 3964 2982 4016 τῶν
3007 3963 3241 4020 εἰδώλων
3270 3965 3487 4030 ἀθλίους
3514 3967 3740 4039 κρίνων,

2167 4055 2260 4106 καὶ
2292 4054 2367 4116 ὡς
2411 4053 2648 4124 ματαίας
2696 4053 2946 4124 πράξεως
2977 4055 3275 4126 ὑπηρέτας,
3303 4058 3588 4129 οίκτείρω·
3617 4059 3742 4121 τούς

2165 4146 2220 4198 δὲ
2247 4145 2536 4216 ἀρχιερέας
2562 4144 2655 4197 ἐπὶ
2693 4144 2875 4198 πλεῖον
2921 4145 3054 4198 ἐλεῶ
3090 4149 3184 4200 καὶ
3223 4147 3579 4219 βδελύσσομαι
3604 4165 3617 4180 ·
3650 4151 3742 4203 ἐπὶ

2165 4234 2274 4304 γὰρ
2293 4235 2400 4288 τῶν
2423 4234 2704 4306 χειρόνων,
2719 4236 2746 4288 6
2772 4235 2973 4305 μείζων
2994 4237 3088 4290 καὶ
3115 4239 3512 4308 πρωτοτακτῶν
3542 4239 3740 4294 ἀθλιώ-

2166 4342 2352 4396 τερος·
2392 4325 2468 4389 ώς
2497 4327 2555 4378 ὲν
2584 4329 2697 4389 τοῖς
2735 4327 2962 4392 ἀδίκοις,
2984 4328 3013 4380 6
3039 4327 3364 4400 ἀδικώτερος
3390 4347 3404 4360 ·
3446 4331 3521 4395 ὡς
3551 4333 3608 4384 ὲν
3631 4334 3742 4396 τοῖς

475 4418 900 4491 promittimus.»
921 4417 990 4473 Ut
1007 4425 1188 4471 autem
1208 4415 1541 4486 pontificiatu
1556 4415 1878 4488 dignitatem
1895 4419 2058 4472 uomi-

2170 4417 2442 4486 φονεῦσιν,
2473 4421 2500 4470 6
2528 4418 2728 4488 μᾶλλον
2755 4418 2904 4488 ώμός
2929 4435 2942 4446 '
2981 4419 3057 4483 ὡς
3089 4421 3148 4472 ὲν
3201 4423 3312 4484 τοῖς
3344 4422 3686 4488 ἀκολάστοις,
3711 4425 3741 4477 6

473 4510 592 4565 uari
611 4509 841 4571 audivit.
859 4518 942 4564 ter
963 4517 1265 4579 quaterque
1291 4507 1486 4563 beatus
1518 4508 1629 4573 ille,
1647 4522 1771 4562 cum
1790 4507 1883 4562 ditt
1919 4511 2059 4563 mul-

471 4611 698 4670 tumque
724 4601 990 4656 irrisisset
1013 4600 1277 4671 (tandem)
1294 4600 1434 4655 dixit
1458 4619 1470 4654 :
1496 4619 1514 4651 ι
1541 4599 1654 4670 Ego
1677 4601 1841 4656 etiam
1875 4616 2059 4657 sacer-

471 4694 630 4749 dotes
658 4693 1080 4748 simulacrorum
1098 4708 1441 4748 aerumnosos
1453 4708 1576 4749 esse
1592 4693 1802 4761 judico,
1821 4699 1875 4746 et
1897 4701 1956 4746 ut
1973 4707 2062 4746 va-

473 4799 556 4843 na:
572 4783 808 4839 actionis
825 4782 1106 4838 ministros
1122 4784 1355 4838 miseror
1375 4801 1390 4850 ;
1409 4783 1725 4854 pontiﬁcum
1744 4799 1875 4837 vero
1889 4784 2060 4837 multo

473 4876 646 4944 magis
658 4881 808 4929 meet
823 4875 1066 4942 miseret,
1079 4883 1134 4930 et
1151 4875 1438 4931 abominor
1452 4875 1672 4932 eosdem
1691 4894 1705 4930 :
1725 4875 1870 4930 inter
1886 4876 2061 4931 malos

472 4967 620 5026 enim
638 4966 734 5038 qui
755 4965 932 5036 major
960 4975 1066 5030 est,
1089 4981 1154 5022 ac
1169 4969 1404 5038 primum
1421 4969 1599 5024 locum
1621 4975 1793 5032 tenet,
1809 4967 2060 5022 miserior

471 5066 585 5123 est;
614 5069 675 5113 ut
707 5058 854 5114 inter
882 5057 1444 5128 iujustos,injustior;
1478 5066 1538 5112 ut
1559 5059 1702 5113 inter
1731 5058 2056 5123 homicidas,

471 5150 564 5219 qui
605 5148 936 5204 crudelitate
985 5157 1212 5203 caeteros
1242 5149 1528 5218 praecedit;
1553 5155 1614 5202 ut
1651 5149 1796 5202 inter
1823 5149 2060 5204 lascivos

471 5247 526 5295 et
551 5241 898 5305 libidinosos,
922 5238 1016 5310 qui
1045 5240 1380 5309 petulantior
1405 5249 1568 5308 atque
1597 5240 1904 5309 protervior
1927 5249 2015 5295 est
2041 5254 2056 5290 :

473 5339 763 5402 propterea
821 5330 1131 5402 perniciosa
1170 5330 1524 5400 promittendi
1554 5329 1756 5386 dehinc
1783 5329 1944 5386 linem
1979 5330 2061 5385 fa-

473 5422 622 5485 cite;
661 5435 770 5476 non
821 5422 990 5486 enim,
1026 5421 1163 5477 heus
1210 5437 1309 5477 vos
1367 5419 1828 5484 animadvertitis,
1882 5437 2060 5491 neque

473 5513 691 5569 sentitis
719 5522 884 5584 caput
914 5523 971 5570 et
1021 5529 1293 5570 sumntum
1332 5514 1600 5568 malorum
1649 5512 1781 5568 mihi
1839 5514 2063 5583 promit-

474 5613 650 5661 tentes
675 5623 688 5660 :
722 5612 770 5658 at
801 5606 874 5668 ei,
895 5605 989 5676 qui
1013 5607 1100 5676 pie
1132 5621 1196 5660 ac
1225 5614 1376 5661 recte
1395 5605 1576 5659 vivere
1598 5606 1807 5668 statuit,
1837 5611 2062 5674 praestat

472 5697 528 5750 iu
557 5696 720 5752 domo
773 5688 986 5752 Domini
1033 5696 1307 5768 abjectum
1347 5712 1492 5766 esse,
1528 5711 1694 5768 quam
1726 5697 1974 5753 habitare
2006 5697 2058 5750 iu

2165 4511 2577 4582 ἀσελγέστερος
2633 4511 2726 4564 καὶ
2757 4511 2847 4565 διὰ
2878 4511 3034 4565 τοῦτο
3071 4512 3320 4568 ἐντεῦθεν
3374 4515 3476 4586 ήδη
3520 4515 3608 4569 διὰ
3635 4517 3742 4569 τῶν

2161 4600 2418 4673 ὀλεθρίων
2439 4602 2779 4670 ἐπαγγελιῶν
2808 4603 3141 4658 καταόάλετε
3166 4620 3179 4634 ·
3206 4605 3463 4676 λελήθατε
3493 4609 3602 4677 γάρ
3631 4627 3741 4679 μοι.

2161 4683 2206 4742 ὦ
2228 4685 2395 4756 οῦτοι,
2426 4693 2524 4762 τὴν
2549 4693 2794 4763 κορυφὴν
2815 4693 2923 4746 τῶν
2948 4694 3134 4748 κακῶν
3155 4695 3514 4766 ὑποσχόμενοι
3540 4714 3556 4730 ο
3582 4697 3657 4768 τῷ
3686 4698 3743 4750 δὲ

2163 4782 2401 4845 εὐσεϐῶς
2454 4784 2548 4836 καὶ
2584 4783 2759 4852 ὀρθῶς
2805 4785 2904 4855 ζῇν
2956 4788 3405 4858 προαιρουμένῳ,
3465 4791 3742 4859 παραρρι-

2162 4872 2410 4926 πτειίσθαι
2444 4873 2606 4926 καλὸν
2632 4875 2688 4926 ἐν
2709 4874 2786 4944 τῷ
2814 4875 2947 4946 οἴκῳ
2976 4877 3071 4930 τοῦ
3095 4877 3230 4930 Θεοῦ
3264 4879 3484 4946 μᾶλλον,
3510 4879 3542 4948 ἦ
3572 4879 3740 4931 οἰκεῖν

2163 4966 2220 5017 ὲν
2249 4963 2598 5034 σκηνώμασιν
2633 4966 2991 5038 ἁμαρτωλῶν.
3033 4967 3173 5037 Ἐγὼ
3203 4969 3297 5022 καὶ
3327 4971 3454 5033 τοὺς
3488 4970 3741 5039 βασιλέας

2162 5055 2402 5118 τούτους,
2445 5051 2521 5107 ὧν
2576 5056 2666 5110 τὸν
2713 5057 2910 5128 ἄνομον
2962 5060 3200 5129 συνεχῶς
3261 5058 3740 5128 ὐπαναγινώσκετε

2163 5147 2346 5216 νόμον,
2379 5145 2533 5210 ἐλεῶ,
2567 5148 2650 5200 ὅτι
2682 5147 2954 5220 αὔταρκες
2992 5151 3049 5202 ὲν
3086 5149 3393 5222 ἀνθρώποις
3433 5151 3647 5222 ἀξίωμα
3679 5152 3739 5206 τὸ

2162 5239 2360 5309 κράτος
2387 5238 2488 5308 τῆς
2542 5237 2818 5306 βασιλείας
2861 5238 3111 5308 ἔχοντες,
3158 5240 3255 5311 τὴν
3296 5241 3389 5294 τοῦ
3439 5243 3764 5314 ἀρχιερέως

2163 5331 2374 5393 ἑαυτοῖς
2405 5329 2777 5401 προσηγορίαν
2799 5329 3080 5396 ἀνέθεσαν,
3114 5331 3208 5384 καὶ
3237 5334 3336 5401 τὴν
3359 5333 3604 5406 πενθήρη
3645 5334 3740 5387 καὶ

2165 5421 2442 5493 σκοτεινὴν
2458 5422 2744 5494 πορφύραν
2767 5422 2974 5476 ἐκεῖθεν
3000 5422 3386 5494 ἀμπίσχονται,
3408 5425 3548 5479 κατά
3570 5426 3740 5496 μίμησ-

2166 5529 2249 5566 σιν
2275 5513 2381 5567 τῶν
2407 5513 2812 5584 κακοδαιμόνων
2842 5514 3177 5586 ἀρχιερέων,
3220 5515 3487 5587 ἀξιώματι
3531 5516 3740 5589 φαιδρῷ

2165 5602 2487 5675 σκυθρωπὸν
2527 5603 2913 5675 περιφέροντες
2959 5604 3165 5677 ἔνδυμα
3193 5623 3206 5638 ·
3265 5607 3380 5660 ἔστι
3420 5608 3476 5660 δὲ
3515 5609 3604 5661 ὅτε
3647 5608 3755 5662 καὶ’

2168 5695 2347 5766 μιαρῷ
2387 5696 2555 5768 βωμῷ
2589 5697 3001 5768 πλησιάζοντες,
3050 5700 3169 5754 ἀντὶ
3198 5700 3460 5771 βασιλέων
3499 5700 3739 5769 γίνονται
