4132 6356
389 313 497 369 745
1524 314 1611 368 DE
1652 312 1709 371 S.
1753 313 2021 369 THEODG

2018 312 2127 368 lRO
2161 311 2519 367 MARTYRE.
3542 320 3650 375 746

390 430 639 500 μάγειροι
687 429 861 500 ὄρνεις
916 429 1161 494 θύοντες,
1222 433 1313 485 καὶ
1355 430 1714 501 βοσκημάτων
1760 429 1961 483 ἀθλίων
1994 443 2022 496 Α

2020 430 2435 496 Habe-maculis
2501 435 2867 491 peccatorum.
2915 430 2999 486 Me
3043 432 3203 487 etiam
3258 432 3652 502 imperatorum

383 522 665 592 σπλάγχνα
696 524 1130 595 διερευνώμενοι,
1154 526 1249 578 καὶ
1275 524 1352 595 τῷ
1379 523 1559 595 λύθρῳ
1584 523 1679 575 τοῦ
1705 522 1955 592 αἵματος,

2068 522 2287 584 horum,
2327 537 2561 590 quorum
2601 523 2769 593 legem
2802 523 3043 593 iniquam
3072 525 3420 579 continenter
3449 523 3654 578 recita-

381 614 457 677 ὡς
490 614 818 683 κρεωπῶλαί
855 633 998 679 τινες
1024 617 1122 686 τὴν
1153 616 1355 686 ἐσθῆτα
1390 616 1728 686 μολύνοντες.
1758 632 1777 665 ι

2068 614 2165 675 tis,
2210 614 2452 676 miseret,
2489 614 2634 683 quod
2668 630 2792 668 cum
2843 631 2937 685 per
3001 632 3061 670 se
3094 618 3230 672 satis
3262 632 3454 686 magna
3501 616 3646 669 inter

381 710 631 765 homines
699 711 964 781 dignitate
1020 715 1092 769 ob
1139 715 1344 786 regium
1382 714 1669 784 imperium
1746 710 1957 781 prazditi
1997 710 2130 776 sint,
2182 710 2456 781 pontiﬁcis
2510 714 2928 782 appellationem
2972 715 3077 769 sibi
3148 724 3527 793 sumpserunt,
3588 720 3643 767 et

381 804 593 878 lugubri
626 810 965 880 obscuraque
992 826 1229 881 purpura
1262 811 1423 877 hujus
1451 808 1793 879 indignitatis
1849 806 2075 861 nomine
2137 806 2465 869 induuntur,
2521 807 2587 860 ad
2646 806 3007 862 imitationem
3077 808 3374 864 infelicium
3419 809 3640 877 poutili-

379 914 526 963 cum,
552 902 604 954 in
630 903 891 972 dignitate
918 904 1201 973 splendida
1241 913 1407 974 atque
1476 902 1702 967 illustri,
1740 902 1897 956 triste
1945 907 2001 955 et
2072 901 2406 954 inamoenum
2470 909 2743 970 gestantes
2789 903 3188 966 indumentum,
3251 918 3640 973 nonnunquam

380 1002 560 1047 autem
595 996 810 1066 impuro
840 997 996 1051 altari
1054 1000 1553 1068 appropinquantes
1589 1012 1686 1068 pro
1713 994 2140 1065 imperatoribus
2195 997 2359 1063 coqui
2400 994 2557 1059 ﬁunt,
2601 1009 2728 1051 aves
2788 997 3121 1062 occidentes,
3190 1005 3245 1050 et
3311 998 3639 1052 miserorum

380 1104 636 1157 pecorum
701 1093 911 1147 viscera
987 1093 1249 1147 rimantes
1325 1110 1388 1147 ac
1443 1102 1874 1163 perscrutantes,
1941 1096 1996 1143 et
2070 1088 2330 1159 spurcitie
2387 1090 2671 1160 sanguinis
2725 1098 2985 1160 tanquam
3056 1092 3354 1146 macellarii
3416 1092 3636 1163 quidam

378 1184 506 1237 lanii
541 1186 792 1237 carnium
824 1185 1142 1240 venditores
1171 1194 1376 1241 vestem
1428 1186 1718 1240 lmdantes.
1754 1203 1776 1234 ›

446 1276 599 1329 Μετὰ
633 1276 835 1340 ταύτας
856 1276 954 1339 τὰς
996 1277 1178 1347 φωνὰς
1221 1280 1314 1331 τοῦ
1345 1278 1576 1339 δικαίου,
1614 1276 1794 1329 οὐκέτι
1830 1272 1951 1328 οὑδέ

2120 1263 2253 1321 Post
2277 1264 2377 1320 has
2403 1265 2537 1335 justi
2585 1265 2744 1321 istius
2774 1280 2958 1331 voces,
2987 1280 3056 1319 ne
3100 1266 3284 1321 {ictam
3326 1268 3544 1339 quidem
3584 1278 3636 1324 et

372 1363 474 1437 τὴν
522 1365 765 1436 πλαστὴν
811 1365 1216 1436 φιλανθρωπίαν
1259 1369 1353 1421 καὶ
1389 1367 1864 1437 ἐσχηματισμένην
1902 1365 1951 1419 οἱ

2052 1357 2430 1413 assimulatam
2463 1357 2576 1427 jam
2621 1359 2854 1427 amplius
2896 1358 3287 1429 benignitatem
3342 1362 3634 1431 magistra-

376 1457 632 1528 ἄρχοντες
666 1456 1069 1511 ἐπεδείκνυντοο
1125 1460 1261 1512 ἀλλὰ
1304 1461 1397 1513 καὶ
1425 1460 1784 1513 ἀσεϐέστατον
1816 1457 1952 1528 πρὸς

2050 1457 2141 1504 tus
2176 1465 2286 1519 pm
2323 1465 2383 1504 se
2429 1449 2697 1515 ferebant,
2730 1451 2824 1505 sed
2852 1458 2905 1505 et
2938 1450 3329 1521 impiissimum
3365 1453 3633 1508 adversus

372 1551 499 1612 τοὺς
515 1550 683 1613 Θεοὺς
707 1550 1016 1614 καλοῦντες,
1044 1553 1134 1604 καὶ
1156 1553 1235 1605 ἔτι
1264 1552 1373 1606 τῶν
1397 1552 1658 1623 βασιλέων
1690 1551 1949 1623 ὑϐριστὴν

2048 1538 2181 1593 deos
2228 1546 2512 1604 vocantes,
2570 1550 2831 1609 praeterea
2885 1544 2940 1595 in
2992 1541 3350 1609 imperatores
3418 1560 3635 1615 quoque

374 1644 467 1694 καὶ
512 1640 851 1712 βλάσφημον,
883 1644 1097 1714 πρῶτον
1150 1644 1248 1713 μὲν
1277 1645 1369 1697 ἐπὶ
1404 1643 1499 1697 τοῦ
1528 1642 1948 1713 βασανιστηρίου
1982 1670 2006 1723 Ι

1998 1629 2500 1723 3contumeliosum
2532 1640 2585 1684 et
2631 1631 2980 1694 maledicum,
3030 1632 3265 1700 primum
3302 1634 3525 1703 quidem
3574 1638 3630 1689 in

374 1731 529 1795 ξύλου
565 1734 959 1801 κρεμάσαντες,
1008 1734 1069 1787 τὸ
1100 1735 1256 1805 σῶμα
1296 1734 1607 1798 κατέξαινον
1631 1750 1646 1764 ·
1686 1733 1713 1786 ό
1739 1733 1817 1797 δὲ,
1844 1732 1950 1784 τῶν

1996 1718 2019 1723 ”
2052 1720 2202 1789 ligno
2249 1718 2315 1773 ad
2366 1721 2700 1789 torquendos
2749 1721 2996 1775 homines
3045 1730 3237 1791 parato
3300 1738 3628 1793 suspensum

370 1823 578 1893 δημίων
610 1826 852 1895 σφοδρῶς
874 1828 1257 1897 ἐνεργούντων,
1291 1826 1553 1896 καρτερὸς
1576 1819 1643 1895 ἦν
1673 1826 1766 1878 καὶ
1795 1826 1948 1878 ἀνέν-

2052 1829 2254 1883 corpus
2289 1814 2638 1868 lacerabant:
2696 1813 2784 1866 ille
2808 1828 2935 1865 vero
2970 1813 3254 1867 lictoribus
3283 1815 3629 1869 vehementer

369 1915 553 1979 δοτος,
594 1918 688 1970 καὶ
718 1919 897 1987 στίχον
937 1920 999 1971 ἐκ
1031 1919 1128 1987 τῆς
1169 1918 1497 1988 Ψαλμωδίας
1545 1921 1664 1981 ταῖς
1699 1917 1949 1986 βασάνοις

2053 1905 2106 1958 ίη
2157 1920 2320 1973 opere
2344 1906 2646 1976 occupatis,
2678 1913 2937 1959 constans
2967 1912 3106 1971 erat,
3142 1906 3385 1975 nihilque
3413 1907 3479 1959 de
3520 1908 3630 1975 pri-

371 2005 596 2073 ἐπῇδεν⁴
652 2006 984 2074 Εὺλωγήσω
1024 2008 1130 2059 τὸν
1163 2009 1384 2076 Κύριον
1416 2008 1485 2059 ἐν
1527 2007 1705 2060 παντὶ
1745 2006 1945 2074 καιρῷ,

2050 1999 2192 2051 stina
2224 2000 2392 2052 animi
2425 1998 2801 2067 magnitudine
2834 1996 3164 2063 remittebat,
3201 2013 3267 2051 ac
3312 2014 3527 2053 versum
3560 2016 3625 2053 ex

368 2096 468 2150 διὰ
500 2099 725 2163 παντὸς
764 2099 802 2165 ή
837 2100 1071 2163 ιιῖνεσις
1106 2099 1291 2153 αὑτοῦ
1322 2100 1393 2152 ἐν
1413 2099 1494 2165 τῷ
1517 2100 1770 2168 στόματί
1802 2118 1943 2169 μου.

2047 2090 2187 2144 1ἰιινο
2217 2090 2558 2147 Psalmorum
2599 2091 2887 2144 tormentis
2920 2091 3205 2145 accinebat
3236 2110 3249 2144 :
3309 2091 3624 2145 Benedicam

367 2190 479 2244 Καὶ
523 2193 568 2243 οί
606 2190 702 2261 μὲν
747 2191 854 2245 τῶν
889 2192 1106 2263 σαρκῶν
1149 2192 1404 2257 ἀπέξεον’
1452 2194 1481 2244 ὁ
1509 2191 1565 2245 δέ
1596 2192 1840 2261 ἔψαλλεν,
1870 2192 1946 2256 ὠς

2045 2181 2330 2237 Dominum
2374 2185 2427 2237 in
2468 2184 2610 2237 omni
2646 2192 2891 2249 tempore,
2924 2199 3124 2250 semper
3165 2183 3282 2237 laus
3316 2184 3429 2253 ejus
3453 2186 3507 2237 in
3536 2202 3624 2239 ore

366 2280 527 2333 ἄλλου
579 2282 723 2344 τινος
765 2281 1128 2352 ὑφισταμένου
1175 2283 1273 2354 τὴν
1322 2285 1614 2354 τιμωρίαν.
1662 2284 1944 2350 Διεδέξατο

2044 2277 2202 2330 meo‘.
2222 2276 2398 2346 Atque
2416 2278 2491 2331 illi
2506 2276 2722 2346 quidem
2741 2292 2935 2330 carnes
2949 2277 3205 2330 caedendo
3220 2278 3620 2341 diminucbant;

364 2372 463 2442 τὴν
494 2374 714 2427 κόλασιν
742 2374 944 2443 ταύτην
975 2375 1034 2427 τὸ
1072 2374 1463 2445 δεσμωτήριον,
1512 2376 1606 2428 καὶ
1638 2376 1800 2429 πάλιν
1830 2379 1944 2430 ἐκεῖ

2042 2370 2133 2423 hie
2157 2385 2305 2433 vero,
2333 2371 2641 2440 quasialius
2662 2372 2787 2441 quis
2816 2386 3030 2440 pinnam
3062 2371 3288 2433 subiret,
3317 2372 3618 2440 psallebat:

367 2462 551 2532 Θαῦμα
600 2462 831 2516 ἐτελεῖτο
873 2465 1002 2534 περὶ
1046 2465 1137 2516 τὸν
1182 2464 1356 2532 ἆγιον,
1410 2467 1502 2517 καὶ
1531 2466 1745 2536 νύκτωρ
1790 2466 1939 2537 φωνὴ

2041 2462 2146 2515 hoc
2188 2462 2349 2516 modo
2404 2466 2654 2531 punitum
2686 2478 2877 2517 carcer
2900 2464 3136 2533 excepit,
3183 2478 3247 2516 ac
3276 2479 3469 2517 rursus
3508 2465 3619 2518 illic

366 2551 603 2625 πλήθους
625 2554 932 2623 ψαλλόντων
971 2554 1217 2623 ἠκούετο,
1268 2556 1359 2608 καὶ
1388 2556 1685 2625 λαμπάδων
1718 2557 1937 2621 ἐπιφαι-

2039 2556 2303 2609 miracula
2359 2556 2505 2609 circa
2535 2563 2782 2610 sanctum
2842 2556 3163 2619 edebantur,
3206 2569 3270 2608 ac
3319 2566 3480 2609 noctu
3515 2572 3618 2609 vox

362 2648 588 2711 νουσῶν,
615 2649 690 2711 ὡς
744 2649 801 2700 ἐν
836 2649 1117 2718 παννυχίδι
1152 2650 1292 2717 αὑγὴ
1326 2650 1534 2719 ἑωρᾶτο
1572 2652 1683 2711 τοῖς
1717 2649 1932 2712 ἔξωθεν,

2038 2646 2405 2702 multitudinis
2445 2648 2791 2716 psallentium
2825 2647 3148 2701 audiebatur
3175 2658 3226 2702 et
3254 2647 3433 2701 lacum
3476 2648 3614 2702 allu-

359 2737 437 2802 ὼς
476 2739 687 2793 καὶτὸν
730 2739 1113 2810 δεσμοερύλακα
1144 2740 1279 2813 πρὸς
1324 2738 1422 2809 τὴν
1471 2740 1771 2811 παράδοξον
1813 2740 1934 2808 ὄψιν

2036 2742 2296 2802 centium,
2330 2747 2388 2792 ut
2410 2740 2462 2792 iu
2495 2749 2761 2793 nocturna
2798 2738 3230 2807 pervigilatione,
3259 2738 3519 2808 splendor
3550 2740 3618 2793 ab

360 2830 455 2883 καὶ
480 2830 646 2901 ἀκοὴν
680 2831 1040 2901 ταραχθέντα,
1082 2831 1407 2901 εἰσπηδῆσαι
1437 2834 1515 2894 εἰς
1545 2831 1634 2883 τὸν
1669 2831 1929 2894 οἰκίσκον,

2051 2833 2120 2887 iis
2172 2834 2263 2901 qui
2302 2831 2434 2885 foris
2483 2840 2639 2885 erant
2692 2831 3151 2899 conspiciebatur,
3189 2831 3324 2884 adeo
3366 2832 3614 2885 utetiam

360 2922 454 2974 καὶ
484 2921 683 2991 μηδένα
724 2924 903 2992 εὑρεῖν
934 2924 1073 2993 πλὴν
1107 2923 1200 2975 τοῦ
1233 2923 1509 2994 μάρτυρος
1544 2924 1928 2992 ἡσυχάζοντος,

2032 2925 2272 2979 carceris
2295 2933 2481 2979 custos
2526 2924 2741 2977 insolita
2784 2932 2946 2992 atque
2972 2923 3279 2976 admirabili
3313 2923 3525 2978 visione
3562 2931 3616 2977 et

359 3013 453 3066 καὶ
480 3014 586 3065 τῶν
620 3013 793 3067 ἄλλων
825 3015 1117 3083 δεσμωτῶν
1161 3015 1544 3069 καθευδόντιειν.
1618 3015 1832 3085 Ἐπειδὴ
1877 3015 1932 3067 δὲ
1964 3010 1991 3065 C

1983 3010 2316 3071 Iauditione
2362 3015 2615 3069 turbatus
2666 3015 2897 3069 insiliret
2972 3014 3025 3067 in
3086 3014 3499 3077 domunculam,
3560 3023 3615 3068 et

357 3105 568 3159 πολλῶν
597 3107 891 3177 γινομένων
934 3109 1146 3175 ἤκμαζε
1191 3108 1326 3178 πρὸς
1371 3108 1467 3177 τὴν
1509 3107 1799 3177 ὁμολογίαν
1833 3109 1926 3159 καὶ

2028 3110 2302 3163 neminem
2361 3108 2634 3161 inveniret
2681 3114 2877 3176 praeter
2902 3116 3200 3176 martyrem
3240 3107 3614 3176 quiescentem

355 3196 453 3268 τὴν
487 3198 797 3257 εὐσέϐειαν,
839 3194 1002 3267 ἦλθεν
1032 3198 1117 3249 ἐπ’
1148 3199 1309 3250 αὑτὸν
1335 3199 1367 3267 ἡ
1401 3198 1804 3268 κατακρίνουσα
1827 3197 1927 3265 ψῆ-

2027 3210 2081 3254 et
2110 3210 2339 3254 caeteros
2375 3200 2587 3253 vinctos
2614 3198 2970 3252 dormientes.
3008 3197 3370 3270 Posteaquam
3403 3207 3611 3261 autem,

355 3307 487 3359 φος,
536 3290 629 3343 καὶ
676 3290 808 3359 πυρῖ¹
855 3289 1203 3357 τελειωθῆναι
1254 3288 1583 3350 κελευσθεὶς,
1632 3289 1793 3351 αὑτὸς
1829 3290 1925 3359 μὲν

2027 3307 2151 3345 cum
2181 3292 2348 3344 multa
2389 3290 2578 3345 tierent
2612 3306 2676 3345 ac
2708 3298 3053 3345 tentarentur
3091 3292 3145 3345 in
3180 3306 3268 3355 eo,
3297 3291 3362 3344 ad
3395 3289 3613 3345 confes-

355 3382 561 3451 ἀπῆλθε
589 3382 685 3452 τὴν
714 3381 883 3452 καλὴν
914 3384 1007 3434 καὶ
1042 3382 1316 3451 μακαρίαν
1343 3383 1478 3451 πρὸς
1501 3382 1631 3434 Θεὸν
1660 3384 1881 3453 πορείαν
1908 3399 1921 3411 ·

2027 3383 2233 3435 sionem
2263 3387 2318 3435 et
2351 3380 2607 3449 pietatem
2646 3379 2967 3433 obfirinatus
3000 3388 3137 3442 erat,
3187 3382 3394 3450 prolata
3440 3390 3524 3435 est
3556 3383 3609 3433 in

355 3476 487 3545 ἡμῖν
520 3474 574 3526 δὲ
606 3474 703 3545 τὴν
739 3476 957 3544 μνήμην
983 3474 1076 3527 τοῦ
1105 3475 1311 3543 ἀγῶνος
1340 3474 1679 3528 διδασκὰλιον
1709 3476 1923 3528 κατέλι-

2026 3489 2149 3527 cum
2189 3476 2455 3529 sententia
2520 3473 2991 3538 condeumatoria,
3046 3482 3101 3529 et
3154 3476 3261 3544 igni
3293 3477 3488 3531 conﬁci
3555 3488 3609 3532 et

353 3580 453 3631 πε,
483 3567 643 3629 λαοὺς
670 3566 964 3635 ἀθροίζων,
996 3567 1291 3636 ἐκκλησίαν
1326 3566 1625 3629 παιδεύων,
1665 3566 1923 3635 δαίμονας

2026 3565 2401 3618 consummari
2472 3564 2685 3633 jussus,
2761 3564 2877 3632 ipse
2935 3564 3156 3634 quidem
3234 3568 3497 3634 praeclaro
3546 3584 3610 3620 ac

352 3657 703 3719 ἀπελαύνων,
756 3658 1022 3726 ἀγγέλους
1068 3658 1375 3727 εἰρηνικοὺς
1418 3658 1692 3725 κατάγων,
1745 3660 1924 3727 ζητῶν

2026 3656 2188 3711 beato
2223 3657 2415 3710 itinere
2464 3655 2598 3709 abiit
2621 3655 2685 3708 ad
2714 3655 2915 3710 Deum:
2947 3657 3106 3711 nobis
3137 3672 3265 3711 vero
3291 3660 3606 3712 memoriam

352 3749 491 3821 ὑπὲρ
525 3748 679 3820 ἡμῶν
712 3750 863 3821 παρά
890 3750 1025 3803 Θεοῦ
1055 3750 1122 3804 τά
1165 3750 1531 3821 συμφέροντα,
1576 3751 1806 3819 ἰατρεῖον
1838 3751 1923 3803 νό-

2023 3746 2344 3799 certaminis
2391 3759 2489 3813 pro
2511 3744 2763 3797 doctrina
2826 3744 3072 3812 reliquit,
3123 3745 3354 3813 populos
3378 3759 3608 3815 congre-

350 3858 459 3895 σων
490 3841 748 3894 ποικίλων
780 3840 871 3895 τδν
906 3842 1070 3894 τόπον
1104 3841 1288 3894 τοῦτον
1336 3840 1806 3912 ἀπεργασάμενος,
1843 3841 1921 3893 λι·

2024 3852 2182 3907 gans,
2202 3835 2500 3889 Ecclesiam
2515 3834 2792 3897 erudiens,
2810 3834 3087 3888 diemonas
3108 3848 3302 3889 arcens
3314 3843 3367 3889 et
3384 3834 3604 3904 fugans.

352 3930 488 4001 μένα
519 3931 625 3983 τῶν
664 3931 1071 4001 χειμαζομένων
1116 3934 1234 3994 ταῖς
1274 3932 1505 4001 θλίψεσι,
1552 3935 1797 4002 πενήτων
1830 3934 1923 3985 εὑ-

2024 3930 2245 3998 angclos
2271 3930 2529 3997 paciﬁcos
2555 3926 2844 3992 reducens,
2878 3942 3076 3996 rogans
3104 3942 3133 3980 a
3164 3926 3275 3980 Deo
3322 3943 3422 3997 pro
3449 3928 3608 3982 nobis

348 4022 511 4093 θηνου
520 4023 691 4093 μένων
716 4027 975 4094 ταμιεῖον,
995 4024 1287 4095 ὁδοιπόρων
1310 4024 1532 4077 ἀνεκτὸν
1558 4025 1918 4094 καταγώγιον,

2024 4021 2203 4084 utilia,
2272 4020 2546 4070 variorum
2609 4018 2923 4071 morborum
2988 4018 3276 4073 medicina:
3333 4019 3602 4073 oﬂicinam

350 4115 652 4184 πανήγυριν
700 4115 807 4167 τῶν
856 4114 1223 4186 ἑορταζόντων
1272 4115 1523 4187 ἄληκτον.
1565 4116 1627 4169 Ei
1678 4116 1788 4186 γὰρ
1826 4117 1921 4169 καί⁷

2023 4113 2168 4166 hune
2197 4112 2374 4164 locum
2414 4110 2672 4168 ellieiens.
2718 4119 2931 4177 portum
2973 4124 3164 4164 eorum
3217 4110 3309 4179 qui
3354 4111 3604 4165 amictio-

350 4203 701 4269 ἐνιαυσιαίοις
746 4206 961 4275 ἑορταῖς
992 4208 1089 4276 τὴν
1140 4207 1353 4276 ἡμέραν
1398 4208 1602 4277 ταύτην
1638 4207 1915 4278 τελοῦμεν,

2022 4219 2151 4258 num
2190 4201 2604 4271 tempestatibus
2646 4203 2946 4270 jactantur,
2986 4214 3283 4270 pauperum
3319 4202 3601 4260 abundans

347 4293 461 4347 ἀλλ’
488 4294 738 4347 οὐδέποτε
785 4296 940 4365 λήγει
982 4297 1089 4350 τῶν
1130 4298 1273 4351 κατὰ
1322 4300 1554 4370 σπουδὴν
1586 4301 1916 4371 ἀφικνουμέ-
1953 4360 1979 4371 _

1970 4360 1987 4371 ι
2021 4305 2076 4351 et
2105 4297 2388 4365 copiosum
2445 4294 2722 4356 aerarium,
2778 4294 3046 4347 viatorum
3083 4294 3325 4363 quietum
3359 4293 3602 4349 diverso-

345 4400 451 4436 νων
471 4382 529 4435 τὸ
549 4383 766 4453 πλῆθος,
786 4360 892 4438 τῶν
915 4387 1217 4456 μυρμήκων
1244 4387 1300 4440 δὲ
1324 4386 1485 4452 σώζει
1508 4360 1606 4458 τὴν
1625 4360 1915 4460 όμοιότητα
1952 4360 1977 4414 ί

1970 4360 2187 4453 )ι·ἰιιῐη,
2256 4387 2434 4439 locum
2486 4384 2753 4438 celebrem
2804 4392 3106 4439 conventus
3160 4399 3225 4439 ac
3288 4385 3406 4441 dies
3432 4385 3602 4442 festos

344 4475 379 4545 ή
430 4475 521 4527 ἐπὶ
550 4476 675 4529 τάδε
730 4478 967 4546 φέρουσα
1017 4477 1309 4549 λεωφόρος,
1359 4481 1468 4532 τῶν
1509 4480 1606 4551 μὲν
1633 4481 1909 4545 ἀνιόντων,

2018 4482 2363 4533 continenter
2409 4480 2703 4546 agentium.
2752 4474 2865 4532 Etsi
2894 4478 3039 4531 enim
3091 4477 3483 4534 anniversariis
3534 4479 3598 4532 fe-

341 4566 451 4619 τῶν
483 4567 538 4619 δὲ
562 4568 986 4639 ὑποχωρούντων
1015 4573 1127 4632 τοῖς
1154 4571 1487 4642 ἐρχομένοις.

2016 4573 2115 4626 riis
2162 4572 2307 4625 hunc
2362 4568 2508 4624 diem
2566 4568 2941 4633 celebramus;
2981 4579 3034 4621 at
3092 4584 3368 4639 nunquam
3419 4579 3597 4626 cessat

342 4662 587 4717 studiose
638 4663 1039 4718 advenientium
1086 4667 1396 4731 multitudo,
1455 4682 1520 4721 ac
1569 4665 1919 4720 formicarum
1961 4666 2379 4723 similitudinem
2423 4672 2604 4719 servat
2639 4678 2703 4718 ea
2753 4678 2874 4733 qua:
2903 4664 3007 4717 huc
3057 4665 3287 4734 pertinet
3353 4665 3440 4719 via
3501 4682 3586 4734 pu-

339 4750 503 4817 blica,
531 4770 653 4807 cum
692 4755 779 4808 alii
830 4756 1047 4824 quidem
1096 4759 1413 4823 ascendant,
1445 4759 1537 4813 alii
1588 4775 1718 4814 vero
1744 4760 2087 4815 venientibus
2113 4758 2327 4814 cedant.

420 4847 611 4918 Ἥμεῖς
649 4848 747 4916 μὲν
775 4843 890 4911 οῦν,
916 4842 960 4901 ὧ
989 4852 1245 4920 μακάριε,
1276 4852 1369 4904 τὸν
1410 4852 1503 4906 τοῦ
1531 4852 1777 4908 ἐνιαυτοῦ
1806 4853 1907 4906 κύ-

2085 4853 2280 4907 Acnos
2303 4850 2549 4921 quidem,
2577 4864 2612 4903 ο
2640 4849 2817 4909 beate.
2850 4849 3181 4916 benignitate
3196 4848 3473 4904 Creatoris
3502 4866 3592 4904 an—

338 4938 464 4992 κλον
534 4938 929 5001 καταλαϐόντες
987 4939 1365 5013 φιλανθρωπίᾳ
1428 4943 1521 4995 τοῦ
1593 4944 1905 5009 κτίσαντος,

2012 4943 2377 4999 niversariam
2441 4942 2637 4996 circuli
2697 4942 3131 4995 vicissitudinem
3202 4941 3440 4994 assecuti
3500 4957 3591 4995 co-

334 5029 667 5099 ὴθροίσαμέν
696 5046 774 5082 σοι
824 5030 924 5102 τὴν
953 5033 1288 5102 πανήγυριν,
1329 5032 1419 5084 τὸν
1450 5033 1591 5105 ἱερὸν
1618 5035 1726 5087 τῶν
1756 5037 1904 5102 φιλο-

2012 5042 2223 5111 egimus
2254 5036 2353 5091 tibi
2388 5034 2664 5105 publicum
2702 5040 3053 5093 conventum,
3084 5046 3324 5090 sacrmu,
3348 5030 3590 5099 inquam,

338 5121 630 5191 μαρτύρων
688 5123 943 5187 σύλλογον
968 5165 981 5181 .
1034 5124 1126 5177 τόν
1170 5141 1229 5177 τε
1256 5125 1432 5179 κοινὸν
1476 5130 1907 5197 προσκυνοῦντες

2013 5125 2344 5197 martyribus
2369 5122 2668 5182 addictum,
2692 5128 2746 5173 et
2770 5133 3120 5171 communem
3162 5116 3452 5173 Dominum
3492 5119 3590 5171 ad-

336 5210 629 5278 Δεσπότην,
684 5213 779 5265 καὶ
826 5212 925 5283 τήν
960 5213 1221 5268 ἐπινίκιον
1250 5214 1631 5285 πληρώσαντες
1659 5217 1764 5270 τῶν
1796 5219 1905 5271 σῶν

2011 5227 2255 5286 orantes,
2272 5225 2326 5272 et
2357 5223 2577 5268 tuorum
2602 5210 2961 5265 certaminum
2995 5209 3235 5263 victoriae
3261 5225 3589 5265 commemo-

335 5298 558 5365 ἀγώνων
593 5300 928 5371 ὑπόμνησιν·
963 5303 1026 5356 σὺ
1056 5304 1130 5365 δὲ,
1160 5303 1317 5375 δεῦρο
1341 5304 1402 5373 δὴ
1434 5304 1748 5376 πρὸςήμᾶς,
1771 5310 1902 5362 ὅπου

2002 5311 2270 5365 rationem
2295 5312 2616 5376 peragentes
2646 5320 2658 5354 :
2688 5310 2745 5355 tu
2778 5315 2928 5363 vero,
2960 5300 3068 5355 huc
3089 5302 3201 5371 jam
3223 5302 3353 5358 ades
3372 5304 3436 5357 ad
3466 5320 3587 5368 nos,

334 5394 451 5443 ποτ’
484 5392 548 5444 ἂν
581 5390 679 5464 ᾗς,
730 5395 829 5464 τῆς
880 5398 1073 5466 ἑορτῆς
1105 5396 1296 5466 ἔφορος
1344 5398 1666 5465 (καλέσαντα
1706 5402 1813 5471 γάρ
1843 5419 1902 5454 σε

2005 5406 2317 5472 ubicunque
2344 5397 2561 5452 tandem
2604 5393 2794 5454 fueris,
2848 5402 2908 5447 ut
2934 5393 3040 5448 diei
3076 5392 3214 5449 festo
3244 5396 3469 5465 pmsis;
3501 5412 3587 5450 vo.

333 5484 771 5555 ἀντικαλοῦμεν)ο
821 5489 915 5540 καὶ
944 5490 1050 5541 εἴτε
1080 5488 1158 5558 τῷ
1188 5488 1376 5559 ὑψηλῴ
1415 5490 1649 5559 αίθέριον
1700 5492 1898 5562 διαιτᾷ,

2004 5502 2217 5551 cantem
2249 5492 2393 5548 enim
2427 5500 2478 5543 te
2513 5498 2702 5541 contra
2738 5500 2999 5540 vocamus
3041 5504 3055 5539 :
3085 5501 3149 5539 ac
3190 5487 3305 5543 sive
3330 5488 3383 5542 in
3416 5488 3576 5544 subli~
3612 5520 3616 5523 ι

328 5578 435 5631 εἴτε
490 5578 608 5631 τινὰ
651 5579 970 5649 ἐπουράνιον
1019 5580 1181 5649 ἀψίδα
1230 5582 1571 5651 περιπολείς,
1628 5584 1661 5653 ἢ
1721 5586 1901 5655 χοροῖς

2003 5588 2075 5642 mi
2098 5587 2298 5642 aethere
2334 5581 2575 5645 habitas,
2607 5579 2721 5634 sive
2756 5594 2852 5650 per
2879 5578 3157 5635 cmlestem
3195 5579 3430 5651 aliquem
3478 5580 3590 5636 cir-

407 5732 421 5761 ¹
454 5729 598 5786 Psal.
644 5747 839 5794 xum,
886 5732 935 5785 1.

659 5871 929 5931 ΡΔτιιοι..
971 5870 1087 5931 (in.
1135 5870 1353 5932 XLVI.

3248 5868 3326 5930 ΞΕ
