4132 6356
461 313 572 384 'm

1607 311 1612 316 ”
1683 311 1740 366 S.
1781 301 2109 363 GREGOltll
2149 293 2442 352 NYSSENI

3614 275 3720 330 748

471 447 647 499 malum
679 439 939 504 versaris,
971 441 1066 491 aut
1097 436 1152 488 in
1188 433 1387 487 choros
1413 429 1732 500 angelorum
1761 435 2051 498 cooptatus
2082 479 2083 483 η

2183 418 2400 488 ιγγέλων
2441 404 2867 475 συντεταγμένος
2893 398 2974 470 τῷ
2998 396 3243 468 Δεσπάιῃ
3281 392 3653 464 παρέστηκας,
3683 393 3718 461 ἢ

471 536 702 591 Domino
736 532 974 593 assistis,
1015 537 1108 582 ant
1141 543 1268 581 cum
1291 525 1586 580 virtutibus
1606 534 1662 576 et
1688 519 2052 591 potestatibus

472 638 531 684 ut
605 641 798 682 servus
867 623 1042 677 ﬁdelis
1105 618 1444 673 adorationis
1497 615 1688 668 ofﬁcio
1738 611 1984 682 fungeris
2035 628 2049 664 :

473 733 770 792 parumper
841 718 910 771 ab
980 714 1048 768 iis
1114 711 1316 764 officiis
1372 707 1712 762 vacationem
1796 703 2055 772 depreca-

475 827 586 878 tus,
641 811 766 871 veni
792 809 860 864 ad
924 808 1024 861 hos
1054 805 1147 874 qui
1180 814 1230 858 te
1261 803 1551 858 honorant.
1603 797 1898 852 invisibilis
1927 797 2058 850 ami-

478 921 575 961 cus
611 924 624 960 :
653 914 924 973 cognosce
949 913 1013 952 ac
1052 899 1166 950 vise
1220 893 1388 948 ferias
1417 907 1538 962 qua
1574 891 1957 950 celebrantur,
1998 894 2056 940 ut

477 997 772 1068 gratiarum
805 991 1073 1046 adversus
1126 987 1295 1041 Deum
1344 984 1697 1052 conduplices
1758 981 2054 1044 actionem,

479 1089 570 1158 qui
595 1101 691 1157 pro
718 1099 826 1138 una
857 1082 1133 1154 passione,
1151 1087 1206 1132 et
1230 1091 1337 1132 una
1366 1076 1454 1147 pia
1485 1074 1828 1129 confessione
1853 1079 1933 1127 tot
1961 1071 2058 1125 tibi

481 1177 950 1235 remunerationes
982 1174 1207 1244 largitus
1238 1177 1322 1227 est
1355 1188 1369 1222 :
1404 1183 1471 1222 ac
1506 1169 1704 1222 laeteris
1734 1165 1804 1220 ob
1836 1163 2061 1234 sangui-

482 1284 604 1323 nem
631 1266 885 1331 effusum,
925 1272 980 1319 et
1040 1262 1186 1334 ignis
1235 1259 1517 1314 cruciatus
1576 1257 1858 1311 toleratos.
1914 1254 2062 1320 Quot

487 1364 627 1417 enim
666 1369 797 1415 tune
825 1357 1077 1428 supplicii
1129 1360 1468 1423 spectatores
1531 1349 1764 1419 populos
1794 1347 2060 1412 habebas,

486 1465 567 1511 tot
598 1468 742 1510 nunc
776 1449 944 1505 babes
981 1446 1206 1502 honoris
1238 1443 1543 1498 ministros.
1564 1437 1860 1493 Multorum
1897 1437 2064 1490 bene-

488 1549 735 1604 ﬁciorum
797 1541 1153 1611 indigemus;
1209 1532 1486 1589 intercede
1520 1547 1584 1586 ac
1632 1529 1926 1600 deprecare
1968 1540 2066 1596 pro

489 1637 662 1708 patria
695 1631 836 1704 apud
869 1641 1212 1684 communem
1239 1638 1420 1694 regem
1459 1629 1514 1676 et
1565 1619 1851 1674 Dominum
1888 1636 1905 1672 ε
1942 1631 2067 1670 nam

491 1728 664 1798 patria
693 1722 946 1794 martyris
965 1728 1048 1774 est
1074 1717 1243 1772 etiam
1274 1716 1430 1768 locus
1447 1711 1739 1782 passionis,
1764 1709 1914 1763 cives
1937 1709 2066 1762 item

2157 483 2294 583 μετά
2317 505 2597 576 δυνάμεων
2614 499 2707 553 καὶ
2731 491 3009 562 ἐξουσιῶν,
3037 489 3110 553 ὡς
3137 486 3322 548 δοῦλος
3352 483 3542 546 πιστὸς
3557 499 3723 550 προσ-

2157 565 2170 583 .
2454 565 2468 576 .

2155 599 2370 660 κυνεῖς·
2445 589 2640 665 μικρὸν
2691 584 2762 640 τὰ
2814 581 2999 636 αὐτόθι
3053 575 3566 647 παραιτησάμενος,
3617 565 3722 642 ἧκε

2157 691 2294 761 πρὸς
2325 663 2457 748 τοὺς
2475 679 2748 754 τιμῶντας
2770 692 2828 728 σε
2865 673 3095 742 ἀόρατος
3127 666 3276 738 φίλος
3295 682 3308 695 ·
3343 663 3625 734 ίστόρησον
3657 663 3726 717 τὰ

2154 780 2472 850 τελούμενα,
2490 775 2579 829 ἵνα
2597 773 2696 841 τὴν
2717 769 2793 831 είς
2820 765 2950 819 Θεὸν
2975 758 3323 832 εὐχαριστίαν
3343 755 3725 827 διπλασιάσης,

2157 876 2248 929 τὸν
2274 848 2390 928 ἀντὶ
2424 869 2626 930 πάθους
2656 863 2792 927 ἐνὸς,
2841 858 2933 912 καὶ
2976 857 3103 927 μιᾶς
3137 849 3392 912 εὐσεϐοῦς
3416 848 3725 920 ὁμολογίας,

2157 967 2425 1027 τοσαύτας
2479 978 2560 1014 σοι
2608 958 2706 1019 τὰς
2747 951 2980 1024 ἀμοιϐάς
3039 945 3442 1018 χαρισάμενονο
3496 942 3730 1012 εὐφραν-

2162 1059 2308 1126 θείης
2340 1057 2397 1110 δὲ
2427 1052 2505 1124 τῷ
2526 1052 2717 1120 αἵματι
2742 1045 2834 1100 καλ¹
2857 1047 2925 1113 τῇ
2945 1042 3037 1095 τοῦ
3055 1038 3224 1108 πυρὸς
3242 1035 3514 1106 ἀλγηδόνι.
3531 1034 3733 1096 Ὅσους

2161 1151 2267 1222 γὰρ
2287 1143 2430 1218 εἶχες
2453 1145 2573 1198 τότε
2601 1141 2762 1202 λαοὺς
2790 1137 2886 1205 τῆς
2907 1131 3177 1203 τιμωρίας
3203 1127 3423 1190 θεατὰς,
3447 1125 3734 1187 τοσούτους

2162 1215 2255 1297 νῦν
2410 1236 2574 1307 τιμῆς
2600 1232 2742 1302 έχεις
2768 1225 3064 1296 ὑπηρέτας.
3092 1219 3385 1292 Χρῄζομεν
3408 1216 3616 1269 πολλῶν
3645 1215 3734 1266 εύ-

2164 1303 2425 1404 εργεσιῶν
2448 1303 2823 1397 (πρέσϐευσον
2857 1317 2994 1388 ὑπὲρ
3044 1313 3144 1382 τῆς
3175 1303 3433 1380 πατρίδος
3473 1306 3608 1378 πρὸς
3640 1304 3735 1358 τὸν

2166 1394 2339 1478 κοινὸν
2367 1394 2584 1491 βασιλέα
2611 1432 2624 1444 ·
2657 1411 2851 1481 πατρὶς
2883 1407 2992 1477 γὰρ
3024 1404 3323 1476 μάρτυρος,
3348 1399 3441 1452 τοῦ
3472 1397 3676 1460 πάθους
3697 1394 3733 1467 ἡ

2167 1514 2319 1586 χώρα
2343 1488 2378 1542 ο-
2407 1509 2618 1564 πολῖται
2644 1505 2700 1556 δὲ
2735 1501 2827 1556 καὶ
2860 1495 3160 1565 συγγενεῖς,
3213 1494 3262 1546 oi
3292 1488 3733 1562 περιστείλαντες

2289 1605 2500 1676 ἔχοντες
2524 1599 2616 1652 καὶ
2637 1595 2926 1667 τιμῶντες.
2945 1584 3307 1659 ’Υφορὼμεθα
3331 1581 3556 1652 θλίψεις,
3580 1595 3740 1650 προσ-

2171 1672 2413 1768 δοκῶμεν
2450 1691 2746 1752 κινδύνους,
2778 1685 2838 1739 οὑ
2877 1683 3092 1756 μακρὰν
3140 1681 3191 1732 οἱ
3227 1678 3493 1746 ἀλιτήριοι
3539 1672 3738 1725 Σκῦθαι

493 1764 664 1798 μω...
693 1764 946 1794 ...υ..,....
967 1764 1048 1774 υ--
1077 1764 1243 1772 ---__--
1277 1764 1426 1768 --νη
1448 1764 1536 1782 Γ-
1703 1764 1738 1773 κ,

491 1831 544 1876 et
575 1819 774 1872 fratres
807 1823 859 1869 et
882 1811 1118 1884 cognati,
1145 1810 1238 1879 qui
1262 1813 1316 1862 et
1333 1805 1536 1861 habent
1557 1818 1680 1858 eum
1699 1811 1753 1857 et
1779 1809 2002 1856 tuentur
2017 1807 2071 1854 et

2183 1794 2262 1846 τὸν
2303 1788 2424 1844 καθ’
2474 1785 2630 1857 ἡμῶν
2681 1781 2957 1840 ὠδίνοντες
2987 1774 3255 1844 πόλεμονο
3303 1769 3378 1832 ὡς
3409 1764 3742 1839 στρατιώτης

2377 1879 2386 1884 ‘
2643 1875 2655 1884 ·
2797 1871 2809 1884 ι
2988 1867 3002 1884 ε
3059 1866 3076 1884 ι
3100 1882 3113 1884 -
3150 1864 3254 1884 -μοη.
3284 1854 3578 1884 r---§_.'.i-...
3607 1858 3705 1884 .--ε

493 1917 691 1965 ornant
715 1917 875 1976 atque
905 1905 1199 1966 honorant;
1231 1898 1493 1953 timemus
1510 1895 1856 1958 aﬂlictiones,
1875 1908 2071 1963 exspe-

493 2012 708 2057 ctamus
734 1997 996 2069 pericula;
1029 2009 1135 2050 non
1165 1995 1325 2063 longe
1357 1989 1554 2046 absunt
1589 1986 1808 2044 scelesti
1857 1983 2072 2056 Scytha:

496 2094 696 2148 bellum
728 2089 1018 2145 adversum
1061 2100 1160 2141 nos
1200 2082 1603 2155 parturientes;
1653 2085 1713 2133 ut
1761 2077 1920 2132 miles
1954 2091 2074 2146 pro-

498 2201 677 2257 pugna
700 2186 824 2256 (pro
858 2181 1062 2252 nobis),
1085 2187 1143 2234 ut
1163 2185 1370 2248 martyr
1397 2190 1496 2246 pro
1528 2172 1814 2228 conservis
1844 2167 2076 2223 utereli—

500 2280 710 2333 bertate
753 2272 1034 2345 loquendi.
1075 2269 1300 2325 Etiamsi
1357 2265 1631 2338 superasti
1679 2261 1974 2322 saeculum,
2021 2265 2076 2313 at

501 2370 645 2424 nosti
670 2367 900 2422 affectus
932 2372 985 2419 et
1013 2379 1146 2418 usus
1182 2359 1647 2425 necessitatesque
1672 2355 1924 2412 humanae
1953 2365 2078 2405 con-

504 2461 728 2517 ditionis
763 2466 924 2530 :pete
957 2469 1169 2526 pacem,
1198 2459 1257 2506 ut
1291 2450 1346 2504 hi
1374 2448 1575 2521 publici
1623 2453 1929 2501 conventus
1970 2457 2078 2496 non

505 2553 793 2607 desinant:
837 2562 904 2603 ne
924 2544 1292 2602 debacchetur
1322 2548 1487 2610 atque
1513 2545 1792 2608 grassetur
1818 2532 2080 2588 adversus

507 2642 710 2712 templa
743 2638 1006 2693 altat-inve
1041 2633 1294 2687 rabiosus
1342 2635 1396 2683 et
1447 2626 1745 2682 sceleratus
1766 2621 2032 2676 barbarus
2060 2635 2075 2672 :

509 2751 580 2789 ne
609 2731 898 2789 conculcet
924 2732 1116 2782 sancta
1145 2719 1412 2794 profanus
1441 2725 1497 2772 et
1541 2714 1764 2785 impius.
1793 2710 1905 2767 Nos
1937 2709 2082 2764 enim

511 2827 702 2888 etiam,
733 2821 878 2892 quod
911 2817 1215 2872 incolumes
1231 2823 1286 2867 et
1317 2809 1514 2880 integri
1538 2803 1844 2861 conservati
1869 2815 2082 2865 sumus,

509 2918 610 2972 tibi
658 2913 980 2970 beneficium
1026 2914 1308 2977 acceptum
1356 2902 1666 2958 referimus.
1702 2895 1948 2949 Petimus
1986 2907 2083 2946 au-

512 3022 623 3066 tem
653 3008 816 3062 etiam
855 3001 1024 3057 futuri
1048 2997 1310 3068 temporis
1342 2993 1654 3066 praesidium
1687 2997 1850 3056 atque
1877 2983 2087 3040 securi-

412 3103 415 3105 ’
513 3109 706 3156 tatem.
743 3095 899 3163 Quod
936 3095 984 3149 si
1043 3089 1238 3161 majori
1278 3088 1442 3142 etiam
1481 3098 1622 3153 opus
1662 3076 1824 3134 fuerit
1855 3077 2088 3131 advoca~

515 3197 668 3248 tione
692 3205 757 3246 ac
809 3187 1221 3258 deprecatione,
1256 3180 1490 3234 fratrum
1533 3185 1752 3230 tuorum
1785 3180 2088 3241 martyrum

515 3301 647 3357 coge
673 3284 925 3344 chorum,
952 3287 1006 3334 et
1035 3291 1158 3330 cum
1185 3271 1448 3328 omnibus
1469 3282 1573 3324 una
1600 3266 1926 3334 deprecare:
1955 3258 2094 3313 ntul-

516 3352 694 3433 torum
725 3374 997 3444 iustorum
1047 3380 1236 3439 preces
1272 3359 1642 3418 multitudinis
1674 3371 1738 3410 ac
1768 3352 2094 3425 pepulorum

517 3477 738 3542 peccata
788 3465 970 3530 luant;
1031 3460 1262 3514 admone
1317 3454 1562 3514 Petrum,
1607 3447 1785 3502 excita
1845 3439 2094 3502 Paulum,

519 3535 785 3619 :loannem
821 3558 948 3611 item
985 3553 1321 3622 Theologum
1356 3561 1419 3600 ac
1458 3541 1784 3612 discipulum
1814 3535 2095 3595 dilectum,

522 3667 578 3710 ut
621 3669 719 3725 pro
752 3646 1015 3705 Ecclesiis
1060 3659 1198 3714 quas
1233 3639 1642 3696 constituerunt
1692 3627 1910 3686 solliciti
1955 3626 2098 3692 sint,

523 3716 639 3820 pro.
666 3743 866 3816 quibus
902 3747 1126 3794 catenas
1163 3738 1538 3805 geStaverunt,
1583 3739 1682 3796 pro
1710 3722 1910 3792 quibus
1957 3716 2103 3788 peri-

523 3841 647 3894 cula
703 3852 766 3890 ac
800 3840 1002 3886 mortes
1051 3829 1314 3890 tulerunt,
1369 3838 1436 3878 ne
1468 3819 1889 3876 simulacrorum
1921 3811 2103 3866 cultus

526 3932 813 3986 adversum
845 3940 946 3980 nos
983 3932 1143 3993 caput
1168 3920 1364 3984 tollat;
1398 3931 1466 3972 ne
1502 3915 1737 3968 ltzereses
1774 3909 1919 3964 sicut
1935 3905 2106 3976 spinae

524 4026 699 4080 vinea:
748 4024 1120 4080 succrescant,
1179 4030 1246 4068 ne
1299 4009 1568 4065 zizanium
1619 4003 1822 4059 editum
1880 3996 2109 4054 suffocet

526 4117 790 4172 triticum.
827 4110 903 4166 Ne
930 4124 1037 4181 qua
1050 4114 1202 4179 petra
1232 4105 1344 4160 veri
1377 4101 1521 4156 roris
1546 4093 1873 4168 pinguedine
1911 4102 2108 4145 carens

530 4202 818 4264 adversum
850 4220 951 4260 nos
971 4203 1220 4262 exsistat,
1249 4207 1304 4254 et
1335 4193 1609 4253 sermonis
1640 4206 1704 4245 ac
1736 4185 1890 4244 verbi
1925 4181 2111 4240 fertili-

530 4304 659 4357 tatis
687 4301 794 4356 vint
845 4296 1046 4351 radicis
1084 4299 1355 4363 expertem
1402 4285 1624 4348 efﬁciat,
1645 4281 1740 4337 sed
1766 4279 1969 4335 virtute
2006 4283 2113 4328 tua:

533 4395 918 4461 sociorumque
932 4400 1152 4442 tuorum
1183 4377 1606 4453 deprecationis,
1636 4391 1668 4431 ο
1693 4373 1776 4429 vir
1793 4365 2114 4426 admirande

533 4501 698 4559 atque
736 4460 878 4541 inter
915 4491 1182 4552 martyres
1230 4477 1477 4533 eminens
1513 4479 1568 4528 et
1607 4466 1900 4528 excellens,
1950 4460 2112 4518 Chri-
2141 4467 2188 4522 ι)

536 4550 839 4637 etianorum
861 4550 1166 4645 respublica
1190 4581 1416 4638 campus
1434 4570 1676 4634 segetum
1699 4557 1980 4618 reddatur,
2018 4550 2112 4623 qui

537 4689 766 4744 campus
789 4671 858 4726 ad
897 4670 1059 4724 ﬁnem
1082 4680 1258 4735 usque
1284 4665 1500 4716 maneat
1531 4657 1588 4712 in
1617 4651 1805 4725 pingui
1835 4647 2112 4717 fertilique

2174 1854 2561 1952 ὑπερμάχησόν
2586 1891 2600 1905 ο
2627 1875 2702 1936 ὼς
2741 1871 2953 1942 μάρτυς
2981 1866 3122 1936 ὑπὲρ
3148 1864 3254 1916 τῶν
3279 1854 3578 1932 ὁμοδούλων
3607 1858 3743 1930 χρῆ-

2173 1992 2262 2027 σαι
2289 1950 2371 2043 τῇ
2418 1965 2717 2040 παρρησίᾳ.
2774 1962 2837 2015 Ei
2867 1960 2962 2014 καὶ
2995 1955 3267 2028 ὑπερέϐης
3308 1953 3400 2006 τὸν
3424 1951 3536 2021 βίον
3558 1989 3576 2014 ,
3629 1950 3744 2004 ἀλλ’

2172 2063 2318 2129 οἶδας
2359 2065 2430 2118 τὰ
2469 2061 2614 2130 πάθη
2661 2057 2756 2110 καὶ
2792 2055 2890 2118 τάς
2927 2052 3116 2124 χρείας
3145 2049 3244 2118 τῆς
3287 2045 3700 2116 ἀνθρωπότητος
3731 2057 3744 2070 °

2175 2160 2395 2229 αἴτησον
2428 2153 2674 2224 εἰρήνην,
2717 2149 2800 2202 ῖνα
2829 2149 2882 2202 αἱ
2923 2140 3258 2218 πανηγύρεις
3282 2131 3442 2192 αὗται
3475 2135 3551 2207 μὴ
3572 2133 3746 2206 λήξω-

2179 2267 2294 2314 σιν,
2351 2247 2438 2300 ἴνα
2493 2243 2569 2314 μὴ
2615 2239 2850 2310 κωμάσῃ
2895 2235 3033 2290 κατά
3077 2231 3220 2288 ναῶν
3268 2229 3303 2300 ἦ
3353 2225 3750 2296 θυσιαστηρὶιυν

2176 2338 2386 2394 λυσσῶν
2414 2336 2510 2390 καὶ
2547 2334 2782 2402 ἄθεσμος
2833 2328 3106 2400 βάρῦαρος
3133 2365 3148 2389 ,
3196 2323 3288 2375 ἵνα
3324 2320 3398 2390 μὴ
3437 2319 3657 2390 πατήσῃ
3683 2316 3751 2369 τά

2179 2435 2308 2505 ἅγια
2356 2429 2596 2503 βέὸηλος.
2655 2427 2846 2498 Ἡμεῖς
2890 2423 2998 2493 γάρ
3057 2420 3150 2473 καὶ
3211 2416 3353 2486 ὑπὲρ
3397 2407 3470 2466 ὧν
3523 2411 3750 2474 ἀπαθεῖς

2181 2501 2581 2598 ὲςρυλάχθημεν,
2604 2521 2687 2574 σοὶ
2715 2515 3042 2589 λογιζόμεθα
3069 2512 3168 2582 τὴν
3191 2507 3539 2580 εὐεργεσίαν·
3576 2501 3754 2558 αἰτοῦ-

2185 2638 2283 2692 μεν
2308 2619 2362 2673 δὲ
2393 2617 2486 2671 καὶ
2522 2613 2614 2668 τοῦ
2657 2613 2938 2685 μέλλοντος
2985 2607 3083 2678 τὴν
3117 2603 3435 2673 ἀσφάλειαν.
3469 2601 3567 2652 Ἂν
3597 2597 3755 2668 χρεία

2181 2689 2404 2782 γένηται
2437 2707 2530 2762 καὶ
2561 2705 2804 2766 πλείονος
2846 2698 3142 2762 δυσωπίας,
3199 2696 3450 2766 ἄθροισον
3475 2692 3567 2744 τὸν
3597 2689 3756 2760 χορὸν

2187 2804 2290 2857 τῶν
2325 2802 2431 2856 σῶν
2460 2797 2703 2866 ἀδελφῶν
2731 2793 2839 2848 τῶν
2887 2789 3200 2862 μαρτύρων,
3234 2788 3329 2840 καὶ
3367 2782 3504 2855 μετά
3537 2780 3757 2833 πάντων

2185 2896 2424 2978 δεήθητι⁸
2483 2890 2692 2947 πολλῶν
2745 2885 2968 2941 δικαίων
3024 2882 3200 2952 εὐχαὶ,
3248 2878 3391 2931 λαῶν
3435 2875 3526 2928 καὶ
3572 2873 3760 2941 δήμων

2187 2963 2462 3058 ἁμαρτίας
2491 2982 2808 3036 λυσάτωσαν
2829 2994 2843 3006 ·
2889 2973 3201 3044 ὑπόμνησον
3231 2970 3456 3040 Πέτρον,
3498 2963 3761 3034 διέγειρον

2188 3055 2420 3142 Παῦλον,
2456 3076 2709 3143 Ἰωάννην
2739 3070 2938 3142 ὁμοίως
2967 3066 3060 3120 τὸν
3112 3062 3359 3130 θεολόγον
3392 3060 3486 3112 καὶ
3509 3055 3660 3127 φιλού
3669 3073 3765 3126 με-

2191 3189 2279 3227 νον
2309 3167 2558 3240 μαθητήν
2577 3184 2590 3197 ’
2625 3160 2692 3218 ἵν’
2721 3161 2860 3232 ὑπὲρ
2897 3158 3011 3212 τῶν
3049 3151 3384 3223 Ἐκκλησιῶν
3416 3149 3482 3214 ἀς
3511 3149 3763 3215 συνεστή-

2195 3281 2356 3318 σαντο
2383 3258 2810 3332 μεριμνήσωσιν,
2842 3251 2981 3322 ὑπὲρ
3004 3242 3078 3303 ὧν
3105 3247 3206 3309 τάς
3237 3243 3452 3305 ἁλύσεις
3476 3241 3764 3311 έφόρεσαν,

2195 3355 2335 3425 ὑπὲρ
2364 3330 2438 3406 ὧν
2457 3330 2596 3413 τοὺς
2625 3347 2901 3408 κινδύνους
2932 3343 3026 3398 καὶ
3064 3340 3189 3404 τοὺς
3222 3337 3480 3398 θανάτους
3507 3330 3764 3404 ἤνεγκαν

2201 3449 2276 3520 μὴ
2306 3424 2720 3513 εἰδωλολατρεία
2760 3439 2872 3512 ἀρῃ
2897 3435 3015 3490 καθ’
3049 3433 3206 3506 ἡμῶν
3239 3428 3483 3499 κεφαλὴν
3503 3467 3518 3491 ,
3569 3426 3643 3497 μὴ
3685 3424 3770 3477 al.—

2203 3519 2377 3612 ρέσεις
2417 3538 2491 3600 ὡς
2539 3533 2773 3590 ἄκανθαι
2813 3529 2891 3602 τῷ
2943 3525 3222 3599 ἀμπελῶνι
3284 3519 3772 3589 ὑποϐλαστήσωσι,

2307 3630 2542 3698 ζιζάνιον
2571 3625 2790 3698 ἐγερθὲν
2830 3622 2994 3696 πνίξῃ
3033 3613 3123 3672 τὸν
3154 3621 3316 3670 σῖτονο
3368 3615 3443 3686 μή
3485 3629 3570 3675 τις
3597 3609 3774 3679 πέτρα

2202 3701 2425 3795 γένηται
2448 3719 2567 3774 καθ’
2593 3721 2628 3790 ἡ
2637 3718 2752 3790 μῶν
2775 3713 3072 3784 λειπομένη
3109 3709 3208 3780 τῆς
3235 3707 3489 3776 πιότητος
3513 3705 3612 3773 τῆς
3645 3701 3775 3770 ἀλη-

2205 3791 2355 3886 θινῆς
2404 3813 2628 3884 δρόσου,
2679 3808 2775 3862 καὶ
2812 3804 3000 3876 ἄριζον
3041 3798 3299 3869 ἀποδείξῃ
3329 3796 3427 3864 τῆς
3473 3791 3776 3862 εὐκαρπίας

2204 3882 2321 3961 τοῦ,
2348 3882 2506 3974 λόγου
2534 3902 2632 3970 τὴν
2679 3900 2939 3970 δύναμιν·
2997 3893 3132 3950 ἀλλά
3169 3893 3236 3962 τῇ
3269 3889 3492 3958 δυνάμει
3537 3884 3638 3953 τῆς
3679 3882 3777 3951 σῆς

2207 3999 2502 4074 πρεσϐείας
2529 3997 2624 4051 καὶ
2655 3994 2763 4048 τῶν
2793 3993 2889 4046 σὺν
2923 3989 3025 4053 σοὶ,
3043 3983 3342 4056 θαυμαστὲ,
3376 3977 3467 4034 καὶ¹
3500 3977 3782 4048 ὑπερλάμ-

2209 4067 2309 4146 πον
2356 4092 2412 4144 ὲν
2437 4090 2548 4152 τοῖς
2583 4087 2820 4158 μάρτυσι
2857 4081 3006 4150 λήϊον
3042 4073 3388 4146 ἀποδειχθείη
3418 4071 3478 4123 τὸ
3505 4067 3612 4121 τῶν
3645 4067 3775 4136 Χρι-

2211 4182 2440 4238 στιανῶν
2468 4157 2762 4248 πολίτευμα
2791 4175 2955 4247 μέχρι
2976 4171 3161 4233 τέλους
3191 4168 3362 4239 μένον,
3399 4166 3456 4216 ἐν
3485 4157 3784 4232 τῇ’λιπαρᾷ

2211 4276 2306 4329 καὶ
2331 4273 2592 4344 εὐκάρπῳ
2613 4270 2713 4342 τῆς
2729 4271 2787 4321 ὲν
2807 4261 3027 4336 Χριστῷ
3049 4262 3283 4320 πίστεως
3311 4253 3525 4326 ἀρούρα
3548 4252 3633 4306 ἀεὶ
3658 4266 3786 4319 καρο

2213 4339 2486 4437 ποφοροῦν
2501 4339 2601 4434 την
2623 4339 2840 4415 αίώνων
2868 4357 3035 4428 ζωὴν,
3054 4353 3154 4423 τὴν
3179 4352 3236 4404 ὲν
3266 4344 3486 4418 Χριστῷ
3517 4339 3692 4414 Ἰησοῦ
3707 4339 3786 4410 τῷ

2215 4433 2404 4529 Κυρίιρ
2425 4433 2600 4527 ἡμῶν.
2627 4450 2762 4506 Μεθ’
2795 4443 2856 4504 οὗ
2888 4447 2967 4519 τῷ
2995 4444 3170 4515 Πατρὶ
3203 4440 3320 4511 ἃμα
3345 4437 3424 4508 τῷ
3452 4435 3592 4506 ἁγίῳ
3615 4433 3787 4486 Πνεύ-

2222 4524 2544 4624 ματα-δόξα,
2583 4545 2802 4616 κράτος,
2833 4541 2990 4611 τιμὴ.
3041 4534 3137 4592 νῦν
3169 4531 3265 4587 καὶ
3303 4530 3389 4584 ἀεὶ
3425 4529 3520 4581 καὶ
3554 4527 3634 4589 εἰς
3661 4524 3788 4587 τοὺς

2217 4642 2420 4705 αἰῶνας
2452 4637 2560 4692 τῶν
2585 4633 2819 4690 αἰώνων.
2870 4630 3064 4702 Ἀμήν.

550 4709 766 4744 βιιιιιγυῦ
789 4709 858 4726 “In!
897 4709 1059 4724 ιιι-υν-
1085 4709 1257 4735 υ-υΊ-ν
1285 4709 1495 4716 ---νη------⁷
1533 4709 1563 4712 ν
1618 4709 1635 4725 ι
1717 4709 1747 4723 υ
2021 4709 2037 4717 _

550 4785 683 4825 arvo
715 4767 838 4822 ﬁdei
863 4765 919 4818 in
941 4761 1477 4825 Christum,semper
1495 4751 1734 4807 fructum
1755 4746 1923 4800 edens
1937 4749 2158 4798 aeternae
2190 4737 2339 4803 vitae,
2373 4750 2496 4806 quae
2525 4730 2754 4801 contigit
2782 4743 2879 4799 per
2931 4725 3212 4781 Christum
3251 4716 3437 4773 Iesum
3494 4709 3788 4767 Dominum

550 4801 603 4825 at
621 4801 683 4824 vv
715 4801 838 4822 nuc-
863 4801 919 4818 ιιι
942 4801 1042 4818 υ...
1059 4801 1247 4820 ..ι-...ην
1265 4801 1468 4825 ..ν-..τη
1495 4801 1534 4807 --
1553 4801 1634 4805 _-,
1654 4801 1663 4802 ,
2325 4801 2331 4803 ν
2393 4801 2408 4806 _

541 4870 812 4919 nostrum.
875 4857 1012 4911 Cum
1059 4867 1170 4923 quo
1203 4846 1353 4904 Patri
1382 4843 1546 4903 simul
1575 4848 1630 4898 et
1675 4835 1905 4910 Spiritui
1946 4839 2138 4892 sancto
2159 4826 2356 4901 gloria,
2387 4823 2676 4894 imperium
2698 4827 2753 4874 et
2783 4820 2959 4874 honor
3005 4827 3153 4870 nunc
3178 4821 3232 4866 et
3261 4818 3500 4875 semper,
3529 4810 3584 4858 et
3615 4801 3669 4856 in
3688 4815 3790 4856 sar-

542 4954 668 5010 cula
703 4950 1052 5010 saculorum.
1079 4953 1271 5000 Amen.
