4132 6356
402 294 509 355 749

1508 293 1575 348 IN
1617 290 2117 360 QUADIKAGINTA
2154 290 2560 349 MARTYRES.

3555 284 3662 345 759

424 445 3654 482 Μαι-ΞΜ

1566 592 1865 709 ΤΟΥ
1991 588 2481 708 ΑΥΤΟΥ

1855 810 2210 865 ΕΓΚΩΜΙΟΝ

704 957 877 1047 ΕΙΣ
949 958 1239 1045 ΤΟΥΣ
1306 957 1706 1043 ΑΓΙΟΥΣ
1779 954 2643 1042 ΤΕΣΣΑΡΑΚΟΝΤΑ
2734 947 3345 1041 ΜΑΡΤΥΡΑΣ.

1743 1248 2331 1355 EJUSDEM

1827 1456 1895 1512 IN

1960 1455 2243 1512 LAUDEM

1050 1618 1205 1706 SS.
1297 1614 2157 1723 QUADRAGINTA
2266 1611 2991 1701 MARTYRUM.

1777 1803 1963 1855 Eodem
1987 1799 2281 1865 interprete.

1020 2022 1244 2075 ΛΟΓΟΣ
1286 2023 1364 2077 A'.

470 2133 565 2203 Οἷς
614 2138 868 2193 ἀνιᾶσθαι
921 2138 1046 2202 τοὺς
1094 2138 1323 2202 πολλοὺς
1363 2137 1719 2209 στοχάζομαι.
1770 2137 1983 2202 τούτοις

397 2232 561 2297 αὐτὸς
587 2232 893 2303 ἁγάλλομαι
916 2232 1013 2302 τὴν
1031 2231 1289 2285 δίάνοιαν.
1332 2231 1518 2301 Ἀηδὲς
1542 2230 1675 2302 γὰρ,
1709 2231 1786 2294 ὡς
1811 2233 1979 2298 εἰκὸς,

398 2329 512 2389 τοῖς
551 2325 764 2389 πολλοῖς
814 2324 877 2377 τὸ
921 2326 980 2377 ὲν
1020 2324 1272 2393 ἀλλήλοις
1320 2322 1717 2387 συνθλίϐεσθαι,
1773 2325 1896 2395 ἐμοὶ
1925 2325 1983 2379 δὲ

398 2418 556 2472 τοῦτο
588 2417 882 2488 κεφάλαιον
924 2416 1263 2489 εὐφροσύνης
1296 2416 1460 2469 ἐστίν.
1488 2415 1852 2487 Εὑφραίνεται
1873 2416 1982 2488 γὰρ

397 2510 674 2581 ὀφθαλμὸς
702 2510 795 2564 τοῦ
828 2510 1105 2581 ποιμένος,
1131 2508 1192 2561 τὸ
1215 2508 1465 2579 ποίμνιον
1482 2507 1694 2579 βλέπων
1717 2509 1824 2563 ὑπὸ
1848 2509 1984 2582 πλή-

400 2603 526 2665 θους
595 2601 1131 2673 στενοχωρούμενον,
1198 2599 1289 2653 καὶ
1346 2598 1447 2668 τῆς
1507 2598 1748 2671 μάνδρας
1816 2599 1984 2670 ὑπερ-

398 2695 676 2767 χεόμενον’
746 2693 924 2746 καίτοι
987 2710 1051 2761 γε
1109 2692 1170 2745 ού
1231 2692 1401 2761 μικρὰ
1437 2690 1544 2743 τῶν
1604 2689 1889 2761 προϐάτων
1948 2691 1982 2759 ἡ

399 2784 657 2849 ἔπαυλις,
707 2785 841 2839 ἀλλὰ
883 2783 1074 2854 στενὴν
1105 2785 1249 2836 ποιεί
1296 2782 1393 2854 τὴν
1437 2782 1778 2854 εὐρυχωρίαν
1819 2781 1984 2853 εὐθη-

2013 2031 2056 2086 Α

2653 2012 2913 2072 ORATIO
2950 2016 2970 2067 1
3003 2016 3101 2087 (ο).

2154 2132 2303 2198 Quas
2344 2146 2433 2186 res
2488 2128 2747 2185 existimo
2798 2127 3079 2199 plerisque
3123 2142 3323 2199 graves
3363 2142 3428 2183 ac
3488 2129 3665 2209 ntqlev

2085 2231 2200 2277 stas
2240 2237 2384 2285 esse,
2431 2220 2517 2275 his
2566 2220 2685 2291 ipse
2734 2220 2919 2274 animo
2950 2220 3126 2275 laetor.
3166 2217 3454 2275 Molestum
3515 2222 3662 2277 enim

2085 2314 2344 2369 nimirum
2377 2312 2658 2384 plerisque
2682 2321 2768 2369 est
2797 2311 3087 2382 comprimi
3112 2311 3257 2367 inter
3291 2326 3413 2369 sese
3436 2322 3491 2368 et
3525 2329 3663 2369 con-

2083 2407 2275 2480 stipari
2304 2425 2317 2460 :
2348 2408 2452 2461 hoc
2481 2420 2610 2461 vero
2637 2403 2770 2459 mihi
2804 2418 3031 2460 summa:
3085 2402 3288 2459 latitia:
3337 2414 3447 2463 est.
3492 2403 3667 2460 Laeta-

2083 2510 2174 2554 tur
2197 2501 2343 2555 enim
2381 2499 2575 2554 oculus
2608 2498 2869 2569 pastoris,
2900 2514 3025 2554 cum
3071 2514 3289 2570 gregem
3318 2514 3432 2570 pra:
3474 2499 3665 2555 multi-

2084 2592 2274 2647 tudine
2295 2592 2592 2659 coarctari,
2623 2600 2679 2647 et
2711 2591 2853 2645 ovile
2884 2591 3207 2662 superiundi
3242 2592 3390 2648 videt
3421 2636 3436 2660 ,
3483 2607 3664 2663 quan-

2084 2702 2242 2757 quam
2263 2702 2369 2742 non
2387 2686 2643 2757 exiguum
2660 2684 3133 2765 ovium‘stabulum
3150 2692 3253 2751 est,
3270 2685 3365 2741 sed
3388 2685 3666 2740 laxitatem

2084 2788 2374 2850 angustam
2426 2777 2605 2833 ell‘ecit
2650 2778 3001 2833 multitudine
3051 2793 3181 2847 grex
3211 2777 3523 2834 abundans.
3554 2776 3669 2833 Hu-

397 2878 656 2947 νούμενον
684 2876 765 2947 τῷ
786 2877 979 2947 πλήθει
1001 2876 1061 2928 τὸ
1091 2874 1359 2945 ποίμνιον.
1378 2873 1628 2927 Τοιοῦτόν
1656 2891 1708 2926 τι
1729 2874 1823 2927 καὶ
1855 2873 1982 2943 περὶ

2086 2868 2321 2940 iusmodi
2372 2868 2505 2939 quid
2546 2869 2710 2923 etiam
2748 2870 2897 2924 circa
2937 2867 3228 2924 Dominum
3271 2868 3469 2925 Petrus
3532 2885 3669 2926 con—

398 2968 492 3022 τὸν
538 2968 744 3040 Κύριον
778 2969 805 3020 ό
838 2967 1046 3037 Πέτρος
1087 2964 1211 3019 ἰδὼν
1256 2964 1589 3034 ἁπεκρίνατο
1636 2963 1829 3032 λέγων,
1878 2964 1980 3027 ὃτι,

412 3058 759 3120 Ἐπιστάτα,
794 3060 842 3111 οἱ
890 3058 1061 3127 ὄχλοι
1111 3055 1452 3123 συνέχουσι
1486 3070 1559 3107 σε
1594 3054 1692 3107 καὶ
1736 3055 1985 3108 ἀποθλί-

400 3152 634 3205 ϐουσιν.
662 3152 888 3216 Ὄντως,
917 3147 1099 3212 καθώς
1122 3148 1255 3218 φησί
1283 3164 1387 3200 που
1417 3149 1445 3200 ὁ
1469 3145 1609 3209 θεῖος
1639 3145 1981 3208 Ἀπόστολος,

2084 2960 2329 3030 spicatus
2358 2960 2641 3030 respondit
2672 2960 2759 3015 bis
2785 2961 3003 3016 verbis:
3034 2959 3358 3032 Praeceptor,
3400 2967 3567 3017 turba:
3621 2974 3669 3018 ta

2087 3054 2446 3121 comprimunt
2474 3062 2523 3107 et
2551 3062 2826 3109 caarctant
2845 3054 2883 3106 ί.
2908 3052 3022 3109 Hoc
3053 3054 3213 3124 plane
3241 3064 3347 3122 est,
3375 3065 3434 3110 ut
3463 3057 3667 3111 alicubi

2085 3146 2263 3217 inquit
2299 3147 2521 3201 divinus
2561 3146 2878 3216 Apostolus,
2914 3148 3111 3217 premi,
3143 3154 3197 3201 et
3232 3164 3341 3203 non
3375 3149 3430 3203 in
3495 3165 3671 3221 angu-

396 3243 459 3296 τὺ
485 3242 757 3297 θλίϐεσθαι
777 3243 871 3295 καὶ¹
893 3241 967 3311 μὴ
999 3238 1445 3311 στενοχωρεῖσθαι
1463 3236 1617 3291 τοῦτό
1659 3238 1795 3290 ἐστι.
1816 3237 1982 3290 Παντὶ

2086 3239 2218 3294 stias
2244 3238 2433 3310 redigi.
2492 3238 2627 3292 Dum
2663 3238 2717 3293 in
2746 3239 2893 3293 omni
2923 3254 3002 3301 re,
3041 3238 3255 3309 inquit,
3292 3242 3583 3312 urgemini,
3614 3252 3671 3298 ct

398 3334 528 3405 γὰρ,
548 3335 700 3404 φησι,
726 3333 1050 3402 θλιϐόμενοι,
1070 3331 1183 3385 ἀλλ’
1214 3332 1275 3384 οὐ
1301 3331 1809 3403 στενοχωρούμενοι.
1842 3330 1982 3399 Ἐγὼ

2088 3346 2196 3384 non
2220 3331 2273 3384 in
2305 3331 2590 3400 angustias
2638 3330 2967 3400 redigimini.
2999 3329 3111 3402 Ego
3144 3346 3275 3386 vero
3329 3324 3671 3405 quam‘pro-

398 3424 455 3477 δὲ
488 3424 611 3476 τίνα
650 3423 1069 3493 προχειρίσομαι
1097 3421 1253 3489 λόγον
1284 3420 1377 3473 ἐπὶ
1413 3419 1506 3473 τοῦ
1536 3421 1775 3473 τοιούτου
1804 3420 1985 3473 συλλό-

399 3532 530 3583 γου;
578 3514 673 3579 Τίς
701 3514 862 3568 δώσει
916 3531 1007 3584 μοι
1056 3513 1238 3583 φωνὴν
1290 3512 1589 3580 σάλπιγγος
1627 3512 1984 3583 ὑψηλοτέραν,

400 3609 541 3663 ὥστε
590 3609 934 3680 ύπερηχῆσαι
982 3608 1044 3660 τὸ
1089 3606 1314 3677 πλῆθος,
1359 3607 1452 3659 καὶ
1493 3608 1613 3668 ταῖς
1650 3607 1841 3668 ἀκοαῖς
1879 3603 1985 3657 τῶν

403 3700 831 3771 συνειλεγμένων
858 3698 1217 3755 ἐναποθέσθαι
1241 3702 1311 3752 τὰ
1340 3700 1594 3770 diutam;
1627 3697 1770 3768 Πρὸς
1793 3697 1845 3749 τί
1876 3696 1986 3749 τῶν

400 3794 829 3863 ἀνεγνωσμένων
862 3790 1066 3864 τρέψας
1086 3791 1325 3862 ἐμαυτοῦ
1347 3792 1444 3861 τὴν
1466 3789 1725 3853 διάνοιαν,
1753 3789 1985 3858 πρόσφο-

405 3907 495 3960 ρον
526 3887 735 3960 ὲξεύρω
764 3890 877 3951 τοῖς
920 3886 1157 3956 παροῦσι
1196 3885 1288 3938 τὸν
1330 3884 1525 3953 λόγον;
1578 3884 1747 3946 Πολὺς
1791 3883 1819 3935 ό
1864 3881 1984 3936 Ἰὼϐ

400 3980 670 4034 παιδεύων
705 3981 785 4043 εἰς
808 3978 1059 4051 ἀνδρείαν
1098 3976 1187 4032 τὸν
1212 3976 1325 4047 βίον
1355 3978 1467 4039 τοῖς
1496 3974 1617 4029 καθ’
1646 3973 1838 4028 ἑαυτὸν
1861 3974 1986 4026 ὑπο-

399 4072 678 4143 δείγμασι,
719 4070 887 4133 πολὺς
920 4072 949 4123 ό
986 4067 1399 4140 Παροιμιαστὴς
1436 4070 1546 4131 τοῖς
1576 4066 1883 4136 αἰνίγμασι.
1918 4065 1983 4117 Τί

401 4163 447 4217 δ’
462 4163 547 4227 Adv
574 4179 657 4225 τις
678 4162 822 4215 εῐποι
849 4160 978 4231 περὶ
1004 4159 1097 4214 τοῦ
1124 4157 1267 4229 ἱεροῦ
1316 4156 1657 4221 Ἀποστόλου,
1695 4156 1752 4220 ὃς
1782 4156 1847 4209 ὲκ
1883 4156 1984 4208 τῶν

404 4255 656 4327 ἀρρήτων
691 4252 951 4324 ῥημάτων
994 4251 1217 4305 ἐκείνων
1247 4249 1285 4303 ἃ
1323 4249 1464 4321 ὑπὲρ
1508 4252 1606 4319 τὴν
1638 4246 1985 4318 ἀνθρωπίνην

403 4345 545 4399 εἷναί
571 4362 703 4415 φησι
731 4344 1078 4414 κατανόησιν,
1104 4343 1246 4414 τάχα
1282 4341 1372 4396 διὰ
1404 4342 1503 4412 τῆς
1524 4338 1661 4411 πρὸς
1705 4339 1984 4409 Ἐφεσίους

401 4437 747 4499 διδασκαλίας
785 4437 881 4489 καὶ
926 4437 1058 4506 ἡμῖν
1105 4434 1409 4505 ύπελάλησε
1447 4434 1537 4486 τὸν
1587 4432 1900 4503 ἀπόρρητον
1926 4431 1984 4482 ἐν

402 4527 482 4598 τῷ
548 4527 769 4597 σταυρῷ
823 4527 1014 4595 λόγον,
1056 4526 1122 4579 δι’
1165 4528 1504 4597 αἰνιγμάτων
1561 4523 1978 4579 ἀνακαλύπτων.

401 4618 642 4673 Τοιαῦτα
662 4619 718 4673 δὲ
740 4620 904 4691 ἕτερα
923 4620 1016 4673 καὶ
1036 4620 1104 4673 τὰ
1124 4620 1188 4673 ὲκ
1212 4620 1312 4690 τῆς
1334 4618 1655 4689 ψαλμῳδίας
1683 4620 1979 4689 μυστήρια,

400 4711 727 4783 ἀνάμνησις,
762 4712 857 4764 καὶ
906 4711 1299 4783 στηλογραφία,
1334 4711 1429 4764 καὶ
1462 4710 1756 4781 ἑπιλήνιος.
1797 4708 1983 4763 Ταῦτα

401 4805 510 4875 γὰρ
548 4806 608 4857 ὲν
632 4806 753 4867 ταῖς
792 4805 1128 4875 ἐπιγραφαῖς
1162 4804 1269 4856 τῶν
1296 4803 1827 4872 ὑπαναγνωσθέντων
1853 4804 1983 4873 ἡμῖν

398 4897 633 4969 ψαλμῶν
663 4897 1117 4966 κατανοήσαντες,
1148 4896 1210 4948 οὐ
1248 4897 1450 4967 μικρὰν
1480 4895 1696 4968 ὁρῶμεν
1728 4895 1982 4967 ἀφορμὴν

398 4988 478 5059 τῷ
513 4986 657 5057 λόγῳ
690 4986 779 5039 διὰ
810 4984 917 5039 τῶν
956 4984 1293 5056 αἰνιγμάτων
1320 4986 1624 5058 διδομένην.
1668 4986 1806 5039 Ἀλλ’
1860 4986 1983 5055 ἐμοὶ

399 5079 460 5131 τὸ
496 5078 596 5147 μὲν
620 5079 733 5141 τοῖς
763 5077 1076 5147 εἰρημένοις
1100 5072 1422 5143 ἐπεξελθεῖν,
1448 5078 1702 5149 εὔκαιρον
1736 5073 1875 5130 εἶναι
1897 5076 1982 5130 δο-

403 5174 487 5224 κεῖ
515 5170 754 5242 δευτέρῳ
795 5168 1197 5240 ταμιεύσασθαι
1246 5169 1451 5241 χρόνῳ·
1487 5167 1740 5239 ἐπιθυμῶ
1785 5169 1842 5221 δὲ
1879 5167 1981 5237 τῆς

402 5264 685 5335 παρούσης
722 5263 944 5335 χάριτος
985 5261 1295 5336 πρόσφορόν
1332 5279 1455 5316 τινα
1505 5263 1600 5316 καὶ
1647 5262 1980 5332 κατάλληλον

402 5356 640 5427 ἐξευρεῖν
663 5356 762 5427 τὴν
788 5358 992 5428 φωνήν.
1025 5356 1121 5420 Τίς
1159 5351 1253 5411 οὖν
1296 5357 1447 5410 ἐστιν
1477 5354 1649 5425 αὖτη;
1682 5350 1811 5407 Οἶδά
1861 5370 1983 5407 τινα

481 5494 496 5523 ¹
521 5491 657 5547 Luc.
681 5508 799 5556 vnn,
831 5493 922 5548 45.

457 5626 550 5697 (ι)
591 5625 690 5681 Est
724 5635 906 5683 autem
941 5627 1265 5698 principium
1304 5624 1486 5696 potius
1510 5623 1776 5698 orationis
1807 5638 1835 5698 :_
1854 5636 1978 5676 nam

405 5694 528 5750 cum
566 5702 801 5752 tumultu
861 5694 1204 5768 anc—strepitu
1247 5694 1499 5751 certatim
1542 5694 1982 5768 conﬂuentisct

2009 4744 2052 4803 C

2090 3438 2233 3477 mam
2274 3424 2576 3477 orationem
2604 3423 2659 3477 in
2682 3422 2952 3491 ejusmodi
2984 3432 3257 3479 conventu
3287 3425 3311 3478 ‘!
3342 3426 3467 3496 quis
3517 3426 3670 3481 dabit

2088 3515 2220 3569 mihi
2254 3529 2440 3569 vocem
2471 3515 2599 3568 tuba
2633 3514 2922 3569 clariorem
2953 3523 3008 3569 et
3034 3517 3209 3586 magis
3263 3532 3522 3573 sonoram
3560 3556 3573 3581 ,
3607 3529 3668 3572 ut

2088 3607 2402 3663 resonantia
2464 3607 2760 3678 strepitum
2815 3609 3184 3665 multitudinis
3217 3620 3460 3681 superet,
3512 3620 3567 3668 et
3611 3613 3669 3667 in

2088 3698 2316 3754 auribus
2354 3705 2809 3769 congregatorum
2841 3699 3006 3754 verba
3037 3700 3344 3755 recondat?
3386 3701 3451 3756 ad
3508 3700 3670 3771 quid-

2089 3807 2213 3846 nam
2249 3806 2439 3847 eorum
2472 3808 2593 3861 qua:
2633 3791 2914 3863 (publice)
2963 3793 3103 3847 lecta
3138 3803 3288 3858 sunt,
3313 3802 3496 3850 mente
3547 3810 3669 3849 mea

2085 3900 2353 3941 conversa
2383 3886 2547 3940 rebus
2588 3885 2955 3955 praesentibus
2998 3886 3415 3942 convenientem
3459 3896 3514 3942 et
3570 3903 3668 3942 ac-

2086 3976 2489 4033 commodatum
2529 3978 2853 4045 excogitabo
2879 3994 3187 4033 sermonem
3216 3978 3239 4033 ?
3269 3978 3497 4034 Multum
3528 3981 3672 4036 valet

2084 4068 2187 4125 Job
2214 4072 2269 4124 in
2308 4069 2644 4126 instituenda
2675 4070 2783 4124 vita
2816 4070 2883 4124 ad
2916 4070 3292 4126 fortitudinem
3322 4071 3439 4128 suis
3485 4087 3672 4128 exem-

2086 4162 2191 4233 plis
2216 4202 2230 4220 .
2265 4162 2473 4217 multus
2522 4161 2577 4215 in
2624 4162 2931 4233 aznigmatis
2962 4170 3015 4217 et
3043 4162 3332 4218 verborum
3367 4164 3669 4219 involucris

2085 4252 2323 4321 scriptor
2369 4250 2808 4306 Proverbiornm.
2844 4249 2984 4317 Quid
3016 4251 3143 4307 item
3176 4252 3243 4307 de
3298 4267 3458 4308 sacro
3522 4254 3669 4323 Apo-

2086 4344 2229 4400 stolo
2264 4343 2466 4398 dixerit
2510 4342 2757 4413 aliquis?
2793 4342 2895 4408 Qui
2948 4358 3015 4397 ex
3044 4343 3263 4398 arcanis
3326 4344 3435 4401 illis
3485 4344 3670 4400 verbis

2084 4452 2206 4507 quae
2233 4450 2401 4506 supra
2431 4443 2651 4504 captum
2699 4443 2753 4491 et
2798 4435 3133 4491 intellectum
3189 4436 3489 4490 humanum
3542 4452 3668 4492 esse

2085 4530 2193 4593 ait,
2235 4527 2472 4584 fortasse
2500 4543 2600 4598 per
2647 4528 2980 4592 doctrinam,
3043 4543 3150 4598 qua
3213 4529 3449 4583 instituit
3492 4526 3670 4599 Ephe-

2086 4621 2223 4685 sios,
2263 4621 2428 4675 etiam
2494 4621 2653 4675 nobis
2694 4624 2940 4692 suggerit
2981 4635 3245 4675 arcanum
3281 4621 3336 4676 in
3372 4636 3539 4676 cruce
3576 4636 3672 4691 per

2084 4715 2373 4784 aenigmata
2416 4724 2579 4783 atque
2609 4713 2895 4767 involucra
2941 4713 3233 4768 verborum
3264 4713 3525 4785 detegens
3554 4730 3671 4770 ser-

2092 4821 2332 4860 monem.
2387 4804 2715 4875 Hujusmodi
2767 4806 2895 4860 item
2936 4806 3041 4860 alia
3097 4806 3412 4876 psalmodize
3452 4823 3672 4877 quoque

2094 4901 2378 4971 mysteria,
2438 4898 2748 4954 recordatio
2779 4938 2794 4962 ,
2852 4909 2907 4954 et
2957 4899 3096 4953 tituli
3140 4900 3453 4970 inscriptio,
3490 4909 3545 4956 et
3602 4902 3671 4955 ad

2091 4993 2391 5046 toreularia
2462 4991 2735 5046 celebrata
2796 4991 2999 5045 cantio.
3046 4989 3143 5046 His
3187 4993 3332 5045 enim
3368 4992 3424 5045 in
3468 4992 3669 5047 inscri-

2088 5084 2367 5155 ptionibus
2420 5084 2800 5155 psalmorum,
2841 5083 2935 5153 qui
2992 5082 3153 5139 nobis
3208 5083 3447 5153 praelecti
3496 5094 3668 5150 sunt,

2088 5176 2521 5243 animadversis,
2574 5175 2719 5231 haud
2785 5190 3009 5245 parvam
3072 5176 3322 5231 videmus
3399 5191 3496 5248 per
3551 5177 3671 5248 ipsa

2087 5270 2374 5341 aenigmata
2445 5277 2611 5342 atque
2675 5268 2958 5323 involucra
3033 5268 3325 5324 verborum
3386 5271 3673 5325 materiem

2090 5362 2209 5415 dari
2264 5360 2525 5415 orationi.
2586 5359 2693 5416 Sed
2733 5360 2867 5415 mihi
2947 5361 3168 5431 quidem
3208 5362 3557 5419 commodum
3589 5366 3673 5420 vi-

2089 5632 2520 5700 prmterqnama
2555 5625 2812 5700 proxime
2828 5626 3175 5700 adstantibus
3217 5643 3325 5683 non
3350 5639 3573 5700 posset,
3613 5631 3667 5683 In

2089 5704 2372 5769 posterum
2435 5694 2578 5751 diem
2612 5712 2724 5752 rem
2763 5696 3011 5764 distulit,
3049 5708 3102 5753 et
3133 5694 3380 5769 proxima
3419 5702 3669 5757 oratione

409 5784 529 5823 sese
570 5771 936 5840 constipantis
963 5771 1017 5823 in
1048 5764 1252 5838 templo
1304 5767 1679 5823 multitudinis
1731 5764 1978 5821 exaudiri
2092 5764 2343 5844 absolvit.
