4132 6356
471 369 569 424 τῑςι

1708 362 1766 418 s.
1807 355 2138 417 unseen"
2178 355 2505 441 mssast“

3649 364 3754 419 752

470 488 654 551 detur,
715 497 778 542 ut
824 483 1245 558 explicationem
1302 498 1491 540 eorum
1538 498 1660 554 quae
1712 483 1860 538 dicta
1935 489 2060 536 sunt

2169 483 2332 552 νόμον
2360 483 2458 554 τῆς
2499 483 2712 553 φύσεως
2750 483 2899 549 tam,
2945 487 3135 550 αὐταῖς
3181 489 3300 549 ταῖς
3349 486 3522 548 θείαις
3559 486 3754 556 πλαξὶν

469 578 526 634 in
567 580 799 635 alterum
833 587 1048 648 tempus
1103 577 1424 648 rejiciamus
1451 595 1465 632 :
1493 577 1654 647 cupio
1699 584 1881 632 autem
1928 590 2067 645 prae—

472 671 618 726 senti
640 668 927 727 festivitati
958 670 1373 724 convenientem
1403 675 1457 725 et
1488 666 1957 722 accommodatam
1975 666 2068 719 ali-

473 773 639 830 quam
666 776 857 816 vocem
887 761 1219 830 excogitare.
1276 758 1410 827 Quae
1442 759 1608 829 igitur
1637 771 1721 815 est
1741 758 1900 813 haec?
1928 756 2065 813 Novi

471 852 765 920 quamdam
794 853 966 923 legem
997 862 1201 907 natura
1237 853 1538 923 propriam,
1574 853 1708 922 ipsis
1735 852 1940 908 divinis
1988 861 2068 904 ta-

472 943 618 1001 bulis
645 944 973 1015 insculptam
1009 959 1038 997 ιι
1061 944 1346 999 conditore
1374 944 1511 1015 legis
1541 952 1788 1004 natura),
1812 956 1935 1012 qua
1985 942 2069 1019 ju-

472 1036 564 1092 bet
592 1044 651 1090 ut
679 1036 938 1092 omnibus
985 1035 1144 1090 bonis
1181 1044 1235 1090 et
1269 1034 1496 1099 oﬁiciis,
1545 1049 1888 1105 quaecunque
1936 1049 2070 1104 prte-

471 1129 609 1184 stari
640 1127 874 1198 possint.
901 1126 1166 1183 beneﬁcia
1217 1134 1506 1198 parentum
1552 1141 1777 1183 suorum
1833 1126 2069 1197 quisque

473 1229 811 1293 compenset.
833 1219 1073 1284 Honora,
1096 1220 1295 1290 inquit,
1323 1227 1529 1289 patrem
1556 1229 1702 1272 tuum
1741 1233 1793 1272 et
1843 1228 2068 1271 matrem

476 1326 622 1370 tuam
642 1331 661 1369 :
683 1313 822 1386 quod
847 1324 926 1368 est
949 1314 1263 1369 mandatum
1284 1314 1513 1379 primum
1532 1314 1585 1366 in
1603 1311 2066 1380 promissionibus,

473 1418 533 1461 ut
548 1408 643 1461 tibi
660 1409 785 1461 bene
806 1406 934 1462 sit'.
963 1405 1118 1473 Quod
1146 1406 1189 1460 si
1210 1408 1444 1475 primum
1471 1405 1670 1471 locum,
1701 1405 1844 1474 quod
1874 1403 2069 1458 attinet

474 1497 540 1552 ad
558 1498 999 1569 promissionem,
1026 1498 1234 1553 obtinet
1253 1497 1498 1563 liaeclex.
1518 1505 1573 1553 et
1594 1496 1874 1553 exsecutio
1901 1494 2068 1565 hujus

473 1590 756 1660 proprium
810 1591 1023 1646 lucrum
1088 1590 1365 1645 servantis
1411 1604 1529 1644 eam
1581 1588 1800 1645 exsistit
1852 1589 2069 1655 (honor

473 1679 621 1732 enim
669 1679 993 1748 parentibus
1052 1679 1275 1733 habitus
1331 1679 1626 1733 revertitur
1673 1677 1743 1732 ad
1786 1693 1912 1733 eum
1967 1678 2063 1748 qui

475 1772 646 1840 legem
676 1770 1055 1842 impleverit),
1098 1770 1245 1825 haud
1278 1770 1515 1825 alienum
1568 1768 1753 1834 fuerit,
1796 1785 2067 1840 quemque

2166 571 2607 643 ἐντετυπωμένον
2637 574 2787 646 παρὰ
2811 574 2908 628 τοῦ
2943 574 3233 647 νομοθέτου
3268 575 3369 645 τῆς
3407 573 3622 643 φύσεως
3642 592 3657 606 ο
3692 576 3754 639 ὃς

2170 662 2351 715 πᾶσαν
2391 662 2603 736 ἀγαθὴν
2633 665 2868 737 ἀμοιϐὴν
2891 668 3002 730 τοῖς
3051 664 3204 731 ἰδίοις
3236 665 3484 735 γονεῦσιν
3516 667 3755 721 ἐκτιννύ-

2167 771 2256 808 ναι
2307 754 2540 822 κελεύει,
2588 756 2720 828 ὅσην
2759 756 2826 811 ἂν
2866 760 2899 830 ἡ
2941 758 3170 829 δύναμις
3205 757 3381 830 φέρει.
3437 759 3578 827 Τίμα
3619 758 3754 831 γὰρ,

2169 847 2325 916 φησι,
2356 847 2463 901 τὸν
2495 848 2721 916 πατέρα
2754 864 2871 903 σου
2907 850 3005 904 καὶ
3040 849 3156 917 τὴν
3188 850 3417 920 μητέρα
3456 866 3593 915 σου,
3622 851 3751 918 ἣτις

2166 935 2340 989 ἐστὶν
2373 936 2593 1004 ἐντολὴ
2633 938 2831 1006 πρώτη
2859 940 2929 992 ἐν
2965 939 3369 1010 ἐπαγγελίαις,
3403 939 3505 993 ἵνα
3546 935 3616 994 εὖ
3652 957 3753 994 σοι

2167 1026 2428 1098 γένηται.
2460 1028 2524 1081 Εἰ
2552 1029 2609 1083 δὲ
2635 1031 2903 1100 πρωτεύει
2928 1033 3049 1084 κατ’
3077 1028 3411 1099 ἐπαγγελίαν
3434 1025 3587 1094 οὗτος
3614 1032 3643 1083 ὁ
3666 1031 3753 1083 νό-

2173 1138 2296 1193 μος,
2328 1124 2422 1177 καὶ
2450 1123 2511 1177 τὸ
2546 1124 2875 1196 κατόρθωμα
2914 1126 3105 1179 τούτου
3148 1125 3277 1179 ἴδιον
3306 1126 3495 1197 κέρδος
3517 1126 3609 1180 τοῦ
3647 1144 3752 1196 φυ-

2169 1212 2461 1278 λάσσοντος
2509 1214 2716 1283 γίνεται
2770 1216 3194 1287 (ἐπαναστρέφει
3245 1216 3355 1288 γὰρ
3401 1218 3439 1287 ἡ
3494 1219 3574 1281 είς
3625 1217 3754 1281 τούς

2168 1305 2364 1373 γονέας
2392 1305 2530 1379 τιμὴ
2559 1307 2639 1369 εἰς
2657 1305 2748 1359 τὸν
2777 1306 3177 1379 πεπληρωκότα
3202 1307 3293 1360 τὸν
3320 1307 3528 1377 νόμον)’
3570 1306 3755 1371 καλῶς

2169 1394 2238 1450 ἂν
2269 1394 2381 1467 έχοι
2428 1397 2603 1450 πάντα
2633 1398 2725 1450 τόν
2752 1413 2817 1467 γε
2848 1396 2969 1451 νοῦν
3003 1397 3194 1464 ἔχοντα
3222 1398 3359 1470 πρὸς
3395 1397 3597 1469 ταύτην
3628 1397 3745 1468 βλέ-

2168 1505 2292 1542 πειν
2332 1489 2434 1560 τὴν
2457 1488 2695 1561 ἐντολὴν,
2722 1485 2788 1561 ἦς
2832 1489 2894 1543 τὸ
2932 1490 3105 1561 πέρας
3146 1490 3436 1561 εὐεργεσία
3467 1491 3561 1544 καὶ
3591 1492 3750 1561 χάρις

2167 1581 2260 1635 τοῦ
2294 1583 2616 1653 ποιήσαντος
2639 1582 2868 1650 γίνεται.
2894 1585 2956 1636 Ol
2981 1583 3084 1652 μὲν
3109 1578 3203 1635 οὖν
3235 1583 3335 1652 τῆς
3367 1583 3570 1655 σαρκὸς
3589 1583 3751 1653 ἡμῶν

2169 1675 2424 1745 πατέρες,
2452 1678 2517 1746 τῇ
2545 1675 2667 1729 καθ’
2704 1676 2930 1739 ἐαυτούς
2974 1677 3136 1748 γενεᾷ
3175 1676 3317 1730 κατὰ
3352 1676 3446 1729 τὸν
3484 1676 3543 1741 ἐξ
3574 1677 3753 1749 ἀρχῆς

2168 1764 2350 1829 αὐτοῖς
2400 1764 2758 1836 ἀφορισθέντα
2783 1765 2973 1837 χρόνον
3024 1767 3486 1839 ὑπηρετήσαντες.
3541 1768 3751 1839 ἀπροσ-

475 1831 773 1917 οδηίαιυηι.
790 1831 1014 1933 quidem
1040 1831 1191 1919 certe
1227 1863 1292 1918 ad
1339 1862 1482 1917 hanc
1506 1863 1676 1935 legem
1707 1905 1720 1929 ,
1741 1831 1912 1933 ﬁcu-jus
1940 1831 2060 1920 ﬁnis

2167 1853 2304 1916 δεείς
2346 1831 2459 1909 εἰσι
2499 1831 2601 1926 τῆς
2630 1831 2907 1928 ἡμετέρας
2940 1831 3270 1928 τιμῆςςέξῶ
3299 1858 3397 1912 τοῦ
3425 1857 3540 1929 βίου
3582 1831 3752 1913 παλαι

475 1948 803 2007 beneﬁcium
824 1959 879 2005 et
910 1953 1083 2022 gratia
1105 1952 1226 2022 ejus
1252 1950 1345 2022 qui
1388 1966 1509 2007 eam
1541 1958 1836 2007 exsecutus
1865 1950 2063 2017 fuerit,

474 2043 712 2110 exsistit,
761 2045 1057 2114 respicere,
1111 2059 1342 2113 eamque
1386 2042 1700 2097 observare.
1740 2043 1818 2097 Ac
1879 2042 2064 2100 carnis

474 2134 694 2205 quidem
727 2144 933 2190 nostra:
974 2144 1227 2204 parentes
1276 2136 1418 2189 aetati
1464 2150 1577 2190 suae
1596 2135 1755 2204 juxta
1820 2133 2064 2190 destina-

473 2230 591 2281 tu‘m
623 2227 727 2283 sibi
753 2228 823 2282 ab
849 2227 1012 2285 initio
1042 2235 1259 2297 tempus
1285 2227 1599 2283 ministerio
1633 2228 1883 2297 pnestito
1908 2269 1924 2294 ,
1959 2227 2061 2282 lio-

473 2319 630 2376 noris
659 2320 833 2376 nostri
851 2319 1033 2376 debito
1061 2318 1239 2375 ofﬁcio
1269 2307 1375 2374 non
1403 2320 1637 2391 amplius
1662 2336 1801 2390 opus
1823 2320 2063 2387 habent,

473 2426 601 2466 eum
651 2412 980 2482 jampridem
1011 2411 1355 2467 excesserint
1383 2427 1414 2466 e
1456 2413 1591 2477 vita,
1636 2413 1774 2467 adeo
1830 2419 1893 2466 ut
1951 2427 2060 2466 non

474 2504 822 2560 exstantibus
851 2503 922 2559 iis
948 2504 1039 2575 qui
1070 2496 1406 2558 beneﬁcium
1453 2503 1724 2572 accipiant
1748 2546 1766 2571 ,
1789 2504 2060 2572 ejusmodi

474 2595 560 2651 lex
594 2595 810 2666 impleri
840 2608 947 2651 non
985 2595 1179 2664 possit.
1206 2593 1315 2685 Lex
1346 2610 1474 2649 vero
1491 2596 1647 2664 jubet
1688 2610 1790 2652 nos
1820 2597 1873 2650 in
1896 2611 2061 2666 opere

473 2694 763 2744 versantes
789 2686 1056 2757 consequi
1086 2687 1527 2757 promissionem.
1562 2687 1747 2758 Neque
1781 2689 1927 2743 enim
1964 2691 2060 2745 ﬁe-

480 2779 529 2833 ri
584 2784 768 2848 potest
797 2786 857 2832 ut
888 2786 1173 2833 cessantes
1222 2776 1275 2830 in
1318 2790 1482 2847 opere
1529 2778 1865 2832 versantium
1923 2793 2060 2848 prte-

476 2869 584 2924 mia
606 2869 910 2924 obtineant.
932 2868 1072 2934 Quid
1106 2867 1273 2939 igitur
1300 2881 1458 2938 agere
1483 2877 1719 2938 Oportet,
1742 2869 2058 2938 parentibus

470 2973 583 3012 non
615 2959 982 3021 exstantibus,
1010 2973 1137 3013 eum
1162 2958 1255 3028 qui
1289 2968 1344 3013 et
1372 2959 1793 3029 promissionem
1837 2961 2055 3030 assequi

474 3051 681 3121 cupiat,
715 3058 770 3105 et
807 3051 1075 3105 rationem
1097 3051 1407 3121 excogitare
1449 3066 1555 3105 non
1592 3052 1789 3120 possit,
1821 3068 1928 3122 qua
1962 3068 2055 3109 ra-

473 3144 623 3198 tione
658 3143 711 3197 id
740 3143 885 3213 quod
916 3144 1125 3214 expetit
1151 3184 1167 3207 ,
1207 3143 1504 3198 obtineat?
1528 3142 1786 3198 Profecto
1835 3147 2055 3199 solvunt
2081 3173 2124 3231 ε

473 3233 639 3290 nobis
675 3248 903 3305 prorsus
947 3233 1091 3289 hanc
1145 3236 1557 3304 Perplexitatcm
1597 3250 1658 3289 ea
1701 3250 1822 3305 quae
1875 3238 2055 3293 oculis

475 3324 724 3392 exposita
763 3330 914 3379 sunt.
949 3320 1062 3377 Vos
1102 3324 1247 3377 enim
1277 3339 1400 3377 cum
1436 3323 1592 3377 video
1623 3362 1639 3388 ,
1688 3326 1869 3380 nullos
1914 3326 2055 3382 alios

473 3429 616 3485 opus
644 3415 818 3470 habeo
848 3414 1126 3484 inquirere
1161 3423 1437 3484 parentes.
1473 3413 1582 3469 Vos
1610 3417 1755 3470 enim
1793 3418 1929 3472 estis
1957 3433 2053 3487 pu-

472 3514 588 3560 tres
619 3505 748 3571 mei,
782 3507 872 3576 qui
914 3506 1079 3561 etiam
1140 3506 1382 3575 ipsorum
1424 3507 1557 3560 mihi
1595 3516 1811 3577 patrum
1847 3517 2048 3578 patres.

476 3597 668 3653 Patria
729 3600 875 3654 enim
921 3605 1209 3669 parentum
1237 3637 1252 3661 ,
1294 3599 1347 3652 in
1379 3613 1438 3653 se
1471 3600 1719 3654 continet
1752 3602 1916 3656 etiam
1952 3616 2051 3671 pa-

475 3699 691 3745 rentum
719 3690 1064 3761 dignitatem.
1089 3689 1209 3756 Quo
1244 3690 1411 3760 igitur
1448 3688 1593 3746 facto
1625 3692 1796 3761 legem
1830 3693 2057 3750 honoris

475 3784 633 3837 vobis
681 3783 1029 3852 implebimus
1065 3783 1089 3837 2
1126 3782 1329 3837 Gratus
1380 3784 1524 3838 enim
1567 3785 1800 3853 quilibet
1839 3795 1894 3840 et
1930 3786 2056 3856 pius

478 3874 623 3929 ﬁlius
676 3875 902 3930 senilem
939 3874 1115 3945 patris
1149 3881 1363 3929 aetatem
1396 3874 1515 3929 suis
1543 3873 1737 3931 oﬁiciis
1801 3891 2057 3932 recreans

474 3971 529 4019 et
565 3964 877 4019 t-el'ocillans
906 4004 921 4029 ,
969 3972 1243 4021 sustentat
1291 3975 1456 4034 atque
1507 3964 1799 4021 conlirmat
1857 3966 2051 4021 vitium

474 4054 892 4118 imbecillitatis,
928 4055 1044 4126 ipse
1102 4055 1242 4126 patri
1277 4055 1522 4108 omnium
1565 4058 1738 4110 vicem
1769 4065 2053 4125 praestans.

479 4144 632 4203 Unde
667 4148 1173 4216 rejuvenescentcm
1213 4150 1266 4200 in
1293 4148 1404 4201 ﬁlio
1445 4156 1651 4217 patrem
1680 4148 1853 4204 videri
1907 4149 2050 4204 licet.

474 4239 553 4292 Ac
578 4253 976 4308 nonnunquam
1035 4239 1197 4292 etiam
1244 4254 1436 4293 manus
1473 4239 1663 4295 senilis
1697 4254 1763 4295 ac
1819 4243 2053 4297 tremula

470 4329 778 4400 juventutis
808 4331 998 4401 vigore
1032 4344 1095 4381 ae
1144 4329 1345 4383 robore
1378 4345 1439 4384 se
1471 4329 1722 4386 reﬁciens
1753 4341 1808 4386 et
1836 4331 2053 4388 refocil-

2167 1945 2468 2017 γενόμενοι,
2509 1947 2585 2011 ὡς
2615 1947 2690 2018 μὴ
2716 1948 2940 2003 δυνατὸν
2971 1945 3105 2003 εἶναι
3145 1950 3236 2003 τὸν
3260 1950 3503 2005 τοιοῦτον
3529 1952 3749 2023 πληρῶ-

2166 2054 2256 2090 σαι
2293 2036 2479 2107 νὸμον,
2531 2039 2641 2092 τῶν
2683 2039 3093 2111 ὑποδεχομένων
3121 2043 3220 2113 τὴν
3257 2043 3505 2097 εὐποιίαν
3532 2045 3634 2098 οὐκ
3657 2045 3747 2098 δν-

2162 2146 2292 2185 των.
2335 2129 2393 2183 Ὁ
2413 2130 2470 2184 δὲ
2497 2130 2660 2202 νόμος
2688 2132 3043 2201 ἐνεργοῦντας
3071 2135 3219 2205 ἡμᾶς
3248 2136 3627 2207 ἐπιτυγχάνειν
3648 2138 3751 2207 τῆς

2162 2224 2496 2293 ἐπαγγελίας
2524 2225 2756 2278 κελεύει.
2795 2225 2931 2279 esse
2966 2226 3076 2298 γάρ
3106 2226 3327 2281 δυνατὸν
3354 2227 3480 2292 τοὺς
3518 2228 3749 2301 ἀργοῦν-

2160 2332 2260 2381 τας
2300 2315 2445 2386 ἔχειν
2475 2316 2586 2369 τῶν
2628 2317 2998 2387 ἐνεργούντων
3027 2317 3097 2371 τὰ
3144 2318 3377 2374 ἔπαθλα.
3408 2320 3475 2374 Τί
3513 2316 3607 2374 οὖν
3639 2321 3750 2394 χρὴ

2161 2408 2445 2477 πράττειν,
2484 2408 2594 2461 τῶν
2624 2408 2826 2476 γονέων
2857 2408 2957 2462 οὐκ
2989 2408 3177 2473 ὄντων,
3209 2410 3302 2465 τὸν
3330 2411 3424 2466 καὶ
3447 2415 3547 2485 τῆς
3576 2415 3748 2483 ἐπαγ-

2162 2497 2349 2566 γελίας
2374 2497 2606 2569 ἐρῶντα,
2631 2497 2724 2551 καὶ
2747 2499 2896 2561 ὅπως
2916 2498 2982 2552 ἂν
3001 2500 3139 2572 τύχῃ
3161 2503 3261 2572 τῆς
3283 2502 3521 2574 σπουδῆς
3543 2503 3748 2574 ταύτης

2160 2590 2555 2656 ἀδυνατούντα;
2587 2589 2698 2644 Ναὶ⁸
2733 2588 2849 2643 λύει
2884 2590 3100 2655 πάντως
3138 2593 3238 2665 τὴν
3275 2594 3585 2666 ἀμηχανίαν
3612 2594 3747 2650 ταύ-

2157 2696 2258 2750 την
2280 2683 2411 2752 ἡμῖν
2427 2681 2497 2735 τὰ
2511 2679 2785 2752 ὁρώμενα.
2814 2681 2990 2751 Ὑμᾶς
3009 2683 3119 2756 γὰρ
3136 2682 3366 2754 βλέπων,
3386 2686 3536 2740 οὐδὲν
3556 2686 3748 2759 δέομαι

2156 2775 2401 2847 πατέρας
2430 2775 2623 2840 ἄλλους
2644 2775 3125 2849 περιεργάζεσθαι.
3143 2778 3333 2850 Ὑμεῖς
3361 2778 3469 2853 γὰρ
3487 2781 3613 2836 ἐστέ
3644 2799 3746 2854 μου

2158 2867 2415 2938 πατέρες,
2449 2869 2497 2920 οί
2530 2868 2625 2920 καὶ
2653 2867 2833 2922 αὐτῶν
2860 2885 2950 2939 μοι
2974 2869 3081 2923 τῶν
3106 2872 3358 2942 πατέρων
3387 2873 3641 2945 πατέρες.
3680 2874 3744 2927 Ἡ

2158 2960 2267 3030 γὰρ
2294 2960 2494 3031 πατρὶς
2524 2958 2633 3013 τῶν
2658 2960 3077 3032 γεννησαμένων
3105 2962 3164 3014 ὲν
3190 2963 3355 3035 ἑαυτῇ
3387 2965 3626 3036 πριέχει
3652 2967 3751 3020 καὶ

2155 3050 2217 3103 τὸ
2247 3049 2355 3102 τῶν
2384 3051 2794 3121 γεγεννηκότων
2818 3050 3057 3122 ἀξίωμα.
3092 3052 3158 3105 Τί
3180 3048 3273 3107 οὖν
3306 3056 3630 3127 ποιήσαντες
3652 3060 3748 3114 τὸν

2156 3143 2255 3212 τῆς
2283 3143 2447 3213 τιμῆς
2487 3142 2618 3213 ὑμῖν
2661 3143 2825 3214 νόμον
2870 3145 3385 3217 ἀποπληρώσομεν;
3435 3150 3746 3223 Εὐγνώμων

2162 3234 2259 3305 μὲν
2289 3234 2397 3304 γάρ
2424 3250 2508 3298 τις
2557 3238 2684 3298 παῖς
2735 3235 2830 3290 καὶ
2874 3236 3247 3307 φιλόστοργος,
3290 3239 3349 3292 τὸ
3374 3241 3604 3313 γηραιὸν
3647 3243 3745 3314 τῆς

2155 3323 2249 3376 τοῦ
2282 3323 2487 3393 πατρὸς
2521 3322 2734 3393 ἡλικίας
2774 3323 2861 3377 διὰ
2890 3324 2989 3393 τῆς
3037 3326 3167 3396 παρ’
3211 3325 3403 3380 ἐαυτοῦ
3451 3326 3745 3399 θεραπείας

2156 3414 2572 3485 ἀνανεούμενος,
2624 3415 2900 3486 ὐπερείδει
2947 3404 3008 3469 τὸ
3052 3415 3254 3488 σαθρὸν
3294 3417 3392 3488 τῆς
3438 3418 3741 3484 ἀσθενείας,

2158 3503 2321 3567 αὐτὸς
2372 3503 2452 3575 τῷ
2504 3505 2675 3575 πατρὶ
2707 3504 2776 3558 τὰ
2821 3505 3001 3559 πάντα
3042 3505 3353 3577 γενόμενος.
3385 3508 3548 3562 Ὅθεν
3593 3509 3741 3562 ἐστιν

2161 3596 2292 3649 ἰδεῖν
2311 3594 2690 3666 ἁνηὸάσκοντα
2734 3597 2792 3649 ἐν
2823 3595 2901 3667 τῷ
2929 3598 3080 3650 παιδὶ
3107 3596 3200 3652 τὸν
3231 3599 3461 3670 πατέρα.
3492 3599 3602 3654 Καί
3636 3618 3739 3655 που

2158 3686 2253 3739 καὶ
2277 3686 2398 3756 χεὶρ
2428 3686 2771 3758 πρεσϐυτικὴ
2792 3689 2887 3740 καὶ
2916 3689 3248 3762 ὑπότρομος,
3273 3689 3353 3761 τῷ
3376 3690 3618 3762 σθεναρῷ
3642 3693 3741 3762 τῆς

2157 3778 2410 3848 νεότητος
2439 3778 2641 3850 ἑαυτὴν
2674 3779 3047 3845 ἁναπαύουσα,
3086 3782 3458 3854 ἐκκαρποῦται
3495 3783 3590 3838 τοῦ
3616 3786 3739 3839 νέου

2156 3868 2256 3940 τὴν
2281 3868 2529 3939 δύναμιν,
2562 3871 2657 3922 καὶ
2681 3871 2715 3941 ή
2742 3871 2849 3925 τῶν
2875 3872 3051 3927 ποδῶν
3089 3874 3303 3946 κίνησις
3331 3876 3429 3948 ἤδη
3455 3879 3520 3948 τῇ
3556 3877 3740 3947 ῥικνό-

2156 3979 2279 4033 τητι
2310 3963 2416 4015 τῶν
2464 3962 2641 4032 μελῶν
2682 3962 3077 4031 ἐποκλάζουσα,
3122 3968 3343 4039 ἐνεργὸς
3374 3969 3461 4022 διὰ.
3497 3969 3598 4039 τῆς
3642 3969 3741 4024 τοῦ

2155 4056 2348 4108 τέκνου
2373 4054 2606 4125 σπουδῆς
2630 4056 2859 4123 γίνεται,
2883 4057 3261 4129 ὐπορθουμένη
3281 4059 3360 4131 τῷ
3382 4061 3715 4132 ὐπερείδοντι

2155 4148 2274 4202 Κᾶν
2307 4146 2609 4218 ἀμαυρωθῇ
2640 4146 2727 4200 διὰ
2759 4147 2850 4200 τὸν
2888 4149 3077 4220 χρόνον
3108 4153 3142 4222 ἡ
3169 4150 3310 4220 ὄψις,
3342 4153 3501 4207 πάλιν
3528 4152 3617 4208 διὰ
3640 4153 3738 4208 τοῦ

2155 4240 2346 4303 παιδὸς
2373 4242 2402 4293 ὁ
2438 4239 2751 4311 πρεσϐύτης
2787 4239 3082 4314 ὀξυδερκὴς
3117 4244 3346 4313 γίνεται,
3379 4246 3513 4316 πρὸς
3540 4247 3609 4300 τὰ
3635 4246 3738 4316 τῆς

2156 4333 2302 4404 ζωῆς
2321 4335 2591 4403 ἀναγκαῖα
2613 4335 3140 4406 χειραγωγούμενος.
3171 4338 3362 4409 Ὑμεῖς
3376 4340 3435 4393 δὲ
3456 4341 3488 4411 ὴ
3512 4340 3731 4411 πατρὶς,

476 4421 597 4479 laus
617 4462 631 4487 ,
661 4420 875 4476 fructus
897 4436 965 4476 ex
1011 4421 1225 4477 viribus
1261 4420 1480 4490 juvenis
1524 4422 1930 4490 quodammodo
1960 4440 2052 4480 ca-

2159 4428 2254 4497 οὐχ
2277 4425 2451 4488 οὕτως
2478 4425 2629 4495 ἔχετε
2658 4425 2735 4489 ὡς
2758 4425 2963 4480 τούτων
2993 4428 3292 4482 ἐπιδεῖσθαί
3319 4447 3486 4494 τινος.

476 4515 580 4585 pit.
612 4522 665 4568 et
693 4525 877 4568 motus
907 4517 1141 4584 pedum,
1178 4515 1480 4570 incurvatis
1538 4515 1651 4585 jam
1710 4520 1977 4577 membris
2039 4525 2349 4584 labascens,
2401 4519 2495 4575 ﬁlii
2552 4520 2735 4576 studio
2782 4521 3145 4580 suﬂulcientis
3203 4525 3521 4584 sublevatus
3575 4544 3732 4586 suam

475 4608 673 4677 recipit
717 4608 1013 4663 elﬁcaeiam
1056 4618 1112 4664 et
1151 4610 1415 4679 vigorem.
1444 4610 1601 4676 Quod
1634 4612 1679 4668 si
1726 4622 1971 4686 tempore
2024 4620 2179 4675 visus
2214 4619 2544 4674 obscuratns
2596 4618 2690 4679 sit,
2746 4632 2844 4687 per
2884 4619 3053 4673 ﬁlium
3098 4635 3265 4676 senex
3294 4661 3311 4685 ,
3361 4620 3489 4677 dum
3560 4639 3728 4682 manu

485 4698 708 4752 ducitur
735 4698 801 4752 ad
836 4714 925 4751 res
960 4699 1083 4751 vitae
1116 4698 1489 4764 necessarias,
1527 4700 1678 4755 visus
1711 4715 1943 4760 acumen
2016 4707 2248 4777 recipit,
2315 4714 2369 4761 et
2424 4705 2709 4775 perspicax
2758 4707 2963 4763 evadit.
3015 4707 3127 4764 Vos
3165 4719 3347 4767 autem
3373 4750 3390 4777 ν
3437 4712 3533 4784 qui
3590 4702 3727 4770 mihi

475 4807 578 4863 pro
632 4794 808 4862 patria
844 4793 1015 4853 estis,
1066 4807 1176 4845 non
1230 4791 1266 4845 ii
1314 4793 1447 4847 estis
1479 4794 1571 4863 qui
1626 4796 1807 4866 aliqua
1851 4797 2048 4854 harum
2087 4816 2272 4857 rerum
2302 4799 2614 4869 indigentis.

544 4882 686 4951 Quid
717 4884 884 4954 igitur
921 4883 1171 4938 faciendo
1199 4885 1600 4941 benedictionis
1642 4889 1881 4943 mandati
1926 4889 2047 4945 fru-

471 4984 622 5032 ctum
653 4974 1065 5046 perciplemus?
1091 4972 1246 5039 Quod
1278 4974 1483 5029 donum
1512 4976 1669 5032 vobis
1709 4987 1924 5047 gratum
1964 4982 2048 5034 of-

472 5066 745 5130 feremus,
768 5081 896 5120 cum
927 5065 1135 5119 nullum
1158 5066 1359 5120 bonum
1391 5069 1543 5122 vobis
1568 5070 1753 5124 desit?
1772 5072 1856 5127 An
1879 5074 2045 5129 etiam

473 5162 594 5231 ipsa
635 5160 883 5214 narratio
919 5159 1187 5214 bonorum
1244 5174 1368 5229 quae
1409 5162 1566 5216 vobis
1617 5163 1854 5230 adsunt,
1885 5166 2051 5236 perti-

473 5258 604 5306 neat
640 5252 705 5304 ad
738 5250 980 5306 debitum
1008 5252 1169 5307 vobis
1210 5252 1519 5308 honorem?
1561 5253 1798 5310 Proinde
1830 5263 2046 5327 tempus

479 5341 641 5397 fuerit
683 5343 1144 5399 commemorandi
1189 5352 1322 5413 quot
1350 5353 1404 5399 et
1438 5345 1694 5415 qualibus
1738 5346 1900 5402 bonis
1932 5347 2043 5402 vita

474 5445 660 5489 vestra
680 5443 997 5489 exornetur.
1024 5434 1140 5490 lmo
1175 5426 1307 5491 vero
1330 5451 1439 5491 non
1460 5451 1892 5493 commemorare
1912 5439 2042 5509 (mo-

475 5525 596 5593 do),
614 5539 801 5579 verum
820 5526 984 5580 etiam
1004 5525 1293 5581 ostendere
1308 5526 1455 5582 licet.
1472 5525 1725 5599 Nunquid
1747 5537 1929 5584 autem
1949 5544 2045 5600 pu-

474 5617 606 5674 tatis
627 5616 741 5672 hazc
763 5618 1074 5673 communia
1095 5657 1111 5685 ,
1133 5634 1365 5689 quaeque
1397 5621 1451 5677 in
1480 5629 1740 5692 promptu
1768 5631 1937 5689 sunt,
1959 5623 2046 5679 di—
2071 5695 2108 5705 υ

550 5780 572 5811 ²
591 5778 791 5850 Ephes.
823 5794 901 5846 vt,
928 5777 987 5837 2.

2227 4892 2294 4945 Τί
2326 4886 2418 4945 οὖν
2447 4890 2774 4960 πράττοντες
2800 4893 2899 4963 τὴν
2933 4893 3182 4962 εὐλογίαν
3212 4896 3309 4967 τῆς
3343 4900 3566 4973 ἐντολῆς
3596 4921 3732 4978 mp-

2155 4980 2485 5052 πωσόμεθα;
2524 4981 2587 5033 Τί
2614 4981 2720 5034 τῶν
2753 4985 3164 5056 κεχαρισμένων
3197 4987 3325 5058 ὑμῖν
3353 4990 3731 5065 δωροφορήσο.

2158 5091 2278 5145 μεν,
2331 5071 2556 5145 μηδενὸς
2598 5072 2706 5125 τῶν
2745 5072 2968 5141 ἀγαθῶν
3017 5076 3146 5147 ὑμῖν
3187 5076 3490 5149 λείποντος
3523 5085 3592 5136 Ἢ
3633 5086 3729 5139 καὶ

2156 5164 2288 5220 αὐτὸ
2316 5164 2377 5217 τὸ
2420 5162 2780 5235 διηγήσασθαι
2828 5163 2899 5218 τὰ
2947 5167 3218 5237 προσόντα
3259 5170 3421 5237 καλὰ,
3462 5176 3627 5246 τιμῆς
3660 5177 3729 5230 ἂν

2153 5256 2239 5326 εἴη
2264 5254 2366 5325 τῆς
2395 5254 2847 5327 χρεωστουμένης
2884 5257 3042 5329 ὑμίν;
3076 5259 3285 5315 Οὐκοῦν
3324 5264 3516 5336 καιρὸς
3545 5265 3611 5319 ἂν
3638 5267 3726 5339 εἴη

2150 5346 2326 5401 ταῦτα
2349 5346 2548 5415 λέγειν,
2579 5348 2712 5412 οἵοις
2737 5348 2832 5402 καὶ
2860 5350 3007 5414 ὅσοις
3031 5352 3067 5405 ὁ
3087 5352 3350 5425 ὑμέτερος
3381 5356 3495 5426 βίος
3529 5359 3728 5427 ἐγκαλ-

2148 5439 2461 5505 λωπίζεται.
2491 5440 2705 5495 Μᾶλλον
2734 5441 2791 5495 δὲ
2816 5442 2938 5513 οὐχὶ
2962 5443 3159 5513 λέγειν,
3190 5446 3325 5501 ἀλλὰ
3348 5450 3442 5503 καὶ
3460 5450 3728 5505 δεικνύειν

2149 5531 2431 5603 πάρεστιν.
2456 5528 2535 5585 Ἥ
2562 5549 2665 5585 που
2689 5532 2745 5586 δέ
2773 5534 2948 5587 οἴεσθε
2981 5536 3049 5589 τὰ
3080 5538 3234 5615 κοινᾶ
3260 5538 3432 5595 ταῦτα
3460 5544 3554 5597 καὶ
3589 5545 3724 5615 πρό-

2109 5700 2131 5707 _
2150 5639 2310 5696 χειρα
2340 5623 2553 5708 λέγειν;
2579 5624 2686 5695 Γῆς
2723 5626 2999 5699 εὐφορίαν,
3036 5606 3155 5684 καί
3182 5632 3410 5703 καρπῶν
3443 5606 3726 5704 ἀφθονίαν,
