4132 6356
340 351 445 405 753

1440 356 1510 411 IN
1549 357 2054 424 QUADRAGINTA
2114 361 2207 415 ΜΛ
2221 363 2307 416 ῖὶτ
2320 361 2522 416 YRiﬁS.

3516 363 3616 420 754

335 466 432 518 καὶ
463 462 708 534 ποταμὸν
757 463 1066 535 διαιροῦντα
1092 465 1192 535 τὴν
1233 467 1476 536 οἷκησινς
1513 468 1735 521 Τουτονὶ
1785 469 1929 538 λέγω

2052 471 2203 526 ὀηάει
2226 473 2392 527 esse?
2413 471 2596 528 Terrae
2629 473 2998 542 fertilitatem,
3023 486 3077 530 et
3100 474 3378 532 fructuum
3400 477 3616 547 copiam

333 559 427 610 τὸ)
459 555 538 627 τῷ
572 555 756 626 κύκλῳ
785 557 879 610 τοῦ
924 558 1106 611 πεδίου
1147 558 1208 611 τὸ
1252 559 1464 630 ῥεῖθρον
1510 560 1704 614 ἑαυτοῦ
1751 577 1922 614 κατα-

339 647 604 709 κλείοντα,
632 648 724 700 καὶ
745 647 937 719 λίμνην
957 650 1259 720 γινόμενον,
1285 649 1344 714 ὃς
1371 652 1466 704 καὶ
1489 651 1596 721 πρὸ
1616 652 1709 705 τοῦ
1733 653 1923 723 λιμνά-

341 740 453 804 ζειν
496 740 590 792 κα¹ι
638 739 776 809 μετὰ
813 740 971 793 τοῦτο
1019 741 1156 812 πρὸς
1186 741 1282 812 τὴν
1323 743 1552 795 ἑκάστου
1599 743 1787 815 χρείαν
1816 745 1923 798 τῶν

342 830 693 885 ἐνοικούντων
720 833 1071 902 τεμνόμενος,
1103 834 1239 902 ἄλση
1271 851 1331 886 τε
1363 834 1455 887 καὶ
1479 833 1748 905 λειμῶνας
1777 834 1925 905 φιλο-

341 921 543 992 τεχνῶν
566 921 920 994 διεξέρχεται,
969 923 1063 976 καὶ
1091 924 1289 994 μυρίας
1320 926 1548 995 παρέχει
1577 929 1689 989 τοῖς
1718 926 1925 979 οἰκοῦσι

341 1012 442 1076 τὰς
470 1011 716 1081 χάριτας,
747 1015 885 1083 πρὸς
931 1015 1112 1066 πᾶσαν
1160 1014 1454 1084 ἐπιθυμίαν
1487 1015 1595 1068 τῶν
1629 1016 1926 1086 οἰκητόρων

344 1101 444 1172 τῆς
473 1103 678 1167 πόλεως
707 1104 897 1157 ἑαυτὸν
922 1103 1234 1175 διασχίζων.
1270 1107 1452 1160 ’Ἄλλοι
1482 1105 1654 1161 ταῦτα
1696 1106 1926 1174 λεγέτω-

347 1213 469 1261 σαν,
500 1192 582 1261 οἷς
607 1197 702 1251 καὶ
747 1198 776 1250 ό
808 1197 964 1265 λόγος
1011 1199 1275 1270 ὑπηρετεί
1319 1200 1456 1270 πρὸς
1497 1199 1588 1252 τὸν
1621 1199 1802 1268 ὀγκον,
1835 1199 1928 1253 καί

343 1304 468 1342 τινα
505 1287 660 1360 φέρει
691 1289 1003 1361 φιλοτιμίαν
1044 1293 1158 1353 τοῖς
1202 1294 1693 1363 γεγυμνασμένοις,
1725 1294 1789 1345 ὲκ
1819 1290 1930 1345 τῶν

345 1380 605 1436 τοιούτων
651 1381 831 1449 αῦξων
872 1388 936 1453 τῇ
976 1386 1196 1458 πατρίδι
1235 1386 1324 1440 τὸν
1363 1385 1607 1440 ἔπαινον.
1653 1385 1931 1455 Κοσμικὸς

347 1474 404 1528 δέ
431 1493 512 1539 τις
538 1476 697 1546 ἀνὴρ,
722 1478 815 1529 καὶ
834 1479 900 1548 τῇ
934 1475 1045 1548 ζωῇ
1065 1476 1239 1551 ταύτῃ
1262 1477 1331 1531 τὰ
1358 1477 1498 1532 καλὰ
1525 1476 1731 1550 κρίνειν
1753 1475 1929 1540 εἰδὼς,

349 1565 688 1636 προστιθέτω
731 1569 844 1630 τοῖς
884 1567 1146 1632 ἐπαίνοις,
1181 1569 1228 1620 εί
1277 1568 1444 1630 δοκεῖ,
1487 1567 1581 1620 καὶ
1621 1567 1712 1620 τὸν
1748 1566 1934 1638 ἕτερον

348 1657 460 1710 τῶν
509 1657 790 1728 ποταμῶν.
843 1658 1041 1712 Τοῦτον
1084 1660 1226 1728 λέγω
1266 1659 1356 1713 τὸν
1388 1659 1626 1728 γείτονα,
1671 1660 1729 1723 ὃς
1760 1659 1848 1713 διὰ
1876 1660 1934 1712 τὸ

354 1748 584 1818 μέγεθος
613 1753 726 1814 τοῖς
770 1751 1090 1821 όνομαστοῖς
1131 1751 1239 1803 τῶν
1281 1753 1423 1805 κατὰ
1465 1751 1563 1820 τὴν
1613 1749 1936 1820 οἰκουμένην

352 1840 615 1911 ποταμῶν
645 1841 958 1913 ἐναρίθμιος
991 1842 1086 1906 ῶν,
1115 1842 1224 1896 ἀπὸ
1267 1843 1368 1912 τῆς
1396 1841 1670 1913 ἡμετέρας
1697 1841 1934 1912 ἀρχόμε-

353 1948 444 1996 νος
483 1934 540 1986 ἐν
570 1933 745 2003 χρόνῳ
785 1934 1118 2005 παραμείὸει
1159 1935 1255 2007 τὴν
1291 1934 1464 1996 πόλιν,
1495 1935 1556 1986 ού
1593 1933 1798 2004 μικρὰν
1835 1933 1935 2005 τὴν

356 2030 487 2098 παρ’
521 2029 717 2083 ἑαυτοῦ
741 2031 900 2101 χάριν
928 2033 1006 2093 είς
1031 2030 1347 2102 προσθήκην
1376 2029 1602 2093 κάλλους
1629 2045 1688 2082 τε
1720 2029 1812 2081 καὶ
1838 2029 1937 2098 τῆς

355 2121 645 2193 συνεργίας
673 2123 763 2175 τοῦ
796 2123 913 2193 βίου
949 2122 1016 2177 δι’
1050 2123 1243 2176 ἑαυτοῦ
1280 2122 1669 2194 συνεισφέρων.
1702 2121 1820 2176 Κᾶν
1861 2124 1938 2175 οῑο

356 2211 548 2274 κιστὰς
574 2213 894 2282 καταλέγειν
932 2213 1048 2286 δέῃ,
1088 2214 1188 2268 κᾶν
1215 2214 1274 2281 ἐξ
1303 2215 1559 2278 ἀποικίας
1579 2214 1649 2268 τὰ
1674 2213 1805 2284 γένη
1832 2213 1939 2266 τῶν

355 2305 656 2375 οἰκητόρων
681 2305 1097 2376 άποσεμνύνειν,
1130 2305 1230 2359 κᾶν
1262 2324 1382 2360 τινα
1417 2305 1596 2377 χειρὸς
1633 2306 1940 2376 πολεμικῆς

358 2396 762 2467 κατορθώματα
801 2400 912 2461 τοῖς
951 2399 1070 2452 καθ’
1105 2400 1251 2470 ἡμᾶς
1302 2398 1744 2472 προσδιηγήμασι
1772 2413 1783 2428 ·
1816 2397 1941 2469 τρό-

358 2503 514 2552 παια,
553 2487 645 2540 καὶ
674 2490 863 2560 μάχαι,
895 2489 990 2543 καὶ
1029 2489 1099 2543 τὰ
1129 2490 1185 2557 ἐξ
1229 2487 1504 2561 ἀριστείας
1537 2488 1810 2561 θαύματα,
1843 2491 1943 2543 ὅσα

362 2579 726 2648 συγγραφέων
786 2581 972 2644 παῖδες
1023 2579 1226 2652 βίϐλοις
1281 2579 1704 2652 ἐναπεθὴκαντο,
1753 2581 1945 2654 πόρρω

361 2669 534 2725 ταῦτα
557 2670 650 2724 τοῦ
680 2672 948 2741 ἡμετέρου
979 2671 1163 2744 χοροῦ.
1195 2673 1518 2746 Αίσχύνεται
1546 2673 1656 2744 γὰρ
1700 2689 1945 2744 χριστια-

363 2761 452 2824 νὸς
477 2762 632 2831 λόγος
654 2763 763 2817 ἀπὸ
790 2764 896 2817 τῶν
928 2764 1032 2830 ἔξω
1059 2765 1157 2834 τῆς
1184 2765 1414 2829 πίστεως
1441 2767 1551 2830 τοῖς
1582 2763 1946 2836 φιλοχρίστοις

362 2853 462 2917 τὰς
494 2854 769 2924 εὐφημίας
815 2855 1158 2926 χαρίζεσθαι,
1192 2855 1382 2928 ῶσπερ
1428 2859 1478 2910 οἱ
1518 2859 1617 2928 τὴν
1653 2857 1809 2910 σκιὰν
1851 2857 1946 2911 τοῦ

365 2946 633 3016 ἀριστέως
655 2948 761 3018 πρὸ
783 2948 890 3000 τῶν
920 2948 1196 3020 τροπαίων
1219 2949 1591 3019 σεμνύνοντες.
1618 2948 1830 3004 Οὐκοῦν
1858 2966 1947 3002 τε·-

365 3036 593 3105 τράερθω
629 3037 766 3109 πρὸς
790 3038 857 3091 τά
890 3040 1132 3109 παρόντα
1161 3041 1188 3092 ὁ
1219 3040 1395 3108 λόγος.
1428 3041 1523 3094 καὶ
1548 3042 1638 3094 ὑπ’
1664 3041 1785 3112 ὄψιν
1816 3044 1949 3114 ἡμῖν

2024 572 2079 617 et
2113 563 2550 617 abundantiam?
2592 562 2724 619 Item
2763 579 3022 629 amnem,
3073 568 3168 636 qui
3211 566 3409 622 dividit
3460 568 3620 623 sedes

2027 657 2279 711 vestras?
2303 656 2458 710 llunc
2481 656 2624 721 dico,
2647 659 2740 725 qui
2767 657 2978 712 circulo
3005 669 3092 727 atq
3105 674 3168 713 ue
3195 659 3400 714 ambitu
3435 661 3619 729 campi

2025 745 2286 802 ﬂuentum
2311 762 2470 801 suum
2502 747 2772 812 includit,
2795 759 2851 802 et
2875 750 3028 803 lacus
3052 751 3236 805 evadit
3262 769 3275 804 :
3300 751 3391 820 qui
3417 757 3470 805 et
3492 759 3622 806 ante

2027 847 2081 893 et
2111 847 2402 909 postquam
2453 849 2737 910 restagnet
2765 884 2778 905 ,
2813 841 2896 894 'ad
2942 843 3214 912 cujusque
3262 844 3620 898 incolentium

2029 947 2190 986 usum
2217 931 2430 986 divisus
2457 939 2510 985 et
2541 947 2764 985 nemora
2793 945 2846 986 et
2883 943 3036 1002 prata
3063 934 3221 1004 quasi
3255 933 3322 990 de
3349 936 3620 992 industria

2027 1023 2270 1077 efﬁciens
2293 1061 2308 1084 ,
2337 1038 2560 1077 cursum
2599 1039 2758 1076 suum
2790 1027 3003 1094 peragit
3033 1035 3200 1095 atque
3229 1028 3473 1097 erumpit
3492 1065 3510 1091 ,
3542 1027 3623 1082 in'

2031 1130 2369 1185 numeraque
2397 1115 2775 1172 habitantibus
2811 1132 3043 1172 munera
3074 1119 3280 1188 praebet
3304 1126 3359 1174 et
3392 1120 3622 1174 amoeni-

2033 1215 2206 1270 tates,
2237 1206 2305 1261 ad
2346 1222 2566 1262 omnem
2615 1208 2974 1277 cupiditatem
3002 1218 3055 1264 et
3087 1209 3426 1266 desiderium
3460 1211 3620 1267 urbis

2034 1300 2335 1353 incolarum
2371 1315 2491 1354 sese
2517 1299 2772 1354 dividens
2803 1308 2857 1355 et
2890 1301 3171 1357 scindens.
3203 1303 3306 1356 Alii
3339 1303 3454 1357 haec
3477 1319 3626 1358 com-

2033 1402 2371 1455 memorent,
2403 1407 2640 1460 quorum
2674 1392 2839 1445 etiam
2876 1392 3056 1448 oratio
3087 1393 3153 1448 ad
3197 1395 3520 1464 gravitatem
3567 1403 3623 1450 et

2034 1482 2446 1552 amplitudinem
2475 1483 2892 1538 accommodata
2925 1492 3007 1540 est
3030 1523 3046 1549 ,
3089 1494 3257 1554 atque
3300 1487 3628 1543 exercitatis

2035 1574 2326 1646 quamdam
2384 1573 2541 1629 affert
2595 1575 2910 1644 Opinionem
2973 1577 3392 1647 magnificentia:
3457 1587 3625 1647 atque

2038 1663 2345 1733 splendoris
2368 1703 2382 1726 ,
2409 1665 2478 1718 ab
2505 1664 2779 1734 ejusmodi
2807 1667 2971 1722 rebus
3000 1669 3192 1738 patriae
3221 1670 3436 1725 laudent
3468 1686 3627 1744 exag-

2037 1765 2233 1820 gerans
2258 1759 2313 1805 et
2340 1768 2565 1822 augens.
2591 1754 2898 1810 Mundanus
2925 1766 3108 1811 autem
3136 1759 3340 1828 aliquis
3363 1760 3468 1825 vir,
3495 1763 3626 1831 qui-

2038 1859 2143 1913 que
2167 1844 2232 1898 ad
2270 1845 2410 1899 hanc
2442 1848 2605 1899 vitam
2637 1848 3044 1905 accommodate
3068 1851 3211 1904 bona
3237 1852 3491 1921 judicare
3521 1869 3625 1908 no-

2039 1940 2148 2001 vit,
2176 1936 2427 1992 laudibus
2447 1977 2462 2001 ,
2492 1936 2536 1991 si
2565 1938 2798 2003 videtur,
2821 1937 3047 2007 adjiciat
3067 1941 3231 1996 etiam
3257 1942 3488 1997 alterum
3508 1957 3626 1998 am-

2039 2043 2183 2089 nem,
2208 2028 2349 2082 hunc
2373 2029 2499 2083 dico
2522 2031 2783 2092 vicinum,
2828 2032 2922 2100 qui
2947 2043 3168 2102 propter
3190 2035 3627 2104 magnitudinem

2041 2130 2436 2176 annumeratus
2503 2121 2571 2176 iis
2619 2123 2714 2190 qui
2773 2138 2869 2193 per
2932 2124 3122 2179 orbem
3171 2132 3445 2180 terrarum
3487 2127 3627 2184 clari

2044 2226 2234 2266 amnes
2262 2211 2553 2276 habentur,
2583 2227 2611 2265 a
2645 2223 2833 2268 nostra
2860 2216 3130 2286 (regione)
3155 2218 3410 2274 exoriens
3437 2219 3625 2275 urbem

2042 2302 2286 2370 proxime
2317 2304 2745 2372 praeterlabitur,
2779 2304 2925 2358 haud
2954 2321 3149 2374 parum
3178 2307 3366 2375 gratia:
3399 2323 3514 2362 suae
3541 2316 3627 2362 at-

2043 2411 2150 2465 que
2175 2395 2585 2451 commoditatis
2617 2396 2682 2450 ad
2712 2397 3018 2466 augendam
3061 2399 3529 2468 pulchritudinem
3575 2408 3630 2455 et

2044 2485 2165 2538 vita:
2189 2483 2502 2552 adjumenta
2535 2500 2627 2554 per
2659 2500 2781 2539 sese
2814 2484 3132 2559 conferqts.
3165 2484 3289 2543 Sive
3311 2487 3628 2543 conditores

2045 2577 2198 2632 urbis
2232 2592 2559 2631 enumerare
2597 2586 2850 2646 oportet,
2895 2577 3010 2632 sive
3039 2593 3240 2648 genera
3272 2579 3504 2634 coloniae
3542 2582 3629 2634 in-

2046 2669 2292 2723 colarum
2338 2667 2656 2731 celebrare,
2699 2670 2813 2722 sive
2859 2660 3079 2746 bellicae.
3111 2685 3308 2725 manus
3349 2685 3439 2725 res
3488 2671 3626 2726 bene

2047 2767 2232 2830 gestas
2284 2759 2490 2814 nostris
2559 2761 2968 2816 narrationibus
3025 2761 3267 2830 adjicere
3315 2779 3329 2815 :
3374 2769 3615 2832 tropaea,

2047 2852 2229 2921 pra-lia
2252 2891 2266 2913 ,
2295 2850 2625 2921 fortiumque
2649 2851 2955 2907 facinorum
2983 2853 3246 2908 miracula
3265 2893 3282 2917 ,
3321 2870 3445 2924 quae
3487 2856 3628 2909 scri-

2050 2950 2234 3013 ptores
2262 2943 2416 2996 libris
2450 2943 2697 2998 inserere
2728 2944 2908 2998 solent
2930 2984 2944 3005 ,
2978 2945 3169 3013 procul
3215 2945 3330 3000 haec
3376 2946 3558 3000 absint
3589 2961 3623 2999 a

2051 3044 2238 3089 nostro
2264 3041 2432 3088 coetu.
2464 3033 2750 3088 Erubescit
2781 3035 2926 3088 enim
2961 3034 3314 3090 Christianus
3341 3050 3524 3089 sermo
3557 3039 3628 3088 ab

368 3129 622 3201 ἁγαγέτω
660 3131 750 3184 τὸν
789 3131 997 3199 καρπὸν
1041 3131 1132 3184 τὸν
1180 3131 1468 3202 ὑμέτερον.
1503 3132 1752 3200 Σιγάσθω
1794 3133 1852 3186 δὲ
1883 3132 1948 3186 τά

2053 3125 2121 3181 iis
2151 3127 2313 3178 rebus
2335 3166 2350 3190 ,
2377 3141 2500 3194 qua:
2522 3139 2552 3177 a
2584 3124 2690 3180 lide
2721 3125 2913 3180 alienae
2940 3133 3107 3191 sunt,
3143 3126 3348 3182 Christi
3380 3127 3638 3185 ﬁdelibus

367 3220 467 3276 τοῦ
514 3223 719 3293 κόσμου
750 3224 911 3287 καλά,
962 3223 1065 3277 κᾶν
1103 3225 1166 3276 ὲκ
1217 3225 1531 3295 περιουσίας
1576 3224 1845 3296 πλεονάζῃ
1873 3223 1950 3293 τῷ

370 3311 518 3386 λόγῳ
561 3315 656 3368 καὶ
687 3317 721 3386 ἠ
760 3314 980 3387 τοιαύτη
1016 3315 1124 3372 τῶν
1164 3314 1453 3386 ἐγκωμίων
1506 3315 1780 3378 ὑπόθεσις.
1815 3315 1951 3368 Οὐδὲ

373 3407 484 3476 γὰρ
511 3408 541 3459 ὁ
579 3406 802 3477 οὐρανὸς
842 3408 980 3472 ὅλος.
1019 3407 1047 3461 ὃ
1075 3408 1140 3477 δὴ
1169 3407 1450 3462 κάλλιστόν
1484 3425 1542 3460 τε
1571 3409 1666 3461 καὶ
1698 3408 1952 3478 μέγιστον

375 3497 485 3550 τῶν
516 3497 575 3550 ἐν
602 3499 667 3568 τῇ
703 3497 878 3552 κτίσει
908 3499 1124 3553 πάντων
1152 3500 1320 3562 ἐστὶν,
1347 3497 1472 3552 οὔτε
1502 3501 1558 3552 αἱ
1588 3499 1697 3553 τῶν
1738 3500 1957 3569 φωστῆ-

380 3605 490 3660 ρων
527 3589 715 3658 αύγαὶ,
768 3590 891 3643 οὔτε
933 3590 1033 3661 τῆς
1074 3595 1175 3663 γῆς
1211 3592 1272 3644 τὸ
1305 3591 1526 3652 πλάτος,
1577 3589 1701 3643 οὔτε
1733 3590 1860 3644 ἄλλο
1904 3608 1957 3643 τι

379 3681 491 3736 τῶν
523 3683 876 3753 στοιχειωδῶς
907 3682 985 3754 τῷ
1013 3685 1177 3738 παντὶ
1210 3683 1583 3754 ὑποκειμένων
1614 3682 1756 3754 μέγα
1787 3700 1840 3735 τι
1867 3683 1962 3738 καὶ

2031 3215 2249 3268 'amicis
2303 3213 2458 3268 fama:
2506 3214 2748 3269 tribuere
2810 3216 3382 3282 commendationem,
3429 3233 3631 3288 quem-

2060 3306 2351 3361 admodum
2396 3307 2490 3377 qui
2537 3307 2785 3361 umbram
2834 3308 2936 3361 viri
2988 3308 3150 3364 fortis
3197 3310 3476 3365 celebrant
3506 3320 3641 3366 ante

2059 3407 2281 3470 tropaea.
2322 3399 2552 3456 Proinde
2584 3400 2652 3455 ad
2686 3401 2977 3471 prazsentia
3017 3417 3202 3457 sermo
3251 3411 3634 3470 convertatur,

2061 3503 2116 3548 et
2145 3492 2384 3548 fructum
2413 3500 2658 3548 vestrum
2691 3494 2852 3550 nobis
2880 3505 3007 3549 ante
3036 3496 3230 3551 oculos
3260 3503 3450 3566 ponat.
3480 3495 3639 3552 Mun-

2061 3583 2204 3637 dana
2237 3597 2363 3636 vero
2392 3582 2568 3648 bona,
2603 3589 2657 3637 et
2695 3583 2971 3652 ejusmodi
3003 3594 3385 3655 argumentum
3418 3587 3648 3642 laudans

2054 3677 2142 3738 di,
2174 3676 2389 3731 etiamsi
2419 3691 2616 3747 magna
2642 3675 2850 3731 dicenti
2879 3679 3038 3746 copia
3079 3679 3424 3749 suppeditari
3456 3694 3522 3733 ex
3555 3680 3652 3734 his

382 3772 662 3844 θαύματος
687 3773 834 3840 ἄξιον
855 3771 993 3830 οἶδεν
1020 3777 1049 3831 ό
1075 3776 1428 3839 θεόπνευστος
1457 3775 1632 3844 λόγος.
1661 3775 1948 3830 Πεπαίδευ-

2057 3769 2267 3838 possit,
2300 3768 2519 3823 silentio
2567 3777 2982 3839 praetereantur.
3027 3771 3217 3840 Neque
3261 3771 3409 3826 enim
3458 3779 3638 3826 totum

387 3882 487 3935 μαι
515 3863 595 3936 τῷ
631 3865 759 3936 θείῳ
794 3867 1175 3938 προστάγματι
1201 3867 1334 3937 πρὸς
1364 3868 1526 3938 μηδὲν
1553 3866 1662 3920 τῶν
1694 3884 1964 3939 παρερχο-

389 3954 565 4025 μένων
598 3955 984 4027 θαυμαστικῶς
1012 3956 1359 4012 διατίθεσθαι.

2059 3863 2292 3924 malum,
2321 3876 2442 3932 quae
2469 3861 2658 3932 utique
2687 3876 2812 3916 cum
2843 3864 3234 3933 pulcherrima,
3261 3873 3373 3918 tum
3400 3865 3635 3919 maxima

2060 3969 2187 4025 pars
2239 3960 2324 4008 est
2371 3953 2427 4006 in
2480 3962 2736 4008 creatura
2776 3970 2960 4009 rerum
3000 3957 3422 4022 universarum,
3467 3973 3650 4028 neque

385 4045 739 4102 luminarium
794 4048 1035 4120 fulgores
1062 4089 1077 4114 ,
1130 4066 1310 4120 neque
1360 4057 1520 4104 terra:
1570 4048 1954 4113 latitudinem,
1993 4062 2173 4117 neque
2217 4044 2514 4115 quidquam
2546 4060 2734 4099 eorum
2773 4060 2893 4113 quae
2951 4061 3047 4115 per
3079 4047 3348 4101 elementa
3410 4051 3633 4102 univer-

388 4140 540 4194 sitati
573 4140 821 4209 subjecta
862 4151 1025 4206 sunt,
1068 4159 1327 4213 magnum
1368 4142 1629 4211 quiddam
1669 4150 1723 4197 et
1784 4139 2146 4196 admiratione
2197 4139 2420 4207 dignum
2471 4138 2621 4192 novit
2690 4136 2911 4192 divinus
2992 4153 3193 4193 sermo.
3242 4137 3438 4194 Divino
3484 4139 3628 4194 enim

387 4236 943 4304 pnecepto'cruditus
984 4252 1136 4300 sum,
1183 4237 1321 4291 nihil
1362 4253 1550 4292 earum
1598 4252 1780 4291 rerum
1822 4252 1943 4306 qua:
1978 4240 2343 4304 przetereunt,
2382 4232 2686 4286 admirans.

462 4327 524 4379 Et
559 4323 650 4381 οὖν
691 4329 796 4391 πᾶς
839 4328 1064 4400 οὐρανὸς
1091 4329 1186 4382 καὶ
1225 4330 1258 4398 ἡ
1291 4328 1361 4400 γῆ
1408 4328 1827 4400 παρελεύσεται,
1871 4326 1948 4380 κατ

2141 4322 2199 4378 Si
2233 4323 2401 4394 igitur
2431 4332 2605 4379 totum
2641 4325 2842 4378 cmlum
2877 4333 2931 4377 et
2976 4333 3121 4379 terra
3159 4325 3552 4394 praeteribunt,
3584 4336 3648 4381 et

391 4418 538 4473 ἅπαν
562 4418 655 4471 τοῦ
693 4419 896 4489 κόσμου
937 4420 1174 4489 παράγει
1202 4421 1264 4474 τὸ
1299 4420 1505 4492 σχῆμα,
1539 4420 1721 4483 καθώς
1750 4436 1913 4488 φησιν
1938 4420 1968 4472 ὁ

407 4510 753 4574 Ἀπόστολος’
784 4512 900 4574 πῶς
945 4511 1009 4565 ἄν
1051 4531 1136 4576 τις
1174 4514 1446 4584 εὐπρεπὲς
1497 4507 1641 4566 εἶναι
1686 4511 1964 4581 νομίσειε,

390 4601 494 4670 γῆς
521 4599 653 4670 ἡμῖν
689 4601 782 4653 καὶ
819 4600 1011 4663 ὓδατος
1049 4603 1308 4675 εὐφορίαν
1331 4603 1412 4666 είς
1448 4601 1700 4674 ἀφορμὴν
1730 4600 1966 4654 ἐπαίνων

393 4691 825 4762 προϐάλλεσθαι;
871 4694 933 4745 Εἰ
981 4693 1088 4764 γὰρ
1137 4696 1230 4748 καὶ
1263 4695 1521 4765 πρόσεστι
1559 4693 1636 4764 τῷ
1678 4693 1797 4747 καθ’
1823 4695 1967 4764 ὑμᾶς

390 4784 545 4854 τόπῳ
568 4782 746 4847 πλέον,
775 4784 806 4854 ἢ
836 4785 928 4836 καὶ
952 4786 1008 4836 ἐν
1036 4786 1232 4849 ἄλλοις,
1258 4788 1327 4838 τὰ
1346 4786 1569 4840 τοιαῦτα
1595 4789 1692 4854 τῆς
1717 4789 1817 4856 γῆς
1839 4805 1971 4858 προ-

391 4875 699 4946 τερήματα,
749 4876 883 4928 ἀλλὰ
909 4877 1188 4947 συγκρίσει
1214 4877 1320 4930 τῶν
1347 4879 1623 4948 ὑμετέρων
1656 4877 1833 4930 καλῶν
1854 4879 1967 4929 ἀντ’

394 4966 606 5028 οὐδενὸς
650 4962 790 5019 οἶδεν
840 4969 1022 5019 ἐκεῖνα
1074 4969 1438 5038 παρατρέχειν
1474 4970 1503 5022 ὁ
1548 4969 1724 5036 λόγος.
1762 4969 1969 5021 Οὐκοῦν

396 5057 533 5125 πρὸς
563 5056 630 5108 τά
678 5057 1046 5127 προτιμότερα
1084 5061 1147 5129 τῇ
1182 5055 1338 5125 φύσεί
1367 5062 1486 5122 ταῖς
1528 5059 1823 5130 εὐφημίαις
1849 5076 1972 5130 τρε-

399 5147 648 5216 πώμεθα.
684 5147 866 5203 Ταῦτα
904 5149 960 5201 δὲ
1006 5150 1188 5202 ούκέτι
1228 5149 1314 5203 διὰ
1339 5151 1512 5214 λόγων
1541 5153 1670 5224 ἡμῖν
1694 5151 1970 5222 δειχθήσε-

397 5258 507 5302 ται,
547 5239 660 5292 ἀλλ’
705 5242 783 5303 είς
816 5242 947 5294 αὐτὸ
983 5243 1216 5312 πάρεστι
1263 5242 1479 5312 βλέπειν
1533 5243 1640 5296 τῶν
1693 5243 1973 5313 ὑμετέρων

402 5329 621 5396 ἀγαθῶν
650 5332 709 5383 τὸ
737 5333 1048 5400 κεφάλαιον.
1095 5335 1189 5397 Τίς
1215 5334 1323 5405 γὰρ
1355 5335 1456 5387 οὐκ
1493 5331 1600 5388 οἶδε
1643 5334 1734 5387 τὸν
1766 5335 1974 5406 καρπὸν

400 5423 493 5472 τὸν
521 5421 806 5494 ὑμέτερον,
833 5425 912 5478 ὅτι
944 5427 1101 5497 ὑμεῖς
1132 5427 1222 5480 τὸν
1250 5427 1355 5479 τῶν
1392 5426 1680 5497 μαρτύρων
1711 5425 1974 5498 ἐϐλαστή-

405 5529 534 5564 σατε
569 5515 788 5583 στάχυν,
835 5516 926 5570 τὸν
967 5517 1231 5590 πολύχουν
1267 5518 1477 5583 τοῦτον,
1535 5518 1628 5572 καὶ
1662 5517 1802 5588 ὑπὲρ
1848 5519 1974 5582 τοὺς

404 5603 698 5674 τριάκοντα
742 5605 821 5678 τῷ
866 5609 1058 5681 πλήθει
1111 5612 1225 5665 τῶν
1265 5611 1490 5684 καρπῶν
1541 5611 1974 5680 πλατυνόμενον;

433 5762 450 5790 ³
486 5763 497 5813 Ι
529 5763 633 5817 Cor
688 5762 892 5823 “1,51.

2071 4418 2252 4472 omnis
2301 4417 2490 4471 mundi
2523 4417 2736 4486 species
2767 4427 2821 4470 et
2849 4416 3069 4470 habitus
3099 4417 3334 4481 transit,
3381 4425 3440 4470 ut
3473 4419 3655 4488 inquit-

2072 4507 2366 4579 Apostolus
2395 4508 2416 4539 ³
2446 4526 2460 4561 :
2493 4509 2587 4576 qui
2620 4508 2794 4577 possit
2829 4508 3028 4578 aliquis
3067 4508 3328 4562 decorqu
3369 4509 3645 4564 existinm-

2078 4616 2165 4662 re,
2215 4600 2262 4654 si
2296 4609 2454 4653 terra;
2494 4599 2650 4652 vobis
2688 4609 2743 4653 et
2791 4614 2947 4670 aquae
3003 4599 3343 4655 fertilitatem
3391 4601 3647 4656 laudandi

2075 4707 2241 4747 causa
2289 4691 2512 4745 afferam
2545 4691 2599 4744 in
2626 4691 2864 4744 medium
2892 4689 3069 4744 ?Nam
3098 4693 3262 4746 etiam
3291 4691 3446 4748 locus
3472 4702 3650 4750 vester

2076 4783 2232 4852 plura
2285 4783 2446 4836 habet
2481 4781 2753 4850 ejusmodi
2785 4781 3072 4836 commoda
3113 4791 3274 4838 terra:
3319 4799 3484 4854 quam
3521 4785 3659 4840 alibi.

2079 4875 2425 4944 reperiantur
2451 4892 2464 4928 :
2509 4884 2745 4928 attamen
2775 4875 3188 4944 comparatione
3215 4883 3526 4930 vestrorum
3555 4878 3651 4932 bo-

2076 4982 2302 5030 norum,
2363 4977 2619 5034 tauquam
2666 4982 2753 5018 res
2802 4966 3005 5019 nullius
3048 4966 3204 5035 pretii
3249 4968 3526 5034 praeterire
3561 4969 3651 5022 illa

2080 5059 2230 5112 novit
2253 5059 2449 5112 oratio.
2475 5056 2655 5123 Quare
2673 5058 2739 5111 ad
2769 5073 2860 5112 res
2883 5066 3078 5112 natura
3107 5060 3519 5128 praestantiores
3536 5061 3653 5115 lau-

2080 5148 2352 5203 dationem
2394 5156 2803 5202 convertamus.
2850 5147 2944 5201 Ha:
2991 5157 3170 5201 autem
3199 5149 3352 5205 vobis
3387 5166 3494 5205 non
3543 5167 3652 5206 am¢

2081 5241 2223 5309 plius
2244 5254 2338 5308 per
2361 5237 2523 5292 verba
2559 5237 2939 5300 ostendentur,
2961 5237 3053 5291 sed
3075 5238 3200 5292 licet
3227 5239 3281 5292 in
3299 5240 3475 5310 ipsum
3493 5251 3656 5312 caput

2085 5333 2283 5387 intueri
2315 5338 2618 5385 vestrorum
2652 5331 2940 5385 bonorum.
2981 5331 3117 5398 Quis
3147 5333 3291 5385 enim
3323 5334 3537 5403 ignorat
3566 5352 3655 5390 ve-

2082 5433 2254 5479 strum
2288 5424 2525 5477 fructum
2551 5465 2564 5487 ,
2598 5421 2740 5491 quod
2792 5439 2888 5478 vos
2936 5433 3236 5494 martyrum
3291 5427 3656 5495 produxeritia'

2086 5516 2328 5586 spicam,
2372 5514 2660 5569 fecundam
2709 5515 2848 5569 hanc
2893 5523 2945 5569 et
2992 5516 3307 5586 copiosam,
3350 5531 3471 5586 quae
3515 5519 3656 5572 ultra

2091 5608 2450 5682 trigenarium
2481 5624 2768 5664 numerum
2801 5609 3147 5666 multitudine
3174 5618 3227 5666 et
3257 5611 3414 5682 copia
3446 5609 3657 5678 frugum
