4132 6356
485 381 594 444 735

1698 385 1755 447 S.
1795 385 2124 444 GllEGORIl
2180 388 2470 445 NYSSENI

3642 386 3746 443 πο

489 503 795 558 dilatatur?
823 502 1014 560 Videte
1044 521 1260 561 sacrum
1302 508 1405 563 hoc
1440 522 1631 561 arvum
1651 539 1670 572 ,
1704 507 1835 562 hine
1862 517 2064 577 martv-
2092 532 2106 570 λ

2206 511 2370 579 Ορᾶτε
2400 510 2496 581 τὴν
2527 505 2677 584 ίεραν
2698 512 2900 582 ταύτην
2923 512 3179 582 ἄρουραν⁵
3207 509 3454 571 ἐντεῦθεν
3477 509 3584 562 τῶν
3611 527 3746 580 μαρ-

491 611 614 650 rum
646 596 910 666 manipuli
947 597 1164 652 collecti
1203 610 1349 654 sunt.
1401 599 1556 668 Quod
1599 600 1644 655 si
1675 601 1820 656 scire
1855 599 2071 662 deside-

490 702 586 742 ras
625 685 695 741 de
748 703 860 758 quo
891 703 1025 744 arvo
1067 689 1285 754 dicam,
1325 707 1394 745 ne
1437 692 1628 761 procul
1673 691 1742 746 ab
1776 706 1877 756 eo,
1924 692 2071 762 quod

493 779 684 841 adest,
719 781 1154 852 circumspicias.
1187 782 1321 846 Quis
1363 794 1449 837 est
1489 783 1590 839 iste
1630 783 1786 839 locus
1831 786 1923 854 qui
1965 800 2075 840 am.

495 869 752 940 plectitur
773 873 1148 927 conventum?
1174 872 1315 939 Quid
1343 875 1443 929 tibi
1481 873 1619 930 dicit
1659 876 2075 932 anniversarios

498 963 695 1016 circuli
719 963 960 1020 ambitus
979 964 1002 1018 ’ί
1021 963 1224 1032 Quales
1246 966 1412 1037 hujus
1440 967 1550 1022 diei
1576 968 1888 1023 recordatio
1915 975 2078 1037 atque

500 1056 953 1112 commemoratio
1010 1057 1179 1113 refert
1219 1059 1316 1115 tibi
1345 1061 1734 1116 narrationes?
1774 1060 1968 1114 Annon
2008 1059 2080 1112 lo-

501 1148 679 1218 quola:
703 1149 952 1218 quaedam
977 1161 1126 1218 sunt,
1157 1162 1217 1207 ut
1241 1153 1418 1222 inquit
1438 1152 1710 1223 Propheta
1727 1155 1770 1216 ’⁸,
1795 1162 1850 1208 et
1879 1168 2082 1208 sermo-

504 1255 639 1306 nes,
675 1256 909 1312 quorum
941 1251 1153 1299 tantum
1185 1259 1295 1300 non
1341 1244 1642 1302 audiuntur
1681 1260 1846 1300 voces
1891 1259 2081 1299 eorum

504 1331 702 1400 quovis
728 1347 982 1390 sermone
1006 1333 1210 1390 clarius
1237 1335 1502 1390 miracula
1526 1336 1893 1390 enarrantes?
1922 1333 1979 1389 Si
2013 1335 2088 1389 lo-

506 1436 634 1475 cum
667 1421 960 1489 intucaris,
988 1423 1110 1494 ipse
1138 1433 1442 1496 martyrum
1468 1425 1705 1482 stadium
1732 1441 1855 1482 esse
1886 1429 1998 1482 ait:
2038 1427 2086 1482 si

508 1513 654 1569 diem
682 1515 1158 1580 consideraveris,
1198 1524 1459 1586 tanquam
1494 1533 1674 1588 praeco
1713 1518 1937 1587 quidam
1980 1534 2091 1573 ma-

511 1622 633 1675 gnze
674 1607 828 1664 vocis
858 1613 913 1662 et
939 1621 1176 1663 sonoros
1203 1617 1504 1680 martyrum
1541 1625 1804 1666 coronam
1835 1625 2083 1681 pronun-

511 1699 636 1753 tiat.
672 1695 801 1752 Haac
833 1697 964 1758 mihi
985 1698 1178 1754 videor
1195 1714 1260 1754 ex
1291 1699 1378 1755 die
1398 1699 1558 1770 (ipsa)
1574 1701 1846 1756 clamante
1860 1700 2048 1756 audire
2074 1719 2089 1768 ;

515 1791 659 1845 allus
689 1790 908 1860 quidem
940 1791 1058 1846 dies
1090 1791 1449 1846 luminarium
1487 1793 1763 1848 creatione
1789 1793 2086 1866 gloriatur;

2170 601 2350 673 τύρων
2377 603 2444 656 τά
2477 603 2786 674 δράγματα.
2823 605 2886 656 Εἰ
2913 603 3093 675 ζητεῖς
3121 603 3313 674 μαθεῖν
3334 605 3455 662 τίνα
3479 603 3623 672 λέγω
3649 605 3748 672 τὴν

2171 691 2428 762 ἄρουραν,
2459 691 2534 764 μὴ
2569 691 2757 765 πόρρω
2785 691 2878 746 τοῦ
2907 692 3173 763 παρόντος
3195 693 3623 766 περισκοπήσῃς.
3651 691 3746 760 Τίς

2173 782 2203 834 6
2230 783 2392 846 τόπος
2443 784 2474 836 6
2525 782 2795 854 περιέχων
2825 783 2916 836 τὸν
2966 782 3256 850 σύλλογον;
3290 783 3356 835 Τί
3408 799 3490 835 σοι
3536 782 3682 850 λέγει
3710 784 3746 854 ἡ

2177 873 2444 939 ἐνιαύσιος
2478 875 2572 928 τοῦ
2605 875 2804 928 κύκλου
2845 874 3126 945 περίοδος;
3155 875 3288 928 Ποῖά
3323 891 3404 927 σοι
3435 875 3752 945 διηγήματα

2177 969 2211 1036 ἡ
2254 967 2352 1036 τῆς
2397 967 2610 1038 ἡμέρας
2646 967 2850 1038 ταύτης
2897 967 3201 1039 ὑπόμνησις
3246 969 3373 1037 ἥκει
3415 966 3749 1038 κομίζουσα;

2178 1058 2304 1135 Ἆρ’
2337 1064 2395 1115 ού
2421 1062 2599 1117 λαλια¹ι
2635 1065 2779 1126 τινές
2812 1065 2936 1124 είσι,
2972 1061 3154 1125 καθώς
3186 1078 3349 1132 φησιν
3377 1063 3406 1116 6
3438 1062 3751 1132 Προφήτης,

2182 1155 2276 1212 καὶ
2304 1153 2470 1222 λόγοι,
2503 1147 2579 1207 ὧν
2607 1153 2727 1224 ούχὶ
2752 1152 2910 1223 μόνον
2937 1153 3221 1208 ἀκούονται
3256 1153 3313 1206 αἱ
3346 1152 3542 1220 φωναὶ,
3573 1151 3756 1204 αὐτῶν

2184 1246 2382 1312 παντδς
2424 1245 2581 1315 λόγου
2611 1244 2966 1315 εὐτονώτερον
3002 1243 3446 1315 διηγούμεναιτά
3474 1243 3755 1313 θαύματα;

2191 1339 2287 1390 Ἂν
2313 1339 2391 1400 είς
2417 1337 2508 1392 τὸν
2535 1337 2701 1391 τόπον
2732 1336 2949 1410 ἀπίδῃς,
2990 1336 3149 1399 αὐτὸς
3176 1331 3314 1390 εἷναί
3342 1353 3474 1407 φησι
3496 1336 3603 1388 τῶν
3628 1351 3762 1405 μαρ-

2185 1431 2364 1502 τύρων
2402 1429 2463 1482 τὸ
2505 1428 2716 1485 στάδιον
2739 1445 2752 1459 ·
2782 1427 2847 1482 ἂν
2893 1428 2992 1500 τὴν
3033 1428 3242 1500 ἡμέραν
3283 1428 3496 1498 λογίσῃ,
3535 1421 3645 1480 οἷόν
3677 1443 3763 1490 τις

2189 1522 2366 1595 κήρυξ
2396 1521 2778 1593 μεγαλόφωνος
2808 1520 3169 1591 ἁνακηρύττει
3207 1520 3315 1572 τῶν
3348 1518 3637 1592 μαρτύρων
3672 1516 3764 1571 τὸν

2192 1615 2474 1682 στέφανον.
2519 1613 2706 1667 Ταῦτά
2756 1629 2847 1683 μοι
2896 1611 3038 1665 δοκῶ
3086 1613 3185 1683 τῆς
3223 1610 3436 1684 ἡμέρας
3479 1609 3766 1681 ὲμϐοῶσης

2192 1707 2408 1762 ἀκούειν
2431 1723 2444 1736 °
2481 1706 2561 1761 ὃτι
2588 1703 2718 1775 ἄλλη
2751 1705 2849 1774 μὲν
2871 1707 2934 1775 τῇ
2969 1704 3298 1776 δημιουργίᾳ
3335 1704 3442 1757 τῶν
3468 1703 3767 1774 ςωστήρων

2196 1794 2533 1864 σεμνύνεται,
2573 1793 2707 1864 ἀλλη
2737 1793 2795 1847 δι
2816 1792 2894 1863 τῷ
2921 1791 3154 1864 οὐρανῷ,
3188 1795 3281 1848 καὶ
3306 1793 3466 1864 ἑτέρα
3499 1797 3566 1863 τῇ
3597 1809 3768 1845 κατα-

516 1883 660 1937 alius
691 1898 857 1947 vero,
897 1883 1038 1939 coelo
1064 1901 1078 1950 ;
1108 1885 1237 1939 item
1267 1884 1410 1940 alius
1437 1884 1653 1940 laetatur
1683 1892 1739 1940 et
1777 1885 1882 1942 sibi
1914 1886 2093 1955 placet

2206 1889 2360 1958 σκευῇ
2402 1886 2502 1957 τῆς
2555 1888 2658 1956 γῆς
2703 1884 3089 1953 ὲπαγάλλεται.
3136 1885 3290 1956 Ἐμοὶ
3322 1884 3379 1938 δὲ
3426 1885 3589 1956 ἀρκεῖ
3634 1882 3770 1954 πρὸς

519 1981 742 2043 propter
760 1972 1181 2028 fabricationem
1201 1982 1384 2029 terrze.
1405 1972 1538 2028 Mihi
1560 1982 1740 2028 autem
1757 1974 1823 2029 ad
1837 1984 2091 2030 ornatum

520 2063 786 2118 miracula
817 2073 1119 2134 martyrum
1164 2064 1473 2132 sufiiciunt;
1510 2063 1714 2121 sufficit
1760 2079 2092 2119 coronarum

520 2155 721 2212 decore
758 2165 923 2226 atque
961 2157 1368 2227 pulchritudine
1404 2159 1658 2212 exornari
1687 2174 1703 2222 ;
1750 2156 1950 2213 suﬂicit
1980 2167 2093 2212 tro-

522 2250 653 2317 paais
699 2248 965 2304 adversus
1009 2249 1286 2306 diabolum
1339 2251 1543 2307 erectis
1595 2251 1878 2306 honestari
1933 2258 2098 2320 atque

519 2343 789 2398 decorari.
820 2343 1022 2409 Quales
1049 2343 1105 2398 in
1133 2360 1221 2399 me
1247 2344 1470 2400 fuerunt
1496 2345 1879 2400 narrationes?
1907 2343 2099 2416 Qualis

522 2434 732 2504 angelis
783 2449 880 2504 per
929 2451 1015 2490 me
1063 2435 1202 2490 facta
1236 2444 1322 2494 est
1353 2437 1646 2494 accessio?
1681 2435 1908 2503 Qualem
1949 2438 2102 2493 dedit

523 2534 670 2581 terra
715 2526 952 2582 fructum
993 2527 1154 2584 Deo?
1191 2529 1407 2600 qualem
1442 2528 1709 2585 Dominus
1747 2529 1800 2584 in
1839 2546 1926 2586 me
1967 2546 2104 2585 con-

525 2619 779 2674 sitionem
807 2620 1093 2678 consevlt?
1123 2618 1278 2676 Unde
1305 2621 1489 2677 omnis
1511 2623 1680 2677 etiam
1708 2623 2101 2693 propemodum

524 2710 676 2765 orbis
711 2718 984 2771 terrarum
1025 2711 1152 2772 hinc
1183 2721 1468 2770 enatorum
1512 2715 1795 2787 palmitum
1827 2723 1879 2769 et
1909 2730 2105 2770 surcu-

529 2804 705 2858 lorum
756 2805 1156 2876 propaginibus
1205 2805 1457 2864 consitus
1497 2813 1623 2860 est:
1670 2814 1932 2876 tanquam
1977 2807 2106 2862 vitis

526 2895 776 2966 quaedam
808 2895 1030 2973 copiosa
1051 2935 1066 2961 ,
1099 2903 1265 2965 atque
1298 2891 1588 2950 abundans
1611 2937 1626 2960 ,
1661 2909 1785 2949 cum
1834 2896 1970 2950 alias
2013 2910 2109 2967 per

529 3003 652 3044 sese
678 2988 818 3044 vites
844 2988 1035 3052 ellicit,
1057 2995 1172 3047 tum
1205 2990 1320 3058 ipsa
1346 3001 1457 3042 non
1485 2986 1746 3043 deficiens
1775 2989 1830 3044 in
1860 3003 1962 3044 suo
1993 3005 2111 3060 per-

2194 1980 2397 2054 κόσμον
2427 1979 2496 2033 τά
2519 1979 2627 2032 τῶν
2659 1977 2952 2052 μαρτύρων
2985 1977 3270 2049 θαύματαο
3300 1979 3460 2048 ἀρκεῖ
3487 1977 3564 2048 τῷ
3585 1976 3772 2030 κάλλει

2194 2071 2302 2126 τῶν
2349 2071 2629 2141 στεφάνων
2676 2070 3218 2138 ἐγκαλλωπίζεσθαι·
3270 2069 3431 2142 ἀρκεῖ
3472 2071 3583 2130 τοῖς
3630 2067 3773 2125 κατὰ

2196 2164 2291 2218 τοῦ
2327 2163 2573 2218 διαϐόλου
2603 2161 2884 2234 τροπαίοις
2909 2161 3384 2233 ἐπισεμνύνεσθαι.
3413 2154 3517 2213 υἷα
3550 2159 3774 2228 γέγονεν

2199 2255 2257 2308 ὲν
2280 2255 2403 2325 ἐμοὶ
2422 2254 2580 2330 διηγή
2591 2255 2761 2324 ματαί
2792 2249 2892 2309 Οἷα
2917 2254 3107 2324 γέγονε
3136 2253 3202 2306 δι’
3226 2253 3360 2324 ἐμοῦ
3387 2255 3496 2316 τοῖς
3518 2252 3776 2320 ἀγγέλοις

2201 2347 2520 2418 προσθήκηί
2551 2345 2675 2401 Οἴον
2720 2346 2918 2401 ἔδωκεν
2944 2349 2976 2418 ή
3011 2346 3084 2416 γῆ
3127 2345 3204 2418 τῷ
3233 2346 3354 2416 Θεῷ
3384 2345 3477 2400 τὸν
3523 2345 3772 2415 καρπόνί

2203 2441 2334 2494 Οἴαν
2358 2439 2620 2510 ἐφύτευσε
2663 2441 2887 2508 φυτείαν
2929 2441 2987 2492 ὲν
3018 2441 3140 2509 ἐμοὶ
3162 2442 3190 2494 6
3221 2438 3458 2510 Κύριοςί
3496 2437 3657 2491 ὐθεν
3681 2437 3779 2490 καὶ

2204 2536 2356 2588 πᾶσα
2381 2533 2568 2604 σχεδὸν
2596 2534 2630 2604 ἡ
2655 2533 2945 2604 οίκουμένη
2971 2537 3090 2596 ταῖς
3119 2532 3436 2604 παραφυάσι
3463 2533 3570 2584 τῶν
3597 2529 3782 2583 ἐντεῦη

2205 2625 2296 2679 θεν
2339 2625 2632 2696 κλημάτων
2661 2623 3156 2693 καταπεφύτευται,
3184 2623 3434 2695 καθάπερ
3471 2640 3551 2686 τις
3597 2623 3780 2692 ἄμπε-

2205 2717 2294 2781 λος
2325 2715 2643 2785 εύθηνοῦσα,
2673 2716 2766 2771 καὶ
2803 2714 2967 2777 ἄλλας
2995 2715 3062 2767 δι’
3090 2717 3285 2785 ἑαυτῆς
3313 2713 3588 2785 ἀμπέλους
3611 2713 3780 2783 ὲργά-

2208 2807 2382 2872 ζεται,
2418 2809 2512 2862 καὶ
2539 2809 2676 2879 αῦτη
2703 2808 2946 2881 διαμένει
2975 2807 3344 2871 ἀνέκλειπτος.
3371 2805 3554 2860 Ταῦτά
3577 2821 3658 2857 τοι
3688 2805 3783 2858 καὶ

2207 2899 2279 2952 τά
2308 2897 2528 2953 τοιαῦτα
2557 2897 2702 2952 δοκεῖ
2747 2898 2845 2969 τῆς
2889 2897 3102 2969 ἡμέρας
3157 2898 3190 2967 ἠ
3238 2897 3396 2968 χάρις
3435 2893 3785 2964 εὐαγγελίζε-

2213 2988 2357 3054 σθαι,
2387 2989 2479 3044 καὶ
2507 2990 2535 3042 6
2563 2988 2656 3042 τοῦ
2687 2989 2946 3057 συλλόγου
2972 2989 3136 3051 τόπος
3155 2988 3377 3055 τοιαῦτα
3399 2988 3582 3060 ἕτερα.
3623 2987 3784 3044 Ἀλλὰ

529 3088 715 3135 manet
749 3080 955 3152 vigore.
989 3080 1116 3140 Haec
1147 3090 1201 3136 et
1228 3079 1502 3150 ejusmodi
1542 3081 1804 3138 nimirum
1842 3094 1966 3134 cum
1999 3079 2106 3133 diei

2210 3085 2263 3139 τί
2295 3083 2452 3142 πάθω
2481 3084 2616 3155 πρὸς
2649 3083 2777 3139 λαὸν
2804 3081 3078 3147 τοσοῦτον,
3112 3081 3437 3154 ίσχνόφωνός
3462 3099 3546 3144 τις
3575 3080 3648 3134 ὢν
3673 3080 3785 3148 ἐγὼ

533 3172 840 3237 festivitas,
873 3183 988 3230 tum
1031 3173 1186 3228 locus
1218 3172 1273 3226 in
1314 3186 1477 3250 quem
1516 3171 1894 3234 convenistis,
1935 3170 2105 3224 altera

2211 3179 2304 3233 καὶ
2340 3175 2772 3248 βραδύγλωσσος,
2810 3176 2905 3228 καὶ
2958 3175 3116 3246 μόγις
3165 3175 3276 3238 τοῖς
3324 3174 3670 3246 παρεστῶσιν
3726 3176 3786 3227 ὲν

533 3265 661 3318 talia
708 3266 829 3322 laeta
873 3266 1204 3326 annuntiare
1243 3266 1482 3326 videtur,
1531 3263 1638 3320 Sed
1674 3265 1804 3335 quid
1847 3278 2004 3334 agam
2040 3264 2106 3318 ad

2207 3269 2433 3342 ἐπηκόῳ
2456 3268 2844 3340 φθεγγόμενος,
2878 3266 3275 3339 ὑπερηχοῦντος
3299 3267 3392 3319 τοῦ
3426 3267 3557 3338 ἤχου
3581 3266 3670 3320 τὸν
3695 3265 3786 3319 λό-

533 3366 747 3413 tantum
783 3360 1080 3437 populum,
1123 3374 1246 3416 cum
1281 3359 1411 3414 exili
1455 3357 1560 3412 sim
1607 3372 1772 3421 voce,
1817 3355 2106 3426 linguaque

2210 3379 2306 3430 γον
2331 3378 2346 3427 ;
2379 3356 2457 3414 Ἦ
2486 3360 2593 3432 γὰρ
2624 3359 2690 3414 ἂν
2722 3359 3030 3432 ἐνδιέτριψα
3059 3359 3171 3422 τοῖς
3194 3358 3415 3428 ἀγαθοῖς
3435 3359 3786 3430 διηγήμασιν,

538 3450 694 3506 tarda
715 3493 728 3517 ,
762 3451 854 3520 qui
885 3461 1184 3520 superante
1216 3451 1402 3510 sonitu
1446 3465 1510 3504 ac
1538 3448 1756 3505 fremitu
1803 3462 2113 3504 sermonem

535 3545 626 3598 vix
653 3543 959 3605 astantibus
984 3543 1038 3597 in
1067 3543 1188 3600 loco
1217 3544 1288 3602 ita
1315 3541 1607 3598 commodo
1627 3542 1841 3611 loquar,
1866 3548 1927 3594 ut
1949 3555 2116 3594 exau-

539 3637 644 3690 diri
685 3636 901 3706 possit?
938 3635 1074 3692 Nam
1118 3635 1362 3710 alioquin
1396 3635 1717 3689 immoratus
1743 3649 1923 3690 essem
1953 3641 2119 3704 atque

541 3745 980 3800 perseverassem
1019 3731 1075 3783 in
1121 3729 1281 3786 bonis
1318 3728 1762 3790 narrationibus,
1805 3743 1918 3797 quo
1958 3736 2119 3807 pacto

544 3820 792 3890 praeclari
817 3821 1234 3883 contubernales
1276 3818 1638 3892 quadraginta
1668 3835 1791 3875 cum
1827 3835 2122 3876 commune

543 3920 856 3978 certamen,
892 3921 1003 3966 tum
1041 3927 1386 3968 communem
1429 3911 1633 3982 ubique
1662 3912 1934 3972 coloniam
1965 3910 2123 3968 inha-

543 4003 978 4075 bitationemque
1017 4003 1294 4068 fecerunt,
1340 4015 1394 4059 et
1432 4019 1656 4077 quoquo
1686 4019 1880 4059 versus
1909 4003 2124 4075 disper-

544 4098 777 4163 tiuntur,
808 4108 864 4155 et
902 4097 958 4158 in
993 4099 1162 4159 variis
1200 4099 1336 4153 locis
1373 4097 1655 4167 conjuncti
1697 4097 1937 4170 hospitio
1982 4095 2123 4152 reci-

544 4193 791 4263 piuntur.
823 4190 1097 4258 Quocirca
1129 4206 1290 4247 nemo
1318 4191 1413 4260 qul
1446 4189 1832 4261 particularem
1860 4189 2124 4260 reliquia-

543 4300 667 4338 rum
694 4284 924 4352 gratiam
954 4283 1199 4356 suscepit
1221 4323 1235 4345 ,
1261 4298 1369 4336 non
1394 4297 1459 4338 ex
1487 4287 1604 4335 toto
1630 4290 1929 4356 martyrum
1957 4293 2124 4356 appa-

544 4378 802 4432 ritionem
824 4378 1049 4452 recepit.
1082 4374 1234 4431 Unus
1259 4379 1400 4431 enim
1427 4373 1481 4427 in
1511 4371 1738 4427 Christo
1764 4387 1888 4426 cum
1923 4369 2126 4426 fuerint

547 4470 828 4534 universi,
863 4485 959 4546 per
987 4484 1152 4523 unum
1195 4483 1320 4523 cum
1351 4474 1468 4520 toto
1508 4480 1610 4520 suo
1649 4478 1812 4535 grege
1841 4461 2123 4532 recipiun-

547 4572 660 4617 tur.
685 4562 793 4621 Sed
817 4562 909 4632 qui
939 4560 1053 4616 fieri
1082 4567 1260 4630 potest
1294 4568 1354 4615 ut
1379 4559 1558 4616 oratio
1592 4572 1701 4612 non
1745 4556 2004 4624 injuriam
2035 4553 2120 4609 l‘a-

549 4654 686 4717 ciat,
713 4668 834 4729 quae
865 4652 1079 4710 initium
1109 4648 1364 4708 narrandi
1393 4664 1482 4702 res
1512 4647 1581 4702 ab
1608 4647 1675 4700 iis
1695 4656 1877 4716 gestas
1899 4643 2123 4698 silentio

549 4742 1006 4816 praetermiserit?
1029 4740 1185 4811 Quod
1211 4753 1295 4796 est
1323 4740 1494 4809 igitur
1519 4736 1763 4792 initium?
1786 4735 2121 4792 Adolescen-

549 4837 629 4893 tia
645 4836 883 4909 egregia.
906 4843 1070 4905 atque
1093 4840 1358 4904 spectata,
1382 4831 1515 4886 ﬁdes
1531 4829 1758 4905 optima,
1773 4826 1934 4898 cujus
1951 4827 2126 4898 gratia

549 4928 710 4984 electi
740 4943 950 4994 omnes,
970 4926 1171 4982 decore
1199 4941 1261 4980 ac
1294 4922 1706 4997 pulchritudine
1725 4921 1972 4989 insignes
1995 4961 2011 4985 ,
2057 4919 2127 4974 ad

552 5035 736 5078 ramos
749 5018 1120 5094 magnitudine
1137 5019 1380 5095 proxime
1408 5012 1750 5076 accedentes,
1768 5015 1821 5067 in
1842 5013 1975 5073 flore
1991 5022 2124 5067 aeta-

555 5115 626 5171 tis
650 5113 953 5174 constituti.
993 5111 1273 5166 Videtisne
1309 5123 1498 5163 vocem
1533 5106 1768 5162 tumultu
1815 5102 2128 5170 turbari,et

555 5209 786 5274 Strepitu
809 5218 1119 5258 sermonem
1133 5202 1548 5275 interrumpi,u_t
1564 5199 1724 5262 nobis
1747 5199 1915 5261 veluti
1933 5197 2127 5267 pelago

557 5297 794 5367 quodam
822 5303 1119 5359 :estuaule,
1145 5295 1375 5353 vocibus
1415 5291 1598 5365 p0puli
1621 5330 1636 5357 ,
1666 5288 1890 5360 inquam
1912 5328 1927 5354 ,
1950 5289 2128 5358 jacta-

559 5389 632 5444 tis
662 5383 978 5443 necessario
1005 5387 1071 5440 ad
1099 5387 1457 5457 tranquillum
1499 5384 1703 5442 silentii
1746 5394 1962 5454 portum
1995 5397 2130 5437 con-

2211 3457 2359 3518 ὅπως
2388 3455 2420 3527 ὴ
2446 3453 2584 3526 καλὴ
2607 3453 2871 3524 συσκηνία
2897 3451 3005 3505 τῶν
3028 3453 3453 3524 τεσσαράκοντα,
3481 3452 3663 3524 κοινὴν
3688 3451 3789 3520 μὲν

2212 3548 2310 3618 τὴν
2332 3545 2576 3617 ἄθλησιν,
2611 3546 2796 3617 κοινὴν
2835 3545 2892 3598 δὲ
2941 3543 3212 3615 πανταχοῦ
3258 3545 3358 3615 τὴν
3391 3543 3644 3600 ἀποικίαν
3693 3559 3791 3594 πε-

2216 3638 2488 3711 ποίηνται,
2535 3639 2628 3692 καὶ¹
2675 3636 2948 3710 πανταχοῦ
2998 3637 3474 3710 καταμερίζονται,
3527 3635 3621 3688 και
3671 3633 3791 3708 μετ’

2217 3730 2460 3802 ἀλλήλων
2481 3730 2848 3801 ὲπιξενοῦνται
2883 3733 2993 3797 τοῖς
3014 3731 3219 3795 τόποις.
3247 3729 3454 3783 Οὐκοῦν
3489 3728 3659 3790 οὐδεὶς
3691 3742 3795 3797 με·-

2223 3822 2380 3891 ρικὴν
2411 3820 2518 3875 τῶν
2550 3821 2818 3891 λειψάνων
2849 3820 3006 3892 χάριν
3037 3819 3450 3890 ὑποδεξάμενος,
3483 3819 3584 3873 οὐκ
3603 3821 3664 3871 ὲκ
3696 3814 3791 3869 τοῦ

2222 3913 2419 3976 παντὸς
2441 3913 2541 3983 τὴν
2573 3912 2892 3982 ἐπιφάνειαν
2939 3913 3049 3965 τῶν
3099 3910 3388 3983 μαρτύρων
3432 3909 3667 3976 ἐδέξατο.
3696 3902 3793 3972 Εἷς
3818 3981 3832 3994 ν

2221 4006 2330 4079 γὰρ
2366 4008 2425 4059 ὲν
2476 4006 2664 4077 Κυρίῳ
2711 4006 2993 4074 γεγονότες
3020 4006 3068 4058 οί
3113 4006 3334 4068 πάντες,
3377 4004 3444 4057 δι’
3493 4004 3607 4066 ἐνὸς
3653 4001 3794 4073 μετά

2225 4097 2426 4160 παντὸς
2449 4097 2543 4150 τοῦ
2567 4097 2930 4172 πληρώματος
2961 4097 3169 4150 ἑαυτῶν
3198 4096 3596 4161 είσοικίζονται.
3634 4094 3794 4147 Ἀλλά

2224 4187 2342 4252 πῶς
2373 4185 2490 4240 ἔστι
2524 4186 2600 4257 μὴ
2628 4186 2882 4257 ἀδικῆσαι
2909 4185 2999 4240 τὸν
3031 4185 3206 4256 λόγον,
3235 4187 3334 4258 τὴν
3352 4187 3524 4257 ἀρχὴν
3541 4185 3646 4238 τῶν
3674 4184 3795 4238 κατ’

2224 4281 2423 4347 αὐτοὺς
2445 4277 2798 4348 διηγημάτων
2819 4278 3150 4350 σιγήσαντα;
3175 4277 3269 4343 Τίς
3289 4274 3381 4332 οὖν
3410 4280 3556 4330 ἐστιν
3577 4279 3611 4348 ἡ
3630 4276 3796 4347 ἀρχῆς

2226 4370 2430 4441 Νεότης
2459 4368 2640 4440 ἀγαθὴ
2687 4369 2781 4422 καὶ
2828 4369 3208 4440 περίϐλεπτος,
3254 4369 3430 4433 πίστις
3476 4368 3694 4441 ἀρίστη,
3729 4366 3800 4420 δι’

2226 4462 2293 4534 ἢν
2322 4463 2370 4514 οἱ
2397 4460 2597 4524 πάντες
2623 4459 3005 4530 ἐξειλεγμένοι,
3035 4460 3222 4516 κάλλει
3247 4461 3589 4532 διαπρεπεῖς,
3621 4460 3800 4531 ἔρνεσι

2225 4555 2288 4606 τὸ
2319 4552 2548 4624 μέγεθος
2586 4553 2950 4626 παραπλήσιοι
2983 4554 3042 4607 ὲν
3082 4553 3233 4608 ἀνθει
3270 4554 3368 4622 τῆς
3396 4553 3564 4624 ὥρας.
3607 4552 3802 4623 Ὁρᾶτε

2228 4647 2326 4717 τὴν
2352 4645 2533 4717 φωνὴν
2561 4645 2639 4716 τῷ
2673 4645 2886 4720 θορύϐῳ
2918 4645 3353 4717 ταρασσομένην,
3393 4645 3604 4699 καὶτὸν
3644 4643 3802 4712 λόγον

2228 4739 2308 4812 τῷ
2335 4740 2452 4814 ἧχῳ
2487 4738 2928 4808 διακοπτόμενον,
2959 4737 3098 4791 ὥστε
3143 4739 3290 4808 ἡμᾶς
3322 4731 3432 4791 οἷόν
3476 4755 3584 4791 τινι
3632 4735 3802 4788 πελά-

2231 4849 2316 4904 γει
2341 4831 2724 4903 κυμαινομένῳ
2743 4832 2863 4892 ταῖς
2888 4833 3092 4904 φωναῖς
3116 4829 3208 4883 τοῦ
3235 4828 3362 4882 λαοῦ
3384 4827 3800 4900 χειμασθέντας,

2235 4922 2545 4989 ἀναγκαίως
2594 4922 2686 4980 ἐπὶ
2737 4923 2828 4975 τὸν
2885 4921 3200 4993 ἀκύμαντον
3231 4920 3326 4992 τῆς
3383 4921 3592 4991 σιωπῆς
3636 4934 3804 4972 κατα-

2233 5014 2454 5084 φεύγειν
2481 5013 2708 5087 λιμένα;
2737 5014 2800 5072 Εί
2821 5015 2876 5068 δὲ
2903 5017 3113 5083 γένοιτο
3135 5017 3269 5084 ἡμῖν
3303 5015 3441 5067 κατὰ
3468 5011 3600 5066 Θεοῦ
3623 5013 3802 5082 χάριν,

2233 5109 2327 5162 καί
2354 5104 2423 5158 τὰ
2448 5105 2675 5177 δεύτερα
2697 5105 2791 5158 τοῦ
2821 5105 2982 5175 λόγου
2995 5105 3159 5176 σχολὴ
3177 5107 3234 5159 ὲν
3255 5105 3455 5176 ἠσυχίᾳ⁵
3476 5107 3573 5175 τῆς
3602 5100 3805 5174 ἀκροάο

2236 5214 2393 5263 σεως,
2423 5195 2493 5250 τὰ
2522 5195 2616 5250 νῦν
2646 5195 2990 5264 ὲλλειφθέντα
3017 5201 3274 5267 συνεργίᾳ
3297 5195 3390 5248 τοῦ
3416 5193 3550 5249 Θεοῦ
3583 5191 3803 5262 πληρω-

2234 5291 2476 5360 θήσεται,
2509 5290 2669 5362 Αύτῷ
2701 5291 2736 5360 ὴ
2763 5289 2886 5355 δόξα
2916 5290 2995 5352 είς
3035 5290 3159 5352 τοὺς
3199 5288 3398 5352 αἰῶνας
3435 5287 3542 5341 τῶν
3574 5285 3801 5340 αἰώνων.

2250 5383 2438 5453 Ἀμήν.

564 5483 878 5552 fugiendum
907 5481 1010 5536 sit?
1033 5479 1186 5547 Quod
1216 5483 1262 5536 si
1290 5497 1379 5552 per
1413 5481 1641 5550 gratiam
1673 5477 1768 5534 Dei
1797 5479 1956 5533 nobis
1977 5477 2140 5532 etiam
2181 5477 2248 5530 ad
2275 5477 2501 5533 alteram
2530 5486 2738 5548 partem
2764 5478 3028 5533 orationis
3065 5477 3235 5532 otium
3293 5477 3582 5545 contigerit
3602 5515 3617 5538 ,
3679 5487 3804 5527 cum

565 5575 784 5635 silentio
821 5574 1255 5628 auscultantibus
1293 5573 1498 5631 reliqua
1525 5612 1540 5637 ,
1604 5587 1726 5643 quae
1763 5587 1910 5626 nunc
1935 5569 2302 5642 praetermissa
2331 5579 2461 5628 sunt
2508 5570 2577 5628 ad
2619 5571 2986 5628 narrationem
3037 5568 3402 5642 pertinentia,
3455 5565 3658 5624 auxilio
3710 5563 3806 5622 Dei

566 5668 984 5744 supplebuntur.
1004 5665 1064 5718 Ei
1087 5667 1258 5736 gloria
1283 5684 1337 5723 .n
1361 5673 1558 5723 secula
1575 5665 1928 5723 saeculorum.
1967 5662 2161 5718 Amen.

639 5856 656 5896 θ
691 5848 825 5914 l’sal.
864 5864 1017 5916 xvm,
1060 5848 1110 5909 5.
