4132 6356
426 280 529 336 ’157

1056 398 1272 451 ΛΟΓΟΣ
1303 397 1379 453 B’.

496 490 636 553 Χθὲς
661 491 709 543 οί
746 488 1018 559 μάρτυρες
1036 490 1172 559 πρὸς
1199 492 1425 554 ἑαυτοὺς
1448 490 1540 559 τὸν
1566 491 1695 545 λαὸν
1730 493 1959 546 ἐκάλουν
1978 511 1992 525 ·

425 581 521 636 νῦν
550 582 628 653 τῷ
666 582 991 653 καταγωγίῳ
1025 585 1123 653 τῆς
1159 583 1480 653 Ἐκκλησίας
1506 584 1875 650 ἐπιξενοῦνται
1900 587 1997 639 αύ-

423 673 691 743 τόκλητοι.
727 674 905 743 Νόμος
944 674 1002 727 δέ
1034 674 1118 738 τίς
1159 676 1275 728 ἐστι
1303 677 1653 746 συμποτικὸς,
1685 679 1783 741 τὰς
1829 680 1995 746 ἐγκυ-

426 764 607 828 κλίους
635 762 840 827 ταύτας
863 764 1132 827 ἑστιάσεις
1162 764 1308 836 παρὰ
1332 766 1442 818 τῶν
1472 766 1805 837 δαιτυμόνων
1834 767 1998 838 ἀλλή-

425 852 537 915 λοις
570 853 633 904 ὲκ
668 851 1005 923 περιτροπῆς
1043 852 1389 909 ὲπιδίδοσθαι.
1423 853 1631 913 Οὐκοῦν
1660 855 1871 925 ἀνάγκη
1905 856 1999 911 καὶ

425 945 573 1015 ἡμᾶς
599 943 691 997 τὸν
711 943 872 997 αὐτὸν
910 943 1314 1013 ἀντιπληρῶσαι
1337 942 1431 997 τοῦ
1470 944 1686 998 δείπνου
1719 947 1832 1008 τοῖς
1862 945 2000 1017 μάρ-

424 1053 580 1090 τυσιν
606 1036 815 1107 ἔρανον.
866 1035 1005 1093 Ἀλλ’
1050 1035 1235 1107 ἐπειδὴ
1267 1035 1490 1095 πένεται
1534 1038 1664 1106 ἡμῖν
1701 1038 1734 1107 ή
1766 1038 2001 1107 χορηγία

426 1128 518 1182 τοῦ
548 1129 727 1197 λόγου,
767 1127 948 1191 καλῶς
975 1126 1086 1197 ἔχει
1114 1129 1227 1190 τοῖς
1256 1128 1385 1197 παρ’
1416 1126 1595 1180 αὐτῶν
1628 1129 1851 1189 ἐκείνων
1887 1128 2001 1181 λει-

424 1218 613 1288 ψάνοις
640 1220 786 1289 ἡμᾶς
831 1216 1154 1283 δεξιοῦσθαι,
1186 1219 1311 1282 τοὺς
1354 1218 1482 1289 χθὲς
1524 1219 1619 1289 μὲν
1662 1220 1999 1290 ἑστιάτορας,

427 1308 665 1379 σήμερον
707 1309 764 1361 δὲ
815 1309 1160 1379 δαιτυμόνας.
1202 1310 1387 1380 Ἀρκεί
1430 1308 1540 1380 γάρ
1587 1310 1680 1373 καὶ
1732 1310 1903 1382 βραχύ
1950 1328 2001 1364 τι

428 1401 591 1471 μέρος
630 1400 695 1455 ἐκ
742 1399 1000 1463 πλουσίας
1029 1399 1330 1470 τραπέζης,
1368 1401 1609 1472 μεγάλης
1648 1402 1882 1472 εὐωχίας
1913 1420 2004 1471 γε-

424 1491 609 1545 νέσθαι
631 1493 1006 1564 παρασκευὴν,
1036 1494 1164 1547 ὅταν
1196 1493 1433 1546 τοιοῦτον
1462 1493 1709 1563 λείψανον
1824 1495 1888 1549 Τί
1912 1491 2003 1549 οὖν

424 1581 583 1636 τοῦτο
630 1582 690 1636 τὸ
718 1583 996 1652 λείψανον;
1045 1584 1340 1655 Μέμνησθε
1372 1585 1588 1650 πάντως
1632 1589 1688 1638 ὲν
1723 1586 1826 1641 τίνι
1864 1583 2003 1657 ἦμεν

424 1674 518 1727 τοῦ
542 1674 722 1742 λόγου,
762 1676 851 1727 ὅτε
881 1677 909 1727 ὁ
935 1676 1182 1739 εὑκταῖος
1217 1678 1419 1740 ἐκεῖνος
1460 1678 1552 1730 καὶ
1599 1677 1729 1748 ήδὺς
1775 1681 1904 1749 ἡμῖν
1940 1681 2005 1733 ὲκ

1514 280 1581 334 IN
1621 280 2007 347 quamneu

2108 308 2120 335 ι
2161 282 2348 339 MART
2364 282 2554 337 YRES.
3569 280 3672 336 7’38

2708 400 2967 457 ORATIO
3006 399 3067 455 ll.

2169 494 2295 553 Heri
2328 504 2591 562 martyres
2620 494 2687 547 ad
2720 509 2841 549 sese
2883 495 3141 564 populum
3180 492 3489 557 vocabant;
3526 508 3675 548 nunc

2099 586 2341 654 hospitio.
2366 584 2623 639 Ecclesiae
2675 586 2778 654 ipsi
2831 600 2950 645 sese
2980 584 3270 638 offerentes
3300 584 3671 653 excipiuntur.

2098 678 2206 734 Lex
2239 690 2417 734 autem
2445 679 2694 749 quadam
2722 678 3048 735 convivialis
3074 688 3176 740 est,
3212 686 3272 731 ut
3292 677 3593 731 circulares
3620 686 3679 733 et

2098 776 2351 841 vulgares
2399 772 2535 827 istas
2572 772 2764 841 epulas
2813 771 2902 825 alii
2945 771 3069 824 aliis
3099 771 3346 825 convivis
3386 780 3536 825 certa
3590 772 3675 824 vi-

2101 866 2431 921 cissitudine
2468 864 2746 934 praebeant
2777 864 2831 919 in
2858 863 3070 916 orbem.
3107 862 3276 931 Igitur
3306 875 3535 915 necesse
3561 870 3669 926 est,

2101 965 2161 1011 ut
2186 956 2352 1011 etiam
2384 969 2485 1010 nos
2510 964 2699 1007 contra
2740 953 3078 1023 martyribus
3111 966 3299 1022 parem
3344 966 3516 1005 coenae
3545 965 3673 1021 gra-

2101 1045 2229 1098 tiam
2266 1043 2583 1107 referamus,
2636 1053 2690 1097 et
2729 1043 2872 1096 idem
2905 1041 3141 1099 ofﬁcium
3174 1049 3520 1112 praestemus.
3565 1040 3672 1095 Sed

2102 1135 2358 1206 quoniam
2390 1142 2578 1189 nostra
2624 1133 2856 1189 facultas
2897 1132 3165 1188 orationis
3194 1133 3354 1201 inops
3390 1139 3455 1185 et
3481 1131 3684 1201 exigua

2100 1236 2205 1292 est,
2236 1226 2380 1280 haud
2408 1226 2816 1280 incommodum
2854 1223 3038 1290 fuerit.
3070 1225 3116 1279 si
3142 1224 3345 1278 abillis
3378 1223 3513 1295 ipsis
3530 1238 3676 1277 sum-

2102 1322 2210 1392 ptis
2283 1320 2528 1389 reliquiis
2578 1318 2922 1387 excipiamus
2966 1331 3064 1371 eos
3127 1313 3220 1386 qui
3271 1315 3394 1370 heri
3449 1315 3668 1386 quidem

2103 1411 2489 1468 convivatores
2508 1418 2561 1464 et
2588 1410 2733 1480 epuli
2764 1409 3080 1480 praebitores
3108 1415 3267 1463 erant
3289 1450 3304 1472 ,
3340 1407 3503 1461 hodie
3544 1422 3689 1461 vero.

2103 1502 2345 1555 convivae
2376 1508 2522 1554 sunt.
2559 1498 2769 1553 Sullicit
2809 1498 2957 1555 enim
2983 1500 3067 1552 vel
3092 1498 3288 1567 exigua
3326 1497 3573 1565 quaedam
3610 1496 3679 1549 de

2103 1593 2269 1648 divite
2300 1607 2483 1647 mensa
2515 1607 2662 1661 pars,
2702 1606 2827 1649 cum
2868 1591 3004 1645 tales
3053 1590 3297 1661 reliquiae
3350 1588 3570 1651 fuerint,
3605 1588 3685 1645 ad.

2105 1686 2284 1755 magni
2316 1686 2460 1755 epuli
2494 1694 2839 1755 apparatum.
2882 1682 3013 1750 Qua:
3052 1690 3191 1739 sunt
3227 1682 3390 1753 igitur
3434 1682 3516 1736 hze
3550 1682 3679 1736 reli-

425 1764 519 1817 τοῦ
544 1764 779 1836 πλήθους
806 1765 912 1818 τῶν
942 1767 1374 1837 συνειλεγμένων
1404 1767 1627 1838 θόρυϐος
1656 1769 1875 1839 συνέχεε
1907 1772 2005 1841 τὴν

2108 1753 2282 1847 quite?
2329 1753 2656 1831 Meministis
2706 1789 2933 1844 prorsus
2979 1777 3033 1826 in
3077 1787 3183 1841 qua
3218 1780 3373 1841 parte
3409 1769 3679 1824 orationis

426 1856 533 1909 τῶν
562 1857 867 1927 λεγομένων
898 1858 1179 1928 ἀκρόασιν,
1215 1860 1302 1911 ὅτε
1340 1862 1372 1929 ἠ
1410 1860 1652 1931 ἔμψυχος
1691 1862 1873 1935 ἐκείνη
1906 1864 2005 1933 τῆς

427 1946 717 2017 ἐκκλησίας
775 1947 1018 2002 θάλασσα
1082 1948 1159 2017 τῷ
1215 1948 1405 2020 πλήθει
1458 1948 1564 2001 τῶν
1615 1952 2005 2022 ἐπεισρεόντων

430 2038 857 2110 πλημμυροῦσα,
918 2038 1053 2108 πρὸς
1080 2040 1179 2109 τὴν
1205 2041 1375 2110 ῥοπὴν
1418 2040 1526 2096 τῶν
1554 2041 1639 2094 ἀεὶ
1671 2041 2003 2115 βιαζομένων

428 2127 706 2199 ὲκύμαινε,
744 2128 1051 2199 μιμουμένη
1084 2130 1177 2182 καὶ
1219 2129 1298 2199 τῷ
1328 2131 1443 2200 ῆχῳ
1486 2131 1583 2202 τὴν
1611 2131 1779 2195 ὅντως
1806 2132 2004 2187 θάλασ-

431 2236 549 2284 σαν,
583 2215 696 2277 οἷον
724 2221 914 2283 αὑταῖς
941 2222 1058 2284 ταῖς
1087 2222 1275 2284 ἀκοαῖς
1307 2220 1463 2291 ἡμῶν
1485 2223 1874 2295 προσρηγνῦσα
1895 2224 2004 2278 τῶν

428 2314 687 2383 κυμάτων
711 2314 801 2371 τὸν
825 2313 1016 2383 ψόφον.
1061 2314 1148 2366 Ἐν
1167 2314 1277 2367 τίσι
1301 2314 1476 2368 τοίνυν
1499 2315 1862 2388 κατελίπομεν
1890 2334 2003 2387 χει-

431 2405 707 2476 μασθέντα
738 2407 817 2477 τῷ
857 2407 1070 2478 θορύϐῳ
1115 2408 1211 2463 τὸν
1246 2409 1422 2477 λόγον,
1460 2410 1738 2481 μέμνησθε
1787 2412 2005 2476 πάντως

426 2494 508 2562 οἷς
545 2499 906 2570 μεμελέτηται
956 2500 1043 2553 διὰ
1091 2502 1309 2572 μνήμης
1354 2501 1494 2571 ἔχειν
1527 2504 1650 2567 τοὺς
1702 2504 2003 2577 μάρτυρας.

426 2585 534 2643 Ἦν
565 2590 643 2653 δὲ,
674 2590 750 2654 ὡς
792 2584 1023 2661 οἶμαι,ή
1070 2592 1359 2646 ἀκολουθία
1395 2594 1489 2647 τοῦ
1520 2594 1678 2663 λόγου
1722 2597 1881 2667 αὕτη,
1923 2600 2004 2651 ὅτι

425 2681 486 2732 ού
521 2680 629 2734 τῶν
660 2684 932 2752 τυχόντων
958 2678 1099 2753 ἦσάν
1126 2700 1270 2747 τινες
1299 2686 1349 2737 οἱ
1378 2686 1458 2747 εἰς
1492 2685 1582 2738 τὸν
1610 2687 1795 2754 ἀγῶνα
1818 2688 2004 2742 τοῦτον

427 2770 809 2841 ἐξειλεγμένοι,
839 2774 959 2826 οὑδέ
982 2791 1063 2837 τις
1086 2774 1389 2845 σύμμικτος
1411 2778 1503 2829 καὶ
1527 2776 1808 2847 ἀνώνυμος
1827 2778 2001 2848 ὄχλος,

428 2863 493 2915 ὲκ
543 2863 812 2917 ταπεινῶν
863 2865 1303 2935 ἐπιτηδευμάτων
1354 2869 1706 2939 ὁρμηθέντες,
1764 2871 1900 2942 πρὸς
1945 2872 2005 2924 τὸ

428 2956 644 3026 ἀξίωμα
668 2956 825 3009 τοῦτο
873 2957 1218 3029 ἐπήρθησαν·
1250 2960 1387 3012 ἀλλὰ
1429 2960 1647 3031 πρῶτον
1693 2963 1789 3030 μὲν
1818 2962 1886 3014 δι’
1911 2964 1999 3016 εὐ⁸

429 3047 591 3115 φυΐαν
626 3046 896 3117 σώματος,
946 3048 1131 3102 κάλλει
1178 3050 1271 3103 καὶ
1300 3051 1524 3121 δυνάμει
1559 3053 1651 3105 καὶ
1691 3052 1880 3123 ῥώμης
1907 3070 2006 3105 σιε-
2030 3085 2072 3142 c

433 3140 648 3211 ριουσίᾳ
669 3141 777 3193 τῶν
807 3140 1011 3195 λοιπῶν
1043 3141 1432 3209 διενεγκόντες,
1459 3147 1571 3207 τοῖς
1597 3147 2005 3214 στρατιωτικοῖς

429 3230 748 3296 καταλόγοις
786 3230 1227 3301 ὲνηριθμήθησαν
1251 3247 1265 3261 ⁸
1306 3233 1444 3301 μετὰ
1482 3233 1655 3286 ταῦτα
1691 3234 1747 3286 δὲ
1774 3234 1850 3303 τῷ
1888 3236 2007 3288 κατ’

429 3322 630 3393 ἀρετὴν
682 3322 781 3392 βίῳ
841 3322 932 3376 καὶ
981 3322 1225 3394 πολιτείᾳ
1296 3324 1529 3396 σώφρονι
1590 3325 2005 3395 διαπρέψαντες,

429 3412 617 3485 ὥσπερ
650 3432 701 3467 τι
727 3415 895 3483 γέρας
934 3415 1028 3468 καὶ
1057 3417 1329 3486 ἀριστεῖον
1354 3415 1453 3487 τὴν
1485 3416 1644 3488 χάριν
1669 3417 1767 3487 τῆς
1804 3434 2009 3489 μαρτυ-

434 3510 557 3579 ρίας
581 3509 952 3573 τελειωθέντες
972 3508 1235 3575 ἐδέξαντο.
1267 3512 1377 3569 Καὶ
1402 3515 1449 3565 εί
1470 3512 1620 3577 δοκεῖ
1641 3513 1724 3575 ὼς-
1739 3514 1803 3566 ἂν
1826 3514 2007 3583 ἡδίους

430 3602 742 3672 γενοίμεθα,
775 3604 954 3661 πάντα
992 3604 1061 3656 τὰ
1107 3603 1213 3656 τῶν
1250 3602 1542 3675 μαρτύρων
1582 3604 1777 3676 ἐφεξῆς
1805 3605 2008 3665 ἀναλάρο

432 3692 634 3763 ϐωμεν,
661 3690 770 3747 οἷον
801 3697 893 3749 ὑπ’
922 3696 1043 3766 ὄψιν
1070 3697 1293 3765 ἄγοντες
1319 3696 1398 3768 τῷ
1421 3697 1647 3768 παρόντι
1674 3697 1887 3768 θεάτρῳ
1909 3696 2007 3770 τὴν

428 3785 674 3859 ἄθλησιν.

2109 1868 2467 1930 lnerebamus,
2510 1880 2633 1920 cum
2667 1872 2886 1934 optatus
2917 1863 3007 1917 ille
3034 1870 3090 1915 et
3116 1859 3395 1929 jucundus
3423 1858 3583 1912 nobis
3610 1872 3683 1921 ex,

2108 1960 2455 2013 multitudine
2494 1966 2949 2029 congregatarum
2994 1957 3266 2014 tumultus
3306 1953 3697 2015 confundebat,

2105 2066 2294 2105 eorum
2333 2065 2456 2120 quze
2494 2050 2819 2105 dicebantur
2865 2050 3326 2108 auscultationem
3360 2067 3372 2101 :
3406 2063 3528 2103 cum
3561 2047 3683 2100 ani,

2108 2150 2312 2195 malum
2362 2140 2493 2195 illud
2537 2139 2797 2201 Ecclesia;
2850 2154 3001 2193 mare
3050 2136 3681 2197 multitudinealiorum

2107 2249 2270 2303 super
2302 2232 2441 2287 alios
2469 2231 2855 2286 confluentium
2890 2239 2944 2285 et
2968 2231 3353 2300 ingruentium,
3382 2228 3679 2292 inundans,

2108 2325 2180 2378 ad
2223 2324 2486 2393 impetum
2544 2332 2597 2377 ct
2643 2322 3025 2392 impulsionem
3076 2336 3265 2377 eorum
3308 2320 3403 2390 qui
3456 2334 3673 2387 semper

2106 2418 2158 2470 vi
2191 2417 2581 2484 irrumperent,
2617 2412 2911 2477 niteturet
2932 2420 2986 2467 et
3009 2418 3291 2478 aestuaret,
3329 2410 3511 2466 sonitu
3541 2425 3678 2479 quo-

2106 2524 2211 2578 que
2254 2509 2374 2577 ipso
2411 2522 2599 2562 verum
2644 2507 2867 2563 imitans
2895 2516 3069 2569 mare,
3116 2505 3282 2559 veluti
3323 2503 3550 2573 rupibus
3600 2503 3683 2556 lit-

2109 2588 2375 2652 toralibus
2408 2597 2638 2651 auribus
2684 2595 2892 2649 nostris
2942 2594 3215 2649 undarum
3265 2593 3553 2663 strepitum
3599 2593 3681 2646 in-

2107 2689 2350 2759 fringens
2378 2696 2433 2742 et
2461 2686 2697 2742 illidens.
2735 2684 2792 2739 lu
2821 2685 3022 2754 quibus
3052 2685 3214 2755 igitur
3247 2684 3483 2738 tumultu
3516 2684 3678 2753 quasi

2107 2788 2429 2850 tempestate
2466 2780 2728 2848 jactatam
2782 2778 3168 2847 reliquerimus
3202 2777 3526 2839 orationem,
3568 2791 3685 2829 me-

2108 2872 2343 2926 ministis
2363 2886 2611 2941 prorsus,
2644 2869 2846 2940 quibus
2876 2870 3187 2923 recordatio
3213 2876 3513 2938 martyrum
3537 2880 3701 2921 cum.

2106 2972 2208 3019 est.
2245 2962 2374 3017 Erat
2421 2974 2601 3017 autem
2643 2961 3008 3026 continuatio,
3045 2961 3260 3031 opinor,
3292 2969 3348 3014 et
3392 2967 3683 3016 contextus

2106 3055 2374 3111 orationis
2428 3055 2540 3117 hic,
2586 3054 2731 3120 quod
2783 3068 2892 3107 non
2946 3068 3014 3108 ex
3065 3052 3330 3122 gregariis
3384 3062 3439 3107 et
3481 3051 3695 3115 vilibus.

2106 3147 2327 3218 quidam
2367 3152 2575 3211 essent,
2606 3146 2699 3215 qui
2747 3146 2813 3200 ad
2848 3146 2952 3199 hoc
2999 3152 3281 3199 certamen
3322 3142 3483 3199 electi
3527 3150 3681 3207 sunt,

2106 3254 2284 3309 neque
2326 3239 2692 3308 promiscuum
2731 3237 3009 3308 quoddam
3056 3244 3111 3291 et
3161 3236 3457 3291 obscurum
3491 3236 3686 3305 vulgus

2107 3346 2174 3387 ex
2206 3331 2505 3386 humilibus
2534 3330 2815 3385 exercitiis
2848 3339 2903 3383 et
2933 3328 3132 3383 studiis
3160 3328 3391 3397 profecti
3422 3327 3491 3381 ad
3538 3327 3683 3385 hanc

2108 3422 2427 3493 dignitatem
2463 3420 2634 3475 evecti
2663 3427 2878 3485 essent;
2910 3420 3004 3474 sed
3035 3418 3271 3488 primum
3306 3417 3526 3487 quidem
3555 3430 3683 3485 pro-

2108 3524 2230 3585 pter
2273 3515 2412 3568 boua
2446 3522 2611 3583 atque
2650 3512 2934 3567 commoda
2967 3511 3219 3581 corporis
3247 3509 3444 3565 decore
3469 3520 3523 3563 et
3557 3508 3685 3562 viri-

2110 3608 2213 3663 bus
2237 3614 2291 3661 et
2325 3607 2518 3660 robore
2565 3610 2861 3673 superante
2891 3603 3137 3672 reliquos
3170 3599 3543 3671 praecedentes
3589 3599 3685 3657 mi-

2109 3697 2361 3757 litaribus
2392 3696 2637 3750 numeris
2678 3695 2903 3763 ascripti
2936 3701 3124 3747 essent
3151 3712 3164 3747 :
3194 3692 3391 3747 deinde
3416 3705 3546 3747 vero
3595 3705 3685 3745 εον

2110 3789 2232 3844 brio
2276 3798 2437 3858 atque
2487 3802 2610 3841 cum
2664 3786 2865 3840 virtute
2908 3785 3203 3854 conjuncta
3264 3784 3384 3837 vitae
3434 3781 3687 3838 instituto

431 3895 554 3934 cum
638 3884 1051 3951 excelluisseut,
1125 3892 1385 3956 tanquam
1435 3886 1718 3954 praemium
1769 3884 2047 3956 quoddam
2114 3881 2439 3938 decorandte
2486 3889 2543 3936 et
2596 3879 2946 3936 honestanda:
3009 3879 3225 3943 virtutis
3274 3893 3406 3947 ergo
3453 3877 3685 3948 gratiam

431 3977 677 4046 martyrii
723 3978 1091 4033 consummati
1142 3979 1501 4048 accepissent.
1548 3980 1625 4032 Ac
1678 3979 1725 4033 si
1771 3979 2003 4040 videtur,
2043 3991 2153 4047 quo
2172 3976 2347 4031 oratio
2371 3983 2560 4028 nostra
2615 3972 2787 4043 magis
2812 3972 3059 4041 jucunda
3113 3971 3405 4032 efficiatur,
3468 3983 3685 4023 onmem

433 4080 548 4120 rem
603 4076 811 4134 gestam
885 4082 915 4120 ε
964 4069 1297 4138 martyribus
1352 4069 1614 4139 deinceps
1656 4068 1849 4125 ordine
1890 4075 2226 4140 repetamus,
2300 4074 2561 4135 tanquam
2612 4065 2668 4119 in
2718 4073 3014 4134 conspectu
3073 4063 3198 4117 huic
3244 4062 3457 4116 theatro
3508 4062 3699 4131 ipsa"),

431 4159 783 4213 certationem
816 4158 1169 4217 adducentes.

500 4246 609 4303 Ἦν
640 4268 690 4303 τι
718 4253 903 4323 τάγμα
933 4253 1321 4323 στρατιωτικὸν
1350 4254 1572 4306 παλαιὸν
1607 4254 1747 4307 κατὰ
1772 4253 1871 4324 τὴν
1895 4252 2006 4321 γεί·

431 4359 559 4394 τονα
590 4342 743 4395 πόλιν
777 4345 973 4408 παντὸς
1006 4346 1097 4399 τοῦ
1128 4345 1314 4408 ἔθνους
1358 4346 1494 4416 πρὸς
1534 4346 1632 4409 τάς
1664 4346 1772 4398 τῶν
1803 4344 2009 4416 βαρϐά-

2190 4244 2315 4301 Erat
2345 4254 2498 4302 vetus
2516 4243 2764 4314 quiedam
2786 4244 2935 4297 circa
2960 4243 3191 4301 vicinam
3220 4241 3407 4301 urbem
3451 4243 3683 4307 militum

2117 4356 2333 4402 manus,
2375 4338 2687 4408 praesidium
2732 4336 3410 4405 totiusgeutis,_adversus
3451 4337 3687 4407 impetus

435 4450 545 4505 ρων
572 4432 745 4504 ὁρμὰς
772 4436 1203 4506 προκαθήμενον·
1226 4435 1453 4498 ἐκείνοις
1473 4435 1536 4489 ἐκ
1558 4451 1701 4497 τινος
1724 4438 2007 4505 προϋπαρ-

2114 4432 2492 4485 barbarorum.
2518 4429 2629 4485 Illis
2674 4445 2738 4485 ex
2778 4430 3013 4499 quadam
3059 4438 3185 4484 ante
3221 4428 3401 4482 oblata
3424 4429 3688 4489 divinitus

436 4522 638 4595 χούσης
682 4521 867 4575 θεόθεν
909 4523 1260 4592 ἐπιφανείας,
1309 4524 1489 4577 πλεῖον
1515 4526 1548 4595 ή
1580 4523 1758 4586 πίστις
1786 4522 1893 4575 τῶν
1919 4540 2016 4576 τα-

433 4613 643 4668 κτικῶν.
669 4612 1161 4677 ὲσπουδάζετο.Καὶ
1191 4613 1320 4678 ἴσως
1344 4616 1445 4667 οὐκ
1476 4613 1701 4684 ἄκαιρον
1727 4612 1786 4668 ἓν
1812 4629 1864 4665 τι
1888 4628 2017 4667 κατα

432 4706 660 4779 όρθωμα
692 4708 791 4773 τῆς
836 4707 1072 4769 πίστεως
1104 4706 1213 4758 τῶν
1260 4705 1470 4777 ἀνδρῶν
1490 4707 1713 4759 ἐκείνων
1735 4707 1792 4758 ἐν
1832 4721 2013 4775 παρα·-

433 4797 607 4867 δρομῇ
641 4797 1022 4866 διηγήσασθαι.
1057 4796 1356 4863 Συστάντος
1390 4796 1499 4867 γὰρ
1527 4796 1709 4857 αὐτοῖς
1753 4812 1885 4847 ποτε
1917 4796 2012 4859 τοῦ

436 4887 569 4958 πρὸς
606 4890 730 4950 τοὺς
780 4888 1086 4959 βαρϐάρους
1117 4888 1386 4958 πολέμου,
1432 4889 1525 4941 καὶ
1558 4887 1667 4941 τῶν
1710 4888 2012 4959 ἐπικαίρων

436 4980 651 5033 πάντων
704 4979 1267 5051 προκαταληφθέντων
1315 4980 1419 5033 ὑπὸ
1450 4980 1547 5051 τῆς
1596 4980 1705 5032 τῶν
1753 4980 2011 5035 ἐναντίων

438 5074 714 5141 στρατιᾶς,
750 5073 843 5126 καὶ
873 5071 979 5124 τῶν
1004 5072 1211 5125 ὑδάτων
1238 5073 1296 5125 ὲν
1324 5074 1388 5141 τῇ
1412 5071 1519 5125 τῶν
1548 5071 1759 5142 ἐχθρῶν
1791 5071 2011 5141 ἐξουσία

437 5167 837 5233 γεγενημένων,
874 5166 952 5227 εἰς
978 5164 1203 5234 ῑσχατον
1235 5163 1478 5228 ἐλθόντες
1513 5165 1772 5227 κίνδυνον,
1804 5164 1912 5218 εἴτε
1940 5164 2009 5217 δι’

437 5256 689 5325 ἀπειρίαν
728 5256 835 5309 τῶν
863 5255 933 5309 τὰ
973 5256 1215 5326 ἡμέτερα
1260 5255 1729 5328 στρατηγούντων,
1783 5258 1889 5309 εἴτε
1923 5256 2010 5309 διά

436 5364 558 5401 τινα
585 5348 868 5418 κρείττονα
897 5350 988 5401 καὶ
1022 5348 1301 5418 θειοτέραν
1329 5348 1659 5417 οἰκονομίαν,
1692 5349 1767 5412 ὼς
1796 5348 1862 5407 ἂν
1903 5349 2010 5419 μά.

438 5438 596 5491 λιστα
619 5439 713 5491 καὶ
735 5440 822 5492 διὰ
851 5440 1039 5493 τούτου
1070 5441 1261 5511 φανείη
1289 5439 1396 5493 τῶν
1420 5440 1767 5511 Χριστιανῶν¹
1790 5440 1850 5493 τὸ
1874 5440 2012 5511 πρὸς

438 5529 563 5592 τοὺς
590 5530 1203 5602 ἀλλοφύλουςδιάφορον·
1228 5532 1417 5602 ἐπειδὴ
1444 5532 1542 5586 οὐκ
1565 5527 1709 5602 εἶχον
1730 5532 1757 5583 ὃ
1781 5549 1832 5583 τι
1880 5532 2013 5601 χρή-

443 5638 621 5673 σονται
654 5626 764 5685 τοῖς
797 5623 1059 5693 παροῦσι,
1093 5624 1184 5677 καὶ
1216 5623 1381 5695 πολλή
1417 5641 1500 5687 τις
1539 5619 1605 5695 ἦν
1632 5625 1663 5693 ή
1698 5624 2007 5693 ἀμηχανία,

439 5712 693 5783 οὐδεμιᾶς
724 5716 905 5778 αὐτοῖς
932 5716 1154 5778 πίδακος
1191 5717 1224 5786 ἦ
1260 5718 1558 5788 ἀπορροίας
1580 5715 1783 5769 ὑδάτων
1808 5718 2008 5785 ἐμφαι-

440 5804 668 5879 νομένης
714 5804 788 5876 τῷ
833 5806 1005 5875 τόπῳ,
1050 5804 1141 5859 καὶ
1182 5805 1417 5870 κίνδυνος
1462 5801 1528 5879 ἦν
1584 5803 1856 5877 ὑποκύψαι
1903 5806 2009 5867 τοῖς

2113 4522 2472 4590 apparitione,
2518 4520 2707 4587 majori
2747 4520 2929 4575 studio
2976 4520 3109 4575 lidcs
3137 4527 3278 4584 erat,
3311 4536 3474 4589 quam
3514 4538 3598 4577 res
3623 4538 3687 4579 ac

2113 4612 2409 4684 disciplina
2446 4612 2721 4666 militaris.
2778 4612 2855 4665 Ac
2906 4610 3138 4666 forsitan
3186 4626 3297 4666 non
3344 4612 3685 4682 intempesti-

2108 4721 2237 4760 vum
2293 4704 2460 4759 fuerit
2504 4719 2675 4759 unum
2705 4703 2979 4772 quoddam
3012 4703 3135 4758 fidei
3184 4704 3425 4758 virorum
3467 4705 3686 4760 illorum

2110 4797 2335 4853 facinus.
2349 4795 2627 4866 egregium
2660 4795 2835 4849 obiter
2867 4809 3322 4849 commemorare.
3352 4794 3506 4850 Bello
3537 4797 3685 4861 enim

2116 4888 2197 4943 eis
2255 4887 2518 4943 adversus
2568 4884 2832 4940 barbaros
2884 4884 3178 4954 aliquando
3228 4884 3495 4948 conﬂato,
3559 4902 3687 4942 cum

2118 4978 2376 5034 omnibus
2388 4977 2525 5032 locis
2540 4977 2865 5047 opportunis
2880 4977 2948 5032 ab
2962 4976 3208 5031 exercitu
3227 4976 3467 5031 hostium
3485 4992 3690 5047 praeoc~

2117 5069 2350 5139 cupatis,
2396 5084 2551 5139 aqua:
2584 5084 2802 5138 quoque
2848 5067 2904 5121 in
2952 5082 3139 5121 eorum
3170 5077 3444 5137 potestate
3478 5078 3685 5131 essent,
3756 5047 3762 5065 ’

2119 5160 2184 5215 ad
2238 5172 2539 5215 extremum
2592 5159 2896 5229 periculum
2957 5159 3184 5225 redacti,
3243 5162 3357 5215 sive
3417 5162 3687 5232 imperitia

2118 5261 2432 5307 nostrorum
2473 5251 2695 5313 ducum.
2745 5249 2859 5304 sive
2912 5250 3137 5305 meliore
3185 5258 3239 5305 et
3290 5250 3477 5306 divino
3514 5256 3689 5322 magis

2117 5344 2351 5399 consilio
2388 5350 2551 5412 atque
2578 5342 2958 5411 dispositione,
2988 5352 3048 5397 ut
3081 5343 3163 5398 vel
3198 5360 3291 5413 per
3319 5344 3423 5398 hoc
3450 5346 3690 5399 maxime

2119 5445 2405 5505 appareret
2457 5433 2584 5503 quid
2621 5433 2911 5491 interesset
2957 5434 3099 5489 inter
3127 5434 3481 5491 Christianos
3520 5445 3689 5505 atque

2119 5538 2373 5583 externos
2397 5535 2451 5580 et
2476 5543 2505 5578 a
2538 5526 2640 5581 fide
2676 5527 2883 5581 alienos
2914 5546 2926 5580 :
2951 5542 3076 5580 cum
3104 5528 3251 5580 nulla
3284 5529 3497 5587 ratione
3520 5530 3686 5581 rebus

2121 5618 2482 5689 praesentibus
2517 5617 2719 5672 mederi
2751 5628 2996 5687 possent,
3049 5634 3354 5688 magnaque
3394 5620 3687 5688 trepidatio

2116 5721 2281 5781 atque
2309 5711 2619 5781 desperatio
2648 5721 2813 5773 esset,
2846 5728 2968 5765 cum
3004 5711 3186 5766 nullus
3217 5712 3337 5766 fons
3361 5713 3414 5765 in
3446 5728 3510 5764 eo
3544 5713 3683 5772 loco.

2119 5816 2211 5864 aut
2246 5805 2463 5863 aliuudc
2505 5804 2876 5878 provenicntis
2923 5820 3075 5879 aqua:
3122 5803 3353 5863 lattiltas
3394 5805 3474 5859 eis
3520 5818 3687 5883 appa-
