4132 6356
452 311 564 372 759

1707 319 1764 373 S.
1790 318 2116 376 GREGORII
2149 316 2441 374 NYSSENI

3603 310 3708 367 760

454 435 643 490 reret,
694 429 1108 502 periculumque
1163 441 1310 490 esset
1360 449 1430 490 ne
1477 434 1570 489 siti
1617 437 1914 506 expugnati
1956 435 2028 490 ab

2136 435 2390 497 Ιἐναντίοις
2435 429 2956 502 ἐκπολιορκηθὲντας
3003 425 3080 498 τῷ
3116 427 3293 496 δίψει·
3330 427 3450 480 τότε
3487 428 3706 481 καταλι-

458 521 788 578 adversariis
818 525 1206 594 subigerentur
1241 546 1256 582 :
1291 536 1422 582 tunc
1454 529 1699 598 praeclari
1741 529 1818 582 illi
1862 536 2030 596 atque

456 615 684 684 egregii,
712 617 922 670 omisso
949 631 1224 670 armorum
1261 617 1536 686 prmsidio,
1585 621 1846 672 iuvlctum
1874 620 2031 674 cuive

458 703 645 758 resisti
679 718 788 758 non
813 715 998 774 posset
1023 707 1287 762 auxilium
1314 709 1369 762 in
1407 707 1848 764 formidabilibus
1875 709 2028 778 ejus-

458 795 605 848 modi
636 795 1036 865 implorandum
1061 799 1166 854 sibi
1191 806 1522 854 statuerunt.
1551 798 1776 854 Relictis
1805 801 1949 855 enim
1974 803 2030 854 in

456 886 658 940 castris
699 887 768 942 iis
801 885 894 956 qui
921 889 1162 942 nondum
1186 889 1348 943 fidem
1383 899 1725 960 receperant,
1753 905 1817 944 ac
1842 905 1939 959 per
1969 905 2030 944 se

458 978 719 1047 separati,
756 979 1121 1033 imitanturid
1147 981 1293 1050 quod
1319 990 1561 1050 tempore
1599 980 1728 1035 Elia:
1751 981 2031 1051 prophetae

459 1071 661 1124 factum
699 1079 782 1127 est
826 1075 1174 1136 miraculum,
1221 1076 1499 1129 communi
1531 1083 1698 1144 atque
1734 1075 2031 1144 conjuncta

455 1176 590 1216 voce
605 1164 859 1231 precibus
881 1174 1144 1234 petentes,
1162 1173 1222 1220 ut
1243 1181 1308 1220 ex
1331 1167 1494 1220 rebus
1505 1167 1812 1235 desperatis
1827 1168 1879 1220 in
1893 1181 2032 1235 quas

456 1254 803 1318 incidissent,
819 1258 1183 1328 eriperentur.
1204 1259 1380 1328 Atque
1398 1259 1472 1314 illi
1497 1260 1716 1330 quidem
1736 1261 2032 1330 precaban-

455 1358 574 1411 tur;
605 1363 795 1417 preces
823 1365 954 1403 vero
993 1352 1269 1420 extemplo
1299 1352 1354 1404 in
1375 1367 1518 1420 opus
1544 1353 2027 1406 eonvertebantur.

454 1440 594 1494 Cum
619 1442 764 1495 enim
789 1443 970 1497 adhuc
985 1444 1086 1512 ipsi
1108 1443 1160 1496 in
1175 1445 1424 1498 oratione
1439 1447 1668 1514 genibus
1685 1444 1838 1498 ﬂexis
1854 1459 2034 1513 perse-

453 1542 729 1595 verarent,
755 1533 885 1588 ﬂatu
904 1534 1146 1588 violento
1168 1536 1341 1590 nubes
1364 1537 1619 1591 alicunde
1640 1547 1828 1589 coacta
1855 1535 2032 1590 subli-

455 1623 560 1674 mis
585 1623 636 1676 in
656 1637 782 1678 aere
795 1626 992 1679 castris
1009 1627 1247 1681 hostium
1271 1627 1588 1682 imminebat
1607 1644 1622 1682 :
1642 1627 1842 1682 deinde
1859 1626 2033 1696 frago-

453 1714 610 1768 ribus
635 1716 945 1785 ingentibus
968 1720 1422 1787 superiutonans,
1447 1731 1496 1774 et
1523 1719 1797 1791 fulgurum
1816 1721 1870 1774 in
1894 1721 2028 1774 sub-

2131 527 2324 587 πάντες
2344 526 2394 578 οἱ
2420 525 2655 592 γενναῖοι
2681 523 2780 592 τὴν
2809 524 2872 574 ἐκ
2899 522 3006 573 τῶν
3029 521 3209 574 ὅπλων
3232 519 3503 590 βοήθειαν,
3539 519 3707 586 ἐγνω-

2132 635 2231 673 σαν
2258 620 2354 689 τὴν
2380 619 2589 687 ἄμαχον
2619 615 2715 668 καὶ
2743 616 3184 681 ἀκαταγώνιστον
3219 615 3275 665 ἐν
3305 615 3422 675 τοῖς
3459 613 3708 682 φοϐεροῖς

2130 709 2554 764 ἐπικαλέσασθαι
2609 707 2945 777 συμμαχίαν.
3006 705 3261 773 Ἀφέντες
3311 705 3419 775 γὰρ
3465 704 3558 756 ἐπὶ
3608 703 3704 755 τοῦ

2132 801 2492 873 στρατοπέδου
2517 800 2638 863 τοὺς
2669 800 2835 870 μήπω
2861 797 3365 868 παραδεδεγμένους
3387 797 3484 868 τὴν
3503 796 3702 858 πίστιν,

2131 895 2225 947 καὶ
2256 893 2339 962 ἐφ’
2372 891 2579 945 ἑαυτῶν
2609 891 2929 953 ίδιάσαντες,
2964 889 3252 959 μιμοῦνται
3273 887 3370 959 τὴν
3394 889 3485 940 ἐπὶ
3526 887 3706 939 Ἡλίου

2129 984 2223 1038 τοῦ
2263 985 2539 1055 προφήτου
2593 983 2890 1052 γενομένην
2927 980 3390 1050 θαυματουργίαν,
3439 981 3592 1048 κοινῇ
3638 981 3704 1048 τῇ

2132 1080 2280 1148 φωνῇ
2314 1078 2405 1129 καὶ
2443 1075 2848 1146 συντεταγμένῃ
2894 1073 3046 1127 λύσιν
3093 1073 3274 1135 αὐτοῖς
3306 1071 3364 1136 ἐξ
3411 1073 3708 1141 ἀμηχάνων

2131 1168 2384 1238 γενέσθαι
2432 1168 2532 1236 τῆς
2582 1167 2868 1237 συμφορᾶς
2916 1165 3291 1234 αἰτησάμενοι.
3347 1163 3455 1214 Kal.
3507 1162 3556 1214 οἱ
3609 1159 3710 1230 μὲν

2131 1263 2378 1335 ηὔχοντο·
2414 1263 2447 1332 ὴ
2485 1261 2542 1314 δὲ
2572 1259 2704 1330 εὐχὴ
2749 1258 3088 1328 παραχρῆμα
3121 1257 3279 1327 ἔργον
3313 1255 3541 1322 ἐγίνετο.
3586 1253 3709 1305 Ἔτι

2130 1356 2238 1426 γάρ
2271 1355 2450 1408 αὐτῶν
2485 1355 2550 1424 τῇ
2587 1351 2901 1420 γονυκλισίᾳ
2929 1349 3501 1420 προσκαρτερούντων,
3543 1344 3708 1398 πνεύ-

2135 1463 2263 1516 ματι
2307 1443 2469 1514 βιαίῳ
2507 1442 2703 1510 νεφέλη
2752 1440 2912 1494 ποθὲν
2961 1437 3376 1508 ἀποληφθεῖσα,
3439 1435 3708 1504 μετέωρος

2132 1539 2270 1610 ὑπὲρ
2292 1539 2352 1590 τὸ
2371 1537 2478 1590 τῶν
2508 1534 2780 1606 πολεμίων
2805 1533 3165 1603 στρατόπεδον
3190 1532 3394 1584 ἵστατοο
3422 1524 3540 1582 εἶτα
3564 1526 3707 1598 βρον-

2131 1632 2229 1694 τὰς
2275 1630 2542 1695 ἐξαισίους
2576 1627 3026 1696 ἐπικτυπήσασα,
3058 1625 3151 1677 καὶ
3183 1621 3467 1694 ἀστραπάς
3500 1619 3708 1690 φλογώ-

2131 1723 2242 1786 δεις
2265 1721 2408 1775 κατά
2435 1720 2543 1773 τῶν
2584 1719 2957 1788 ὑποκειμένων
2988 1716 3264 1784 ἐξάψασα,
3301 1714 3708 1785 κατερρήγνυεν

453 1804 628 1874 jectos
659 1807 911 1862 incendia
938 1810 1255 1876 immittens,
1286 1826 1482 1879 aquam
1511 1812 1830 1866 ﬂuminibus
1849 1812 2027 1866 abun-

2136 1814 2276 1885 ὕδωρ
2309 1811 2570 1882 ποταμῶν
2603 1809 2995 1880 ἀφθονώτερον·
3027 1807 3165 1861 ὥστε
3201 1809 3314 1868 τοῖς
3354 1805 3452 1876 μὲν
3480 1805 3708 1858 ὑπεναν-

455 1896 762 1951 dantiorem
793 1899 1190 1970 praecipitabat,
1219 1901 1355 1961 adeo
1373 1911 1431 1956 ut
1457 1903 1786 1957 adversariis
1808 1903 2026 1970 quidem

457 1997 572 2042 tum
609 1990 952 2045 continentia
995 1991 1246 2054 fulmina.
1295 2002 1408 2048 tum
1457 1995 1892 2050 continuationis
1921 1995 2028 2048 im-

456 2079 639 2133 brium
675 2082 758 2134 vis
779 2083 1008 2136 extremi
1035 2083 1188 2138 exitii
1214 2100 1382 2140 causa
1413 2085 1737 2149 exsisteret;
1759 2084 1845 2140 his
1875 2099 2027 2147 vero,

455 2171 548 2240 qui
577 2187 795 2240 precum
812 2173 981 2227 aciem
997 2183 1388 2244 opposuerant,
1403 2177 1470 2230 ad
1491 2184 1722 2246 utraque
1737 2177 2028 2241 suﬂlceret,

457 2273 568 2316 tam
607 2265 674 2320 ad
708 2267 1008 2322 vincendos
1054 2269 1242 2324 hostes
1271 2284 1436 2338 quam
1475 2269 1542 2322 ad
1585 2269 1708 2324 sitis
1744 2270 1989 2322 levamen
2012 2311 2026 2330 ,

455 2355 659 2422 quippe
685 2353 1051 2410 delluentibus
1075 2357 1414 2412 torrentibus
1438 2356 1653 2412 abunde
1686 2365 1870 2426 potum
1894 2359 2028 2427 ipsis

457 2444 960 2512 suppeditantibus.
1025 2445 1121 2501 llis
1169 2448 1335 2516 igitur
1382 2447 1678 2516 adjunctus
1724 2458 1810 2502 est
1863 2449 2030 2502 etiam

457 2543 645 2590 noster
680 2548 1098 2604 emtuseorum,
1126 2541 1219 2608 qui
1250 2539 1318 2594 de
1346 2539 1587 2594 exercitu
1624 2541 2032 2596 narrationibus

460 2628 569 2683 illis
596 2628 762 2682 etiam
799 2631 902 2699 ipsi
927 2631 1075 2684 circa
1113 2632 1270 2684 Iidem
1299 2632 1628 2695 conﬂrntati,
1661 2641 1717 2685 et
1748 2633 1800 2686 in
1835 2633 2030 2687 iisdem

457 2719 658 2774 studiis
693 2728 749 2774 et
785 2721 1064 2775 exercitiis
1103 2722 1354 2776 innutriti
1397 2724 1450 2776 in
1493 2730 1699 2777 tantam
1743 2724 1912 2778 animi
1957 2725 2034 2778 itt-

457 2811 634 2866 dolem
667 2827 730 2866 ac
761 2813 1188 2882 magnitudinem
1233 2814 1404 2868 evecti
1437 2823 1591 2876 sunt,
1621 2823 1680 2868 ut
1709 2817 2032 2870 excellentia

457 2901 683 2958 virtutis
703 2904 966 2958 adversus
993 2919 1114 2960 sese
1142 2905 1402 2958 invidiam
1424 2907 1807 2962 excitaverint.
1827 2905 2030 2974 Quem-

451 2995 753 3050 admodum
795 2997 941 3050 enim
978 2997 1272 3051 didicimus
1305 3012 1373 3052 ex
1407 2996 1476 3053 iis
1519 3013 1640 3068 quae
1678 3013 1824 3053 nunc
1872 3001 2030 3055 nobis

455 3103 526 3142 ex
559 3088 788 3144 historia
829 3087 952 3144 Jobi
994 3088 1245 3160 prtelecta
1294 3097 1446 3152 sunt,
1487 3090 1635 3160 quod
1680 3091 2029 3146 adversarius

459 3177 713 3230 humanm
742 3180 866 3230 vitae
907 3155 1160 3246 injuriam
1192 3179 1296 3234 sibi
1326 3179 1442 3234 ﬂeri
1483 3155 1702 3249 putaret
1747 3180 1892 3250 quod
1930 3179 2034 3235 Job
2061 3155 2102 3211 Ο

456 3270 678 3325 vin-itis
715 3272 935 3325 nomine
983 3272 1216 3326 clareret
1270 3287 1334 3326 ac
1384 3272 1522 3326 bene
1571 3272 1810 3337 audiret,
1856 3283 1910 3328 et
1950 3274 2033 3327 id-

458 3361 604 3416 circo
639 3377 764 3416 eum
809 3363 1127 3432 deposceret
1175 3363 1242 3417 ad
1273 3374 1630 3430 tormentum,
1667 3366 1813 3434 quod
1859 3365 2034 3418 oﬂ‘en-

458 3455 616 3508 dere.
646 3469 710 3508 ac
739 3455 986 3509 molestia
1019 3455 1257 3510 aﬂiceret
1283 3473 1406 3511 eum
1438 3456 1564 3520 Job,
1597 3458 1690 3528 qui
1728 3475 1915 3521 verax,
1945 3459 2034 3526 ju-

460 3555 584 3602 stus
619 3556 673 3600 et
727 3548 1039 3617 inculpatus
1091 3559 1240 3604 esset
1287 3550 1521 3605 :eodem
1565 3551 1727 3604 modo
1772 3551 1946 3604 hostis
1979 3559 2034 3602 et

461 3641 683 3694 invasor
716 3639 1011 3701 bonorum,
1035 3641 1285 3709 improbo
1309 3643 1474 3696 oculo
1510 3642 1642 3696 vidit
1674 3657 1900 3712 magnos
1934 3643 2034 3698 hos

460 3733 693 3802 pugiles,
747 3742 799 3786 et
845 3749 952 3787 non
1012 3735 1141 3787 tulit
1190 3735 1443 3788 canitiem
1490 3749 1726 3795 morum,
1769 3751 1932 3803 quam
1980 3735 2034 3790 in

456 3821 688 3891 juvenili
716 3829 880 3876 aetate
911 3823 1394 3878 animadvertebat.
1427 3823 1576 3877 Vidit
1605 3839 1896 3894 corporum
1937 3825 2035 3878 ﬂo-

460 3928 576 3967 rem
629 3913 968 3968 continentia
1025 3923 1189 3985 atque
1242 3916 1540 3972 sobrietate
1595 3917 1782 3971 ornari
1836 3936 1848 3972 :
1897 3917 2036 3972 vidit

461 4014 734 4059 armatum
794 4005 1086 4076 quemdam
1138 4007 1406 4072 chorum,
1455 4025 1552 4079 per
1591 4009 1890 4064 exercitum
1939 4024 2035 4064 eos

461 4095 575 4152 Deo
619 4099 854 4152 choreas
901 4098 1189 4160 ducentes,
1245 4099 1507 4169 pulchros
1557 4108 1807 4170 aspectu,
1856 4101 2034 4156 oculis

459 4201 649 4246 torvos
678 4199 732 4245 et
763 4190 1062 4254 terribiles,
1099 4191 1373 4245 excelsum
1408 4190 1674 4257 animum,
1706 4200 1760 4246 et
1806 4193 2034 4262 spiritus

460 4291 839 4346 contumaces,
871 4280 1068 4350 pedum
1101 4279 1474 4344 velocitatem,
1510 4282 1656 4336 vires
1683 4283 2032 4348 excellentes,

463 4374 901 4433 convenientem,
936 4381 1115 4440 aptam
1165 4379 1220 4425 et
1268 4371 1612 4425 commodam
1665 4373 2032 4427 membrorum

462 4461 922 4531 compactionem.
974 4462 1028 4514 in
1088 4461 1365 4525 omnibus,
1414 4477 1536 4531 quae
1576 4462 1710 4531 ipsis
1759 4462 2030 4526 adessent,

462 4552 769 4608 commodis
808 4552 976 4605 animi
1022 4553 1280 4607 virtutem
1321 4567 1423 4606 suo
1462 4552 1752 4621 splendore
1786 4556 2036 4624 corporis

464 4645 609 4698 bona
658 4653 1030 4712 superantem.
1089 4643 1393 4698 lnambulat
1431 4647 1596 4701 etiam
1650 4661 1746 4716 per
1805 4648 1930 4702 illos
1980 4649 2036 4704 in

464 4735 692 4800 invidia,
719 4737 812 4806 qui
853 4751 948 4805 per
977 4736 1167 4791 orbem
1212 4747 1480 4792 terrarum
1515 4739 1856 4795 obambulat.
1888 4738 2036 4794 Vidit

463 4841 576 4882 nOn
617 4843 784 4881 unum
828 4827 1102 4881 hominem
1142 4843 1412 4890 veracem,
1447 4828 1542 4882 sed
1586 4837 1862 4884 catervam
1891 4831 2034 4885 divi-

464 4936 590 4976 nam
628 4930 708 4975 tot
759 4921 1027 4985 virorum,
1083 4921 1176 4991 qui
1222 4936 1417 4975 omnes
1467 4937 1709 4984 veraces,
1743 4921 1900 4991 justi,
1945 4923 2036 4977 Dei

463 5016 707 5071 cultores
735 5023 914 5080 erant,
963 5016 1210 5086 deposcit
1242 5018 1404 5071 etiam
1451 5015 1571 5070 illos
1600 5016 1666 5069 ad
1704 5031 1863 5070 suum
1895 5017 2036 5071 arbi-

464 5109 654 5164 trium.
699 5109 775 5164 Ac
806 5111 1041 5178 primunt
1074 5107 1291 5176 quidem
1338 5108 1463 5162 duci
1509 5109 1792 5179 copiarum
1841 5110 2037 5164 insano

2131 1904 2287 1970 τίοις,
2321 1903 2413 1956 καὶ
2441 1902 2548 1956 τῶν
2579 1900 2837 1972 σκηπτῶν
2860 1904 2958 1970 τὴν
2991 1901 3284 1970 συνέχειαν,
3303 1899 3397 1952 καὶ
3415 1897 3476 1952 τὸ
3508 1895 3706 1966 πλῆθος

2131 1997 2228 2066 τῆς
2260 1993 2563 2066 ἐπομϐρίας
2593 1992 2762 2046 αἴτιον
2807 1991 3056 2060 γενέσθαι
3104 1989 3398 2053 παντελοῦς
3436 1987 3707 2058 καταφθο-

2135 2089 2254 2157 ρᾶς
2282 2086 2488 2149 τούτοις
2509 2086 2564 2138 δὲ
2587 2087 2699 2147 τοῖς
2735 2084 2823 2137 διὰ
2851 2083 2958 2136 τῶν
2995 2083 3178 2154 εὐχῶν
3201 2080 3707 2154 παραταξαμένοις,

2134 2179 2314 2233 ἱκανὸν
2352 2179 2486 2249 πρὸς
2514 2178 2797 2248 ἀμφότερα
2831 2175 3112 2242 γενέσθαι,
3151 2174 3287 2245 πρός
3334 2190 3394 2225 τε
3425 2171 3524 2241 τὴν
3553 2170 3708 2242 νίκην

2131 2270 2241 2323 τῶν
2273 2268 2760 2340 ἀντιτεταγμένων,
2801 2269 2894 2322 καὶ
2931 2268 3067 2338 πρὸς
3096 2267 3193 2336 τὴν
3227 2264 3578 2336 παραμυθίαν
3609 2264 3707 2333 τῆς

2133 2361 2416 2432 δίψης,τῆς
2427 2360 2534 2413 τῶν
2546 2359 2856 2432 χειμάρρων
2872 2359 3149 2431 ἀπορροῆς
3163 2356 3410 2426 ἀφθόνως
3426 2358 3608 2417 αὐτοῖς
3619 2355 3708 2409 τὸν

2134 2455 2296 2508 πότον
2313 2452 2672 2524 χορηγούσης.
2695 2451 2915 2514 Τούτοις
2939 2451 3116 2504 τοίνυν
3149 2448 3449 2519 συνετάχθη
3475 2450 3504 2502 6
3523 2447 3708 2518 ἡμέτε-

2136 2563 2228 2618 ρος
2254 2547 2348 2614 τῆς
2371 2547 2627 2616 στρατιᾶς
2646 2543 2823 2614 χορὸς,
2848 2543 2939 2596 ἀπ’
2970 2541 3192 2595 ἐκείνων
3222 2541 3330 2594 τῶν
3357 2540 3709 2610 διηγημάτων

2135 2638 2230 2690 καὶ
2244 2636 2395 2690 αὐτοὶ
2416 2653 2480 2688 πε
2491 2636 2543 2706 pl.
2563 2635 2663 2704 τὴν
2685 2633 2862 2687 πίστιν
2883 2632 3241 2704 κυρωθέντες,
3259 2631 3481 2693 καὶτοῖς
3503 2629 3708 2698 ὁμοίοις

2135 2727 2490 2797 ἐντραφέντες
2537 2726 2980 2798 ἐπιτηδεύμασιν,
3029 2727 3109 2788 είς
3158 2723 3410 2777 τοσοῦτον
3479 2722 3708 2792 μεγαλο⁴

2137 2820 2298 2889 φυῖας
2326 2818 2661 2889 ἐπήρθησαν,
2687 2817 2826 2869 ὥστε
2849 2816 2925 2883 τῷ
2951 2816 3190 2886 περιόντι
3217 2815 3314 2885 τῆς
3352 2815 3553 2885 ἀρετῆς
3590 2811 3709 2866 καθ’

2137 2909 2343 2962 ἐαυτῶν
2374 2909 2671 2978 ἀναστῆσαι
2693 2907 2784 2960 τὸν
2811 2907 3022 2976 φθόνον.
3052 2906 3318 2976 Καθάπερ
3346 2906 3454 2976 γὰρ
3484 2907 3576 2958 ἐπὶ
3602 2905 3710 2958 τῶν

2133 2998 2229 3054 νῦν
2257 2999 2783 3066 ὑπαναγνωσθὲντων
2811 3000 2940 3068 ἡμῖν
2971 3000 3033 3050 ἐκ
3063 2997 3162 3068 τῆς
3189 2997 3280 3050 τοῦ
3321 2996 3441 3050 ’1ὼό
3472 2997 3709 3068 ἱστορίας

2135 3092 2427 3163 ἐμάθομεν,
2454 3093 2534 3144 ὅτι
2564 3091 2803 3161 ἀδίκημα
2833 3089 3025 3144 ἐαυτοῦ
3050 3089 3220 3143 ἐποίει
3245 3091 3272 3143 6
3296 3089 3586 3153 ἀντίπαλος
3611 3093 3709 3160 τῆς

2138 3183 2484 3254 ἀνθρωπίνης
2531 3179 2676 3252 ζωῆς
2722 3181 2820 3253 τὴν
2857 3183 2949 3235 τού
3007 3181 3128 3234 Ἰὼϐ
3188 3181 3560 3251 εὐδοκίμησιν,
3617 3181 3707 3234 καὶ

2138 3274 2226 3327 διὰ
2278 3275 2434 3326 τούτο
2479 3273 2716 3346 ἐξῃτεῖτο
2758 3274 2892 3344 πρὸς
2937 3273 3208 3343 αἰκισμον,
3251 3273 3332 3324 ὅτι
3379 3272 3562 3325 ἐλύπει
3614 3273 3709 3326 a6-

2138 3367 2229 3420 τὸν
2255 3369 2286 3420 6
2329 3364 2468 3429 Ἰὼϐ,
2505 3365 2753 3436 ἀληθινὸς
2787 3368 2880 3418 καὶ
2906 3365 3108 3428 δίκαιος
3154 3365 3250 3417 καὶ
3297 3364 3583 3434 ἄμεμπτος
3612 3363 3709 3416 ὢν·

2139 3458 2230 3511 τὸν
2257 3457 2416 3511 αὑτὸν
2455 3458 2654 3528 τρόπον
2699 3452 2805 3509 εἶδε
2849 3457 3070 3526 πονηρῷ
3107 3456 3186 3527 τῷ
3224 3456 3484 3527 ὀφθαλμῷ
3529 3457 3557 3508 ὁ
3601 3457 3710 3517 τοῖς

2147 3550 2372 3618 ἀγαθοῖς
2401 3549 2761 3618 ἐπιφυόμενος
2793 3549 2917 3612 τοὺς
2976 3548 3242 3618 μεγάλους
3269 3549 3488 3610 τούτους
3514 3549 3707 3615 ἀγωνι-

2143 3641 2296 3703 στὰς,
2319 3640 2414 3693 καὶ
2433 3641 2532 3692 οὐκ
2560 3640 2754 3710 ἤνεγκε
2789 3638 2979 3692 πολιάν
2996 3638 3142 3708 ἠθῶν
3171 3640 3227 3691 ἐν
3253 3638 3469 3708 ἡλικίας
3500 3638 3710 3706 νεότητι

2144 3732 2372 3804 βλέπων.
2402 3725 2524 3784 Εἷδε
2552 3731 2818 3798 σωμάτων
2843 3729 3024 3792 ἄνθος,
3053 3731 3112 3782 ἐν
3132 3731 3450 3800 σωφροσύνῃ
3481 3728 3708 3798 κοσμούο

2145 3840 2322 3894 μενον’
2351 3818 2490 3877 εἶδεν
2515 3821 2758 3875 ἐνόπλιόν
2778 3839 2898 3874 τινα
2918 3825 3296 3893 χοροστασίαν,
3316 3821 3406 3874 διά
3431 3823 3527 3890 τῆς
3553 3838 3708 3890 στρα⁹

2141 3915 2261 3976 τιᾶς
2303 3913 2499 3976 αὐτοὺς
2527 3911 2605 3982 τῷ
2633 3911 2752 3981 Θεῷ
2779 3911 3122 3981 χορεύοντας,
3157 3911 3357 3974 καλοὺς
3409 3909 3706 3981 προσιδεῖν,
3731 3904 3740 3934 ’

2142 4004 2434 4076 βλοσυροὺς
2466 4003 2526 4056 τὸ
2553 4003 2730 4074 ὄμμα,
2755 4002 2993 4074 γαύρους
3019 4001 3080 4054 τὸ
3109 4003 3384 4072 φρόνημα,
3418 4001 3580 4071 τάχος
3612 4016 3713 4054 πο-

2139 4097 2264 4162 δῶν,
2299 4098 2612 4166 περιουσίαν
2656 4095 2934 4166 δυνάμεως
2959 4135 2974 4157 ,
3025 4093 3363 4164 συμμετρίαν
3405 4093 3599 4164 μελῶν,
3655 4094 3714 4146 ἐν

2141 4191 2274 4244 πᾶσι
2322 4191 2435 4252 τοῖς
2484 4188 2773 4259 προσούσιν
2822 4187 3004 4251 αὐτοῖς
3053 4187 3431 4257 προτερήμασι
3479 4186 3574 4256 τὴν
3616 4187 3713 4257 τῆς

2139 4281 2314 4352 ψυχῆς
2338 4281 2537 4350 ἀρετὴν
2569 4281 2667 4350 τῆς
2692 4279 3009 4349 σωματικῆς
3042 4277 3334 4348 εύκληρίας
3364 4277 3714 4349 ὑπεραστρά⁶

2141 4390 2399 4428 πτουσαν.
2443 4373 2840 4442 Ἐμπεριπατεῖ
2867 4372 2960 4423 καὶ¹
2987 4370 3051 4422 δι’
3082 4370 3305 4424 ἐκείνων
3337 4369 3415 4439 τῷ
3445 4369 3652 4440 φθόνῳ,
3685 4370 3714 4424 ὁ

2141 4463 2532 4536 ἐμπεριπατῶν
2561 4463 2659 4531 τὴν
2691 4462 3037 4532 οἰκουμένην.
3079 4457 3227 4514 Εἷδεν
3261 4463 3358 4532 οὐχ
3389 4461 3485 4514 ἕνα
3513 4461 3713 4532 ἄνθρωο

2142 4572 2242 4608 πον
2270 4551 2542 4624 ἀληθινὸν,
2573 4551 2710 4604 ἀλλά
2740 4551 2994 4622 σύστημα
3029 4553 3168 4604 θεῖον
3193 4551 3460 4604 τοσούτων
3499 4549 3714 4622 ἀνθρώ-

2133 4664 2272 4707 πων,
2302 4645 2521 4698 πάντων
2552 4643 2840 4714 ἀληθινῶν,
2869 4643 3114 4704 δικαίων,
3145 4641 3439 4695 θεοσεϐῶν⁶
3482 4640 3714 4706 ἐξαιτεῖ-

2133 4755 2221 4790 ται
2257 4737 2542 4798 κάκείνους
2572 4738 2652 4799 εἰς
2681 4736 2742 4788 τὸ
2773 4735 2900 4788 ῐδιον
2929 4734 3194 4805 βούλημα.
3227 4735 3336 4788 Καὶ
3370 4734 3583 4805 πρῶτον
3615 4733 3718 4804 μὲν

2134 4829 2580 4902 εῖδωλομανοῦντι
2623 4827 2702 4898 τῷ
2738 4830 2838 4899 τῆς
2873 4828 3130 4898 στρατιᾶς
3163 4827 3383 4896 ἄρχοντι
3415 4824 3714 4894 σύμϐουλος

2133 4923 2370 4992 γίνεται,
2403 4922 2480 4992 μὴ
2511 4920 2576 4974 ἂν
2608 4921 2783 4983 ἄλλως
2816 4921 3106 4990 ὑπερσχεῖν
3134 4919 3232 4988 τῆς
3269 4916 3413 4970 κατά
3449 4917 3556 4968 τῶν
3590 4916 3714 4987 βαρ-

2141 5015 2324 5086 ϐάρων
2347 5014 2521 5085 νίκης,
2553 5015 2600 5066 εί
2631 5013 2706 5084 μὴ
2725 5014 2850 5076 τοὺς
2875 5012 2936 5064 τὸ
2965 5013 3136 5081 ὄνομα
3159 5010 3252 5062 τοῦ
3281 5008 3520 5080 Χριστοῦ
3551 5025 3713 5080 προσ·

2143 5107 2436 5170 κυνοῦντας
2475 5106 2824 5177 προθύσαιτο.

466 5201 889 5256 simulacrorum
933 5199 1104 5254 cultui
1171 5199 1358 5254 dedito
1419 5200 1751 5269 persuadere
1799 5211 2066 5264 conatur,
2121 5213 2232 5252 non
2289 5198 2452 5252 aliter
2491 5212 2616 5251 eum
2677 5195 2746 5251 de
2808 5194 3060 5250 barbaris
3123 5193 3350 5247 victoria
3413 5193 3714 5262 potiturum

464 5312 609 5362 esse,
648 5296 755 5352 nisi
790 5297 946 5366 prius
976 5304 1239 5350 mactaret
1283 5312 1380 5352 eos
1422 5297 1516 5366 qui
1557 5296 1762 5352 Christi
1810 5311 2005 5351 nomen
2049 5294 2365 5351 adorarent.

539 5385 637 5440 llis
666 5396 844 5440 atttem
878 5395 1098 5456 propter
1121 5388 1393 5458 egregiam
1418 5388 1822 5444 confessionem
1849 5405 2043 5458 quam-

467 5479 705 5547 primum
745 5478 1068 5548 designatis,
1135 5489 1187 5533 et
1223 5482 1366 5535 ultro
1407 5481 1473 5535 ad
1513 5483 2039 5537 consummationem

468 5569 746 5638 passionis
793 5569 1255 5640 confugientibus,
1307 5574 1489 5628 statim
1532 5589 1626 5629 eos
1658 5573 1838 5645 gladio
1873 5574 2042 5628 inter-

468 5662 632 5716 licere
662 5662 849 5731 (quasi
908 5662 1037 5718 mite
1085 5664 1358 5732 quoddam
1419 5681 1482 5719 ac
1522 5667 1814 5736 benignum
1870 5681 2042 5736 genus

470 5753 660 5810 mortis
703 5754 751 5808 id
803 5757 978 5820 esset)
1017 5755 1270 5812 inimicus
1325 5761 1618 5822 recusavit,
1669 5759 1760 5814 scd
1813 5759 2042 5814 \inculis

2225 5383 2674 5454 Ἀναδειχθέντων
2691 5384 2748 5438 δὲ
2775 5383 2980 5436 τούτων
3000 5382 3075 5445 ὡς
3093 5381 3322 5452 τάχιστα
3351 5381 3440 5434 διὰ
3467 5381 3566 5453 τῆς
3592 5382 3712 5449 ἀγα.

2141 5476 2240 5548 θῆς
2271 5477 2578 5548 ὁμολογίας,
2613 5479 2706 5530 καὶ
2739 5475 3176 5545 αὐτομολούντων
3211 5474 3346 5546 πρὸς
3377 5474 3476 5544 τὴν
3501 5473 3588 5527 διὰ
3620 5472 3716 5526 τοῦ

2141 5570 2346 5634 πάθους
2377 5570 2675 5636 τελείωσιν,
2723 5569 2782 5622 τὸ
2820 5569 2919 5637 μὲν
2963 5567 3123 5631 εὐθὺς
3158 5568 3456 5635 ἐπαγαγεῖν
3499 5565 3590 5618 τὸν
3629 5565 3714 5619 διὰ

2140 5662 2233 5715 τοῦ
2277 5661 2461 5731 ξίφους
2509 5661 2736 5715 θάνατον
2767 5658 2864 5729 (ὥς
2906 5676 2960 5711 τι
2997 5657 3395 5729 φιλάνθρωπον)
3428 5659 3457 5710 6
3494 5656 3715 5728 Ἐχθρὸς

2144 5762 2517 5828 παρῃτήσατο,
2552 5757 2769 5826 δεσμοῖς
2797 5755 2852 5810 δέ
2887 5758 2996 5818 τοῖς
3028 5755 3090 5808 ἐκ
3119 5753 3331 5824 σιδήρου
3360 5753 3713 5816 καταπιέσας,
