4132 6356
409 276 504 335 761

1494 286 1563 341 IN
1601 285 2102 355 ρυιοιιΑριΝτΑ
2142 284 2549 344 MARTYRES.

3546 290 3656 347 762

401 398 603 471 ταύτην
633 402 863 454 ἐποιεῖτο
887 402 984 474 τὴν
1016 404 1114 473 τῆς
1139 407 1403 477 τιμωρίας
1445 409 1640 478 ἀρχὴν.
1672 410 1794 471 Τοῖς
1820 409 1875 461 δὲ
1903 405 1968 479 ἦν

2076 407 2266 460 ferreis
2296 405 2561 474 aﬂligens,
2595 404 2724 460 hinc
2764 406 3018 476 supplicii
3061 407 3281 463 initium
3316 407 3460 464 fecit.
3490 410 3558 463 At
3588 411 3643 463 il.

402 493 509 562 ἄρα
545 495 637 546 καὶ
663 496 691 546 ὁ
718 495 915 563 δεσμὸς
945 497 1394 569 ἐρίκαλλὼπισμα,
1435 502 1529 553 κα)⁵
1556 501 1732 571 θέαμα
1763 502 1972 570 γλαφυ-

406 584 494 652 ρὸν
539 585 632 635 καὶ
676 585 773 654 ἡδὺ
808 587 1149 654 Χριστιανῶν
1181 590 1511 659 ὀφθαλμοῖς,
1552 591 1739 663 νεότης
1772 591 1975 655 ἐξειλεο

402 676 577 745 γμὲνη
621 674 837 746 ἀριθμῷ
870 678 1140 748 τοσούτῳ,
1184 681 1370 734 κάλλει
1408 682 1742 754 διαπρεπὴς,
1788 684 1975 754 ἡλικίᾳ

403 768 541 838 ὑπὲρ
570 769 692 831 τοὺς
717 770 928 833 ἄλλους,
962 772 1159 836 πάντες
1190 775 1328 828 κατά
1359 776 1553 829 ταύτὸν
1581 778 1697 847 μετ’
1729 777 1972 848 ἀλλήλων

401 858 476 928 τῷ
498 860 679 930 δεσμῷ
702 863 1120 933 συνηρμὸζοντο,
1143 865 1329 938 ὥσπερ
1349 885 1432 930 τις
1454 868 1714 937 στέφανος
1741 869 1772 939 ἢ
1805 872 1973 940 ὅρμος

403 953 776 1023 περιαυχένιος
807 955 1141 1024 ἰσομεγέθεις
1171 961 1511 1030 μαργαρίτας
1544 963 1601 1012 ἐν
1635 961 1819 1032 κύκλῳ
1846 963 1973 1015 διει-

402 1047 709 1117 λημμένους
744 1049 901 1118 ἔχων·
954 1051 1183 1104 τοιοῦτοι
1235 1048 1375 1123 ἦσαν
1421 1056 1469 1106 οἱ
1518 1054 1697 1121 ἅγιοι,
1752 1058 1845 1109 καὶ
1885 1056 1971 1110 διὰ

404 1140 636 1204 πίστεως
683 1142 983 1212 ἡνωμένοι,
1030 1147 1123 1197 καὶ
1169 1145 1256 1199 διὰ
1294 1147 1401 1199 τῶν
1435 1148 1671 1219 δεσμῶν
1698 1151 1835 1221 πρὸς
1876 1152 1973 1205 ἀλ-

401 1233 593 1303 λήλους
649 1237 1018 1305 σφιγγόμενοι,
1071 1238 1261 1302 ’(ὶντες
1309 1240 1416 1309 γὰρ
1454 1243 1547 1294 καὶ
1606 1242 1726 1295 καθ’
1780 1243 1973 1297 ἑαυτὸν

401 1328 626 1391 ἕκαστος
652 1328 837 1393 καλοὶ,
876 1332 1161 1403 προσθήκη
1202 1334 1293 1387 τοῦ
1330 1335 1558 1399 κάλλους
1594 1337 1840 1405 ἀλλήλοις
1866 1339 1973 1408 ὲγί-

400 1439 567 1476 νοντο.
602 1418 723 1475 υἷον
750 1426 841 1477 ἐπὶ
873 1424 980 1478 τῶν
1016 1427 1280 1499 οὐρανίων
1321 1429 1607 1498 συμϐαίνει
1654 1430 1969 1502 θαυμάτων,

399 1514 527 1567 ὅταν
581 1514 647 1566 δι’
715 1514 932 1585 αἰθρίας
1006 1518 1098 1569 καὶ
1160 1518 1409 1589 καθαρᾶς
1472 1520 1506 1589 ἡ
1562 1518 1672 1572 τῶν
1726 1521 1972 1592 ἀστέρων

400 1607 557 1676 χάρις
586 1607 651 1659 δι’
690 1607 933 1676 ἀλλήλων
974 1610 1314 1680 ποικίλληται
1333 1652 1348 1675 ,
1384 1611 1611 1664 ἑκάστου
1636 1611 1734 1683 τὴν
1763 1612 1970 1666 οἰκείαν

400 1700 587 1770 αἴγλην
634 1702 711 1764 είς
766 1700 856 1753 τὸν
902 1701 1076 1754 κοινὸν
1109 1702 1311 1773 κόσμον
1353 1703 1447 1757 τοῦ
1492 1704 1721 1775 οὑρανοῦ
1768 1722 1971 1759 συνεισ-

398 1791 670 1860 φέροντος.
700 1792 948 1847 Τοιοῦτον
978 1789 1045 1864 ἦν
1076 1794 1182 1847 τῶν
1215 1795 1383 1862 ἁγίων
1437 1795 1497 1849 τὸ
1529 1796 1707 1867 θέαμα
1728 1838 1743 1863 ,
1775 1797 1965 1863 ὄντως,

398 1882 578 1946 καθώς
655 1885 785 1955 φησί
850 1902 953 1938 που
1020 1885 1276 1958 Ἰεζεκιὴλ
1320 1890 1348 1940 6
1394 1890 1715 1959 προφήτης,
1780 1890 1971 1961 ὅρασις

396 1975 693 2044 λαμπάδων
748 1975 1217 2047 συστρεφομένων.
1298 1980 1699 2052 Ἐμφιλοχωρεῖ
1744 1983 1772 2035 6
1814 1980 1971 2051 λόγος

395 2064 473 2134 τῷ
512 2066 695 2119 κάλλει
745 2067 843 2137 τῆς
890 2066 1056 2139 ὧρας.
1101 2063 1255 2123 Οἶδεν
1293 2070 1435 2141 γάρ,
1483 2070 1668 2135 καθὼς
1725 2073 1759 2143 ἡ
1798 2073 1970 2141 Σοφία

397 2156 579 2223 φησὶν,
608 2157 672 2207 ὲκ
720 2155 979 2224 μεγέθους
1015 2159 1107 2212 καὶ
1160 2158 1422 2231 καλλονῆς
1446 2162 1761 2231 κτισμάτων
1787 2164 1879 2215 καὶ
1908 2163 1971 2216 τὸ

396 2249 453 2299 ὲν
507 2248 733 2318 κρυπτῷ
787 2248 982 2311 κάλλος
1028 2250 1471 2321 ἀναλογίζεσθαι,
1528 2253 1712 2324 ἐπειδὴ
1771 2255 1865 2308 καὶ
1935 2257 1968 2327 ἠ

396 2344 493 2411 τῆς
538 2343 716 2413 ψυχῆς
760 2342 1068 2412 καθαρότης
1117 2342 1204 2396 διὰ
1242 2343 1336 2396 τοῦ
1386 2345 1710 2415 φαινομένου
1748 2345 1969 2418 διέλαμ·

397 2452 489 2498 πε,
543 2438 635 2488 καὶ
677 2436 704 2488 6
744 2435 1063 2505 φαινόμενος
1098 2434 1380 2506 ἄνθρωπος
1413 2437 1561 2503 ἄξιον
1595 2433 1664 2509 ἦν
1698 2439 1793 2491 τοῦ
1835 2442 1970 2510 ἁφα-

397 2516 520 2592 νοῦς
574 2530 902 2599 οἰκητήριον.
974 2528 1063 2591 Ὠς
1116 2528 1277 2581 καλὸν
1332 2529 1510 2580 τοίνυν
1574 2524 1641 2599 ἦν
1687 2530 1808 2582 τότε
1857 2533 1970 2595 τοῖς

394 2622 561 2694 ὁρῶσι
608 2622 669 2673 τὸ
716 2621 922 2692 θέαμαί
976 2621 1138 2674 καλὸν
1177 2621 1320 2690 λέγω
1386 2624 1500 2684 τοῖς
1549 2621 1617 2674 τὰ
1666 2621 1807 2675 καλὰ
1856 2622 1971 2693 βλέ-

398 2733 520 2769 πειν
544 2715 804 2779 ἐθέλουσι,
844 2714 1005 2766 καλὸν
1057 2713 1323 2781 ἀγγέλοις,
1384 2713 1544 2766 καλὸν
1582 2716 1703 2777 ταῖς
1741 2715 1971 2786 ὑπερκο-

399 2806 583 2876 σμίαις
611 2806 888 2877 δυνάμεσι’
918 2806 1110 2876 πικρὸν
1141 2806 1197 2859 δὲ
1226 2809 1338 2869 τοῖς
1367 2806 1614 2877 δαίμοσι,
1645 2808 1738 2860 καὶ
1765 2809 1878 2861 ὅσοι
1902 2808 1969 2862 τὰ

394 2898 502 2951 τῶν
538 2898 805 2968 δαιμόνων
848 2898 1151 2967 ἠσπάζοντο
1171 2939 1185 2961 ,
1216 2898 1493 2969 ἄνθρωποι
1541 2900 1730 2970 (εἴπερ
1758 2899 1969 2971 ἀνθρω-

397 3006 507 3052 ποι,
527 2991 572 3041 οἱ
592 2988 841 3040 τοσοῦτον
861 2988 1217 3058 ἀνεστηκότες
1230 2989 1304 3058 τῷ
1328 2989 1595 3060 μεγαλείῳ
1613 2991 1707 3060 τῆς
1723 2990 1964 3060 φύσεως)

398 3079 725 3149 στρατιῶται
744 3078 836 3130 τοῦ
866 3078 1125 3149 Χριστοῦ,
1158 3078 1250 3130 τοῦ
1288 3081 1444 3147 ἁγίου
1475 3080 1789 3149 Πνεὺματος
1818 3081 1965 3133 ὁπλῖ-

396 3190 504 3237 ται,
529 3174 626 3241 τῆς
647 3172 879 3233 πίστεως
907 3171 1200 3241 πρόμαχοι,
1225 3171 1423 3243 πύργοι
1443 3173 1543 3241 τῆς
1566 3171 1714 3235 θείας
1741 3174 1965 3236 πόλεως’

395 3265 445 3316 οἳ
480 3265 655 3316 πᾶσαν
702 3264 974 3332 αἰκισμῶν
1004 3266 1293 3334 τιμωρίαν,
1337 3266 1518 3317 πᾶσαν
1547 3264 1724 3334 φόϐων
1771 3266 1970 3319 ὲ,πανά⁴

398 3374 604 3416 στασιν,
636 3358 813 3409 πᾶσαν
857 3355 1084 3426 ἀπειλῆς
1118 3357 1442 3428 προσϐολὴν,
1474 3356 1549 3421 ὥς
1585 3375 1709 3411 τινα
1744 3358 1971 3411 παιδίων

394 3448 577 3502 ἄνοιαν
602 3446 1022 3516 κατεχλεὺαζονο
1072 3446 1322 3517 καθάπερ
1345 3448 1466 3517 οὑχὶ
1489 3448 1559 3501 τὰ
1586 3447 1815 3517 σώματα
1853 3451 1973 3511 ταῖς

395 3539 599 3601 αἰκίαις
612 3538 874 3602 ἐκδόντες,
890 3538 1022 3593 ἀλλὰ
1037 3539 1133 3601 τὰς
1148 3540 1255 3593 τῶν
1273 3540 1538 3610 σωμάτων
1560 3541 1789 3604 σκιάς·οἲ
1809 3542 1972 3611 σαρκὶ

395 3633 493 3703 τὴν
517 3633 694 3703 σάρκα
718 3631 1244 3697 καταπαλαίσαντες,
1272 3633 1365 3685 καὶ
1386 3635 1450 3703 τῇ
1470 3633 1603 3703 πρὸς
1619 3632 1710 3684 τὸν
1745 3632 1971 3685 θάνατον

396 3723 665 3794 ὑπεροψίᾳ
706 3724 923 3775 πάντων
964 3722 1073 3775 τῶν
1101 3723 1439 3794 τυραννικῶν
1470 3723 1652 3793 φόϐων
1693 3723 1970 3793 ὑπερφρο-

395 3818 674 3886 νήσαντες.
706 3816 1023 3886 ὑψηλότεροι
1053 3816 1159 3869 τῶν
1191 3817 1546 3886 ἀνθρωπίνων
1589 3817 1803 3887 μέτρων
1835 3816 1971 3868 ἐδεί-

395 3907 621 3978 χθησαν.
653 3908 714 3959 Ὢ
763 3907 942 3971 καλῶς
974 3910 1085 3970 τοῖς
1134 3910 1463 3976 σωματικοῖς
1501 3906 1780 3976 τροπαίοις
1808 3912 1973 3976 ἐμμε-

394 4000 752 4067 λετήσαντεςί
797 4000 861 4050 Ὢ
910 3998 1088 4062 καλῶς
1124 3998 1540 4068 μετενεγκόντες
1569 3999 1667 4068 τὴν
1697 3997 1791 4050 τοῦ
1821 3998 1971 4050 πολε-

399 4093 517 4159 μεῖν
545 4090 833 4160 ἐμπειρίαν
860 4092 937 4153 είς
963 4090 1061 4161 τὴν
1084 4089 1224 4142 κατᾶ
1246 4089 1338 4141 τοῦ
1364 4088 1612 4141 διαϐόλου
1639 4088 1963 4158 παράταξιν·

394 4183 455 4233 οὑ
484 4182 624 4249 ξίφει
672 4183 767 4245 τὰς
816 4185 1002 4252 χεῖρας
1047 4182 1402 4244 ὁπλίσαντες,
1455 4180 1576 4232 οὐδὲ
1634 4181 1724 4232 τὸν
1765 4182 1828 4233 ὲκ
1874 4178 1968 4232 τοῦ

398 4273 553 4338 ξύλου
580 4274 768 4345 θυρεὸν
810 4274 1235 4344 προϐαλλόμενοι
1257 4313 1271 4336 ,
1304 4273 1424 4325 οὑδὲ
1463 4272 1635 4341 χαλκῇ
1667 4288 1970 4342 περικεφα-

396 4365 554 4436 λαία,
604 4368 695 4418 καὶ
739 4369 967 4436 κνήμεσι
1010 4366 1511 4436 περιφραξάμενοι,
1557 4365 1693 4417 ἀλλὰ
1734 4364 1833 4433 τὴν
1873 4363 1967 4415 τοῦ

2077 491 2144 544 iis
2169 508 2302 546 sane
2333 494 2495 546 etiam
2532 494 2747 548 vincula
2772 504 3097 551 ornamento
3122 505 3303 561 erant,
3338 507 3392 552 et
3429 500 3659 569 elegans

2076 591 2239 653 atque
2260 584 2565 653 jucundum
2594 585 3034 640 Christianorum
3064 590 3241 643 oculis
3271 593 3651 658 spectaculum

2070 675 2328 744 juventus
2359 678 2532 731 electa
2559 677 2616 730 in
2653 685 2805 732 tanto
2838 694 3087 742 nurnero,
3120 682 3531 748 pulchritudine
3566 684 3658 737 in-

2075 767 2268 836 signis,
2298 776 2455 822 aztate
2484 770 2691 823 caeteris
2724 778 3015 839 praestans,
3041 789 3233 827 omnes
3260 775 3423 828 simul
3463 775 3655 831 eodem

2074 859 2220 913 inter
2253 875 2313 914 se
2338 877 2478 915 nexu
2513 862 2936 931 copulabantur,
2964 865 3127 919 veluti
3164 880 3372 920 corona
3403 867 3653 936 quaedam

2074 961 2172 1006 aut
2210 962 2435 1023 torques
2461 964 2515 1008 ct
2553 956 2753 1010 monile
2791 956 2998 1011 circum
3032 958 3231 1011 collum
3278 960 3656 1028 magnitudine

2074 1048 2301 1119 paribus
2332 1049 2572 1118 undique
2620 1051 2933 1120 margaritis
2977 1050 3205 1121 dig:-stis
3260 1062 3423 1123 atque
3454 1054 3655 1108 distin-

2073 1139 2177 1193 ctis
2230 1140 2480 1209 insigne:
2517 1141 2653 1196 tales
2700 1150 2861 1195 erant
2899 1146 3098 1209 sancti,
3145 1146 3238 1213 qui
3272 1155 3326 1199 et
3356 1161 3453 1215 per
3492 1146 3654 1200 ﬁdem

2074 1230 2236 1297 uniti,
2270 1240 2325 1313 et
2354 1246 2449 1301 per
2478 1232 2692 1287 vincula
2722 1236 2865 1289 inter
2892 1250 2950 1290 se
2980 1237 3268 1290 constricti
3296 1246 3474 1291 erant.
3513 1236 3655 1291 Cum

2073 1323 2217 1377 enim
2258 1324 2641 1395 unusquisque
2668 1340 2767 1394 per
2799 1341 2858 1381 se
2900 1327 3113 1397 pulchri
3160 1337 3369 1394 essent,
3405 1329 3657 1384 accessio

2074 1423 2239 1485 atque
2306 1415 2705 1470 incrementum
2792 1418 3217 1487 pulchritudinis
3300 1422 3438 1476 alter
3494 1419 3652 1476 alteri

2071 1512 2248 1558 erant.
2281 1502 2453 1570 Quale
2482 1507 2538 1559 in
2571 1505 2893 1561 cmlestibus
2944 1507 3148 1562 accidit
3185 1510 3486 1572 miraculis,
3524 1525 3651 1564 cum

2074 1611 2269 1653 serena
2320 1613 2385 1653 ac
2443 1613 2579 1668 pura
2629 1606 2791 1654 nocte
2835 1600 3116 1654 stellarum
3165 1602 3332 1657 decor
3386 1603 3526 1656 alius
3559 1617 3654 1673 per

2073 1689 2239 1744 alium
2278 1689 2639 1761 distinguitur
2683 1699 2740 1746 et
2784 1703 3038 1755 ornatur,
3102 1709 3431 1765 unaquaque
3461 1710 3652 1750 earum

2073 1801 2232 1841 suum
2284 1784 2632 1856 splendorem
2691 1784 2759 1837 ad
2804 1799 3154 1840 communem
3212 1794 3463 1842 ornatum
3526 1786 3654 1843 coeli

2073 1878 2237 1933 simul
2266 1878 2649 1933 contribuente
2681 1896 2694 1932 :
2733 1878 2842 1933 tale
2867 1885 2985 1933 erat
3013 1886 3329 1932 sanctorum
3364 1890 3653 1948 spectacu-

2071 1967 2206 2033 lum,
2252 1983 2402 2029 vere.
2452 1976 2512 2021 ut
2564 1968 2768 2022 alicubi
2816 1967 2995 2038 inquit
3027 1967 3275 2023 Ezechiel
3323 1969 3583 2039 propheta
3606 1968 3650 2034 ³,

2070 2057 2211 2113 visio
2253 2058 2567 2127 lampadum
2606 2058 3059 2114 discurrentium.
3090 2057 3371 2113 Lubenter
3416 2059 3654 2129 pulchr.-

2072 2151 2251 2206 tudini
2301 2151 2490 2206 fortna-
2543 2160 2597 2205 et
2648 2153 2826 2207 aetatis
2878 2153 3058 2207 oratio
3114 2152 3461 2205 immoratur.
3503 2151 3658 2206 Solet

2070 2244 2240 2303 enim.
2297 2252 2355 2297 ut
2406 2244 2583 2314 inquit
2631 2244 2912 2314 Sapientia
2935 2246 2975 2307 ⁸,
3016 2260 3085 2300 ex
3125 2244 3500 2315 magnitudine
3528 2244 3653 2313 pul-

2070 2334 2407 2391 chritudinis
2459 2345 2838 2389 creaturarum
2888 2336 3055 2391 etiam
3086 2350 3150 2390 ea
3187 2350 3308 2405 qua:
3337 2344 3424 2391 est
3474 2336 3528 2390 in
3562 2351 3656 2389 oc-

2074 2427 2245 2491 culto,
2299 2427 2650 2497 pulchritudo
2701 2429 2984 2493 aestimari,
3044 2429 3303 2497 quoniam
3356 2434 3410 2483 et
3484 2425 3655 2480 animi

2070 2520 2285 2590 puritas
2318 2535 2413 2589 per
2459 2520 2512 2572 id
2544 2521 2689 2589 quod
2728 2520 3057 2589 apparebat,
3080 2519 3467 2574 elucescebat:
3513 2527 3569 2573 et
3606 2519 3654 2573 is

2070 2613 2163 2681 qui
2191 2612 2486 2682 apparebat
2518 2611 2701 2676 homo,
2739 2613 2963 2682 dignum
3001 2612 3340 2672 domicilium
3387 2621 3505 2667 erat
3535 2610 3655 2681 cjns

2069 2706 2162 2775 qui
2210 2706 2430 2769 latebat,
2481 2713 2534 2757 et
2580 2704 2761 2758 visum
2808 2704 3123 2774 eﬂugiebat.
3158 2702 3331 2769 Quam
3367 2703 3656 2772 pulchrum

2070 2799 2233 2867 igitur
2248 2804 2381 2851 tunc
2398 2797 2745 2852 intuentibus
2761 2807 2881 2851 erat
2896 2797 3272 2866 spectaculum
3293 2796 3316 2848 ?
3335 2796 3649 2866 pulchrum,

2070 2890 2309 2960 inquam,
2341 2890 2412 2945 iis
2457 2891 2550 2959 qui
2584 2890 2809 2959 pulchra
2866 2899 3033 2958 atque
3083 2888 3348 2956 praeclara
3402 2887 3654 2941 contueri

2070 2986 2284 3048 volunt,
2317 2983 2611 3052 pulchrum
2643 2982 2872 3050 angelis,
2925 2979 3214 3049 pulchrum
3254 2977 3657 3047 supramunda-

2073 3076 2161 3132 nis
2192 3076 2521 3139 virtutibus;
2556 3074 2816 3129 acerbum
2849 3088 2979 3128 vero
3017 3072 3376 3136 daemonibus,
3415 3078 3468 3125 et
3490 3078 3654 3140 quot-

2074 3175 2206 3237 quot
2253 3167 2565 3221 daemonnm
2613 3167 2819 3221 cultum
2852 3166 3347 3234 amplectebantur,
3405 3163 3655 3217 homines

2074 3260 2150 3331 (si
2191 3259 2354 3313 modo
2401 3259 2654 3312 homines
2685 3257 2926 3317 dicendi,
2955 3256 3048 3326 qui
3077 3264 3229 3308 tanta
3276 3255 3656 3325 magnitudine

2074 3352 2277 3406 indolis
2325 3349 2753 3413 excelluerunt),
2801 3349 3001 3402 milites
3037 3347 3266 3407 Christi.
3310 3346 3487 3401 sancti
3531 3346 3658 3416 Spi-

2073 3444 2211 3497 ritus
2266 3442 2543 3511 armigeri,
2610 3440 2731 3495 ﬁdei
2783 3439 3151 3509 antesignani,
3223 3449 3401 3492 turres
3453 3438 3658 3493 divinae

2073 3534 2335 3596 civitatis,
2380 3534 2471 3603 qui
2513 3548 2730 3587 omnem
2780 3540 3183 3584 tormentorum
3231 3544 3449 3600 pinnam
3491 3537 3658 3599 atque

2072 3626 2483 3689 contumeliam,
2534 3640 2726 3680 omnes
2770 3635 3010 3679 terrores
3060 3624 3400 3693 iugi-nentes,
3436 3635 3655 3676 omnem

2072 3722 2341 3775 minarum
2379 3720 2507 3785 vim,
2538 3729 2794 3788 tanquam
2836 3716 3096 3785 puerilem
3141 3715 3429 3784 quamdam
3468 3728 3657 3767 amen-

2072 3815 2201 3867 tiam
2231 3813 2572 3867 deridehant.
2629 3810 2859 3863 Perinde
2890 3823 2955 3861 ac
3003 3808 3048 3863 si
3082 3823 3188 3860 non
3218 3793 3449 3875 corpora
3471 3804 3658 3859 verbe-

2074 3908 2237 3975 ribus,
2266 3905 2589 3975 praeberent,
2623 3900 2717 3956 sed
2751 3915 3045 3969 corporum
3091 3900 3352 3953 umbras:
3403 3897 3499 3968 qui
3529 3912 3653 3952 cum

2072 3972 2239 4055 carne
2266 3972 2489 4050 carnem
2534 3992 2893 4053 devicissent,
2941 3998 2995 4044 et
3024 3996 3397 4057 contemptum
3438 3988 3652 4053 mortis,

2072 4106 2264 4143 omnes
2320 4097 2682 4158 tyrannorum
2749 4091 2991 4136 terrores
3050 4080 3429 4150 magnitudine
3487 4079 3653 4134 animi

2073 4190 2448 4253 superassent,
2504 4180 2743 4232 humana
2812 4175 3127 4231 conditione
3183 4176 3498 4244 superiores
3548 4171 3654 4226 visi

2073 4282 2219 4330 sunt.
2252 4272 2296 4328 Ο
2324 4272 2416 4342 qui
2451 4271 2717 4341 praeclare
2750 4267 3033 4323 exercitati
3079 4275 3225 4331 sunt,
3274 4265 3366 4335 qui
3400 4263 3655 4333 peritiam

2074 4366 2311 4421 bellandi
2370 4366 2424 4418 in
2468 4364 2638 4417 aciem
2693 4362 2959 4414 adversus
3001 4359 3278 4414 diabolum
3330 4359 3653 4411 instructam

397 4455 529 4508 Θεοῦ
557 4455 855 4507 πανοπλίαν
895 4455 1252 4518 ἀναλαϐόντες
1273 4496 1287 4518 ,
1325 4455 1392 4525 ἣν
1420 4454 1707 4525 διαγράφει
1742 4454 1770 4505 ό
1802 4469 1966 4522 στρα-

2072 4453 2505 4508 transtulerunt!
2558 4466 2663 4504 non
2696 4449 2875 4518 gladio
2906 4463 3100 4501 manus
3140 4456 3439 4509 armantcs,
3476 4461 3656 4515 neque

395 4545 561 4615 τηγὸς
590 4546 688 4613 τῆς
740 4546 1080 4615 Ἐκκλησίας,
1128 4546 1157 4598 6
1195 4545 1335 4609 θεῖος
1383 4545 1722 4608 Ἀπόστολος,
1753 4543 1966 4613 θυρεὸν,

398 4638 492 4689 καὶ
514 4636 755 4707 θώρακα,
782 4639 872 4689 καὶ
896 4637 1441 4708 περικεφαλαίαν,καὶ
1471 4636 1765 4706 μάχαιραψ
1791 4635 1964 4696 οὕτως

398 4727 636 4798 ἐχώρουν
676 4729 814 4780 κατὰ
854 4728 952 4798 τῆς
983 4728 1228 4789 ἐναντίας
1260 4728 1561 4797 δυνάμεως.
1613 4728 1966 4799 Ἐστρατήγει

398 4821 455 4873 δὲ
484 4819 686 4873 τούτων
718 4822 813 4889 μὲν
843 4822 875 4891 ἡ
903 4820 1125 4890 οὐρανία
1155 4822 1333 4890 χάρις’
1372 4821 1469 4891 τῆς
1503 4820 1559 4872 δὲ
1593 4819 1687 4872 τοῦ
1721 4819 1965 4872 διαϐόλου

402 4912 778 4983 παρατάξεως,
810 4911 837 4961 6
860 4910 994 4979 ἔχων
1017 4908 1108 4960 τοῦ
1136 4910 1362 4961 θανάτου
1384 4910 1443 4961 τὸ
1464 4910 1681 4979 κράτος.
1712 4910 1886 4971 Τόπος
1912 4909 1967 4961 δὲ

397 5007 496 5074 τῆς
526 5004 879 5074 παρατάξεως
908 5003 1108 5067 αὑτοῖς,
1139 5001 1198 5052 τὸ
1226 5002 1332 5052 τῶν
1378 5001 1675 5070 μιαιφόνων
1709 5000 1968 5069 δικαστή-

400 5113 513 5166 ριον
540 5091 628 5166 ἦν·
667 5096 723 5146 ὲν
758 5093 952 5162 ἐκείνῳ
998 5091 1289 5152 συστάντες
1326 5090 1705 5159 διηγωνίζοντο
1730 5131 1743 5153 ,
1776 5092 1824 5142 οί
1870 5091 1968 5158 μὲν

400 5188 646 5251 ἀπειλαῖς
684 5184 1190 5258 ἀκροϐολιζόμενοι,
1235 5184 1283 5234 οἱ
1316 5184 1371 5234 δὲ
1413 5183 1501 5234 διὰ
1546 5186 1644 5254 τῆς
1693 5183 1969 5253 ὑπομονῆς

400 5281 433 5332 ἁ
442 5282 748 5351 μυνόμενοι.

2077 4544 2329 4615 clypeum
2386 4542 2623 4611 ligneum
2656 4539 3001 4608 ohjicientes,
3055 4552 3235 4605 neque
3282 4551 3424 4590 aerea
3478 4536 3652 4606 galea,

2074 4635 2361 4703 ocreisque
2394 4632 2611 4692 muniti.
2651 4631 2746 4685 sed
2804 4637 3141 4683 armaturam
3194 4628 3285 4683 Dei
3338 4638 3653 4682 sumentes:

2073 4740 2237 4795 quam
2269 4733 2470 4794 pra-tor
2501 4731 2554 4778 et
2584 4724 2692 4776 dux
2725 4722 3006 4789 Ecclesiae,
3041 4721 3261 4775 divinus
3294 4722 3382 4776 ille
3417 4722 3656 4790 Aposto~

2074 4819 2160 4872 lus
2187 4817 2507 4880 describit",
2532 4825 2746 4869 scutum
2765 4822 2819 4868 et
2846 4814 3095 4877 loricam,
3132 4822 3185 4867 et
3212 4812 3444 4881 galeam,
3467 4820 3521 4866 et
3540 4811 3655 4881 gla-

2074 4909 2247 4973 dium,
2294 4907 2368 4959 ita
2414 4903 2714 4959 tendebant
2760 4903 3026 4956 adversus
3075 4901 3263 4970 copias
3308 4900 3654 4953 adversario-

2070 5015 2213 5054 rum.
2274 4998 2392 5052 Dux
2449 5007 2627 5052 autem
2702 5006 2818 5050 erat
2874 4994 3065 5047 horum
3144 4991 3363 5061 quidem
3412 4989 3652 5045 co-Iestis

2074 5091 2270 5161 gratia,
2301 5089 2501 5143 diaboli
2534 5099 2715 5141 autem
2746 5084 2906 5145 aciei,
2944 5085 2991 5138 is
3013 5085 3103 5152 qui
3137 5082 3330 5137 mortis
3362 5080 3651 5148 imperium

2074 5191 2244 5238 tenet.
2278 5181 2455 5236 Locus
2484 5181 2564 5234 eis
2612 5179 2770 5241 aciei,
2817 5177 3152 5232 nefariorum
3185 5183 3239 5228 et
3267 5171 3653 5243 sanguinario-

2076 5294 2195 5330 rum
2231 5275 2471 5331 tribunal
2502 5282 2621 5328 erat
2649 5292 2660 5326 :
2712 5273 2826 5326 illic
2853 5269 3133 5339 congressi
3162 5267 3538 5328 decertabant,
3574 5264 3651 5318 illi

400 5371 615 5439 quidem
666 5371 827 5425 minis
874 5385 1105 5440 pugnam
1159 5374 1535 5421 .ncesseutes:
1579 5366 1631 5419 hi
1684 5383 1812 5420 vero
1860 5384 1956 5437 per
2007 5369 2322 5439 patientiam
2380 5367 2765 5437 propulsantes
2818 5371 2875 5417 et
2925 5362 3259 5417 resistentes.

474 5465 739 5534 Πρότασις
780 5460 848 5535 ἦν
903 5462 1051 5533 παρὰ
1094 5462 1201 5514 τῶν
1248 5461 1599 5523 ὑπεναντίων,
1640 5460 1967 5529 ἐξόμνυσθαι

400 5556 497 5628 τὴν
528 5557 605 5619 είς
651 5556 742 5607 τὸν
785 5555 985 5624 Κύριον
1034 5554 1234 5616 πίστιν,
1279 5551 1311 5622 ἢ
1356 5549 1681 5620 ζημιοῦσθαι
1731 5550 1965 5621 θανάτῳ.

476 5738 495 5768 ⁵
540 5733 733 5788 Ezech.
775 5751 812 5799 I,
862 5734 941 5787 15.
1021 5735 1039 5765 ⁶
1080 5732 1205 5802 5η).
1249 5748 1367 5795 xm,
1401 5730 1451 5786 ii.

2146 5460 2557 5531 Proponebatur
2605 5458 2675 5513 ab
2728 5455 3081 5516 adversariis,
3137 5463 3194 5507 ut
3246 5455 3330 5507 vel
3391 5453 3551 5507 tidem
3593 5450 3649 5505 in

2079 5545 2395 5607 Dominum
2427 5551 2767 5622 abjurarent,
2817 5548 2904 5605 vel
2951 5556 3127 5603 morte
3156 5547 3561 5613 multarentur;
3591 5549 3649 5601 et

1528 5732 1547 5763 ⁷
1583 5729 1774 5800 Ephes.
1811 5747 1880 5796 Vl,
1915 5730 1968 5785 il
2013 5748 2133 5804 sqq.
