4132 6356
487 287 590 344 76-3

1716 280 1774 335 S.
1801 272 2129 335 GREGORII
2151 273 2446 330 NYSSEN

3624 247 3726 299 768

481 401 914 474 respondebatur
960 417 991 458 a
1028 402 1162 461 viris
1210 401 1461 464 fortibus,
1510 414 1572 455 se
1610 397 1746 452 velle
1781 411 1952 466 usque
1981 392 2049 448 ad

2170 393 2478 465 Ἀπόκρισις
2499 387 2648 461 παρὰ
2671 385 2780 441 τῶν
2804 380 3088 455 ἀριστέων,
3110 374 3270 446 μέχρι
3293 367 3523 474 θανάτου
3549 380 3727 474 παρα-

480 502 711 553 mortem
755 512 1077 567 permanere
1110 496 1168 551 in
1199 509 1474 551 sermone.
1516 491 1663 564 Ignis
1690 489 1793 547 sub
1827 489 1942 544 hac
1971 487 2055 541 in-

479 585 829 652 tendebatur,
854 593 909 640 et
940 585 1156 656 gladius
1185 593 1239 640 et
1267 583 1610 644 barathrum,
1641 586 1696 634 et
1715 590 2055 648 quaecunque

480 687 612 734 sunt
651 679 759 732 alia
790 677 1011 732 nomina
1071 674 1485 747 suppliciorum.
1525 670 1642 726 Una
1689 685 1790 724 vox
1821 668 1890 722 ad
1940 670 2054 724 base

480 769 666 824 omnia
713 767 1060 831 audiebatur,
1098 767 1375 833 Christus,
1424 781 1588 836 quem
1624 777 1719 818 ore
1753 763 1929 818 sancti
1975 761 2053 816 illi

481 861 906 917 confitebantur.
973 859 1088 915 Hoc
1145 866 1266 914 erat
1325 857 1764 914 adversariorum
1829 854 2051 917 vulnus,

484 951 627 1005 hanc
675 949 958 1020 cuspidem
1009 947 1339 1005 adversariis
1385 948 1737 1018 objiciebant,
1776 959 1878 1015 per
1912 943 2054 999 hanc

485 1054 670 1094 vocem
708 1039 762 1092 in
800 1038 978 1094 medio
1005 1037 1170 1094 corde
1194 1037 1394 1094 vulnus
1427 1036 1778 1092 adversarius
1819 1033 2052 1102 accepit,

483 1131 574 1189 hic
603 1138 691 1186 est
724 1131 885 1202 lapis,
925 1131 1018 1198 qui
1051 1145 1147 1200 per
1176 1144 1398 1184 manum
1423 1129 1646 1184 Davidis
1692 1126 1857 1181 funda
1894 1126 2056 1181 emit-

483 1223 722 1287 tebatnr,
746 1223 840 1294 qui
870 1239 899 1276 a
922 1223 1074 1294 galea
1102 1221 1426 1286 adversarii,
1456 1235 1566 1291 quo
1585 1219 1892 1276 destinatus
1913 1228 2051 1282 erat,

483 1330 595 1373 non
625 1315 916 1370 aberravit.
952 1315 1086 1370 Nam
1118 1314 1324 1371 Christi
1364 1313 1660 1380 confessio,
1695 1312 1821 1368 boni
1865 1311 2053 1366 militis

484 1405 650 1461 funda
689 1408 948 1463 exsistit:
991 1407 1141 1464 cadit
1174 1407 1454 1473 inimicus,
1501 1414 1558 1463 et
1585 1414 1750 1475 caput
1780 1403 1986 1458 amittit
2008 1402 2050 1457 ⁸.

485 1497 688 1554 Verum
727 1501 887 1570 quasi
936 1499 1164 1557 habenis
1214 1497 1464 1555 excussis
1495 1497 1672 1552 oratio
1707 1496 2054 1564 prmterlapsa

482 1599 589 1655 est,
641 1599 696 1648 et
731 1592 997 1649 terminos
1048 1590 1330 1655 transiliit,
1387 1600 1442 1645 et
1469 1588 1538 1642 ad
1578 1587 1891 1642 audendum
1946 1599 2054 1638 non

482 1684 714 1742 dicenda
749 1685 993 1754 proferre
1027 1683 1364 1754 provehitur,
1411 1679 1571 1752 quasi
1609 1676 1905 1749 spectatrix
1939 1674 2056 1729 fue-

2159 456 2350 557 μένειν
2380 482 2457 553 τῷ
2493 456 2655 550 λόγῳ.
2687 477 2805 548 Πῦρ
2833 473 2925 528 ἐπὶ
2958 470 3168 530 τούτοις
3198 461 3480 557 ἠπείλητο,
3512 456 3606 510 καὶ
3635 456 3725 557 ξε-

2156 549 2283 644 ἔρος,
2309 573 2403 628 καὶ
2430 549 2722 644 βάραθρον,
2775 565 2869 620 καὶ⁸
2901 563 3001 616 ὅσα
3027 559 3162 616 ἄλλα
3203 555 3312 608 τῶν
3354 549 3726 644 κολαστηρίων

2152 639 2410 738 όνόματα.
2432 639 2559 719 Μία
2585 639 2736 732 φωνὴ
2766 656 2902 728 πρὸς
2930 651 3102 707 ταῦτα
3123 649 3298 703 πάντα
3318 641 3567 714 ἠκούετο,
3589 639 3729 738 ’ξρι-

2154 730 2277 824 στος
2294 761 2353 813 ὲν
2373 759 2484 822 τοῖς
2510 730 2738 825 στόμασι
2771 750 2878 804 τῶν
2904 747 3072 816 ἁγίων
3098 737 3358 812 ὀμολογοὺ
3367 750 3546 807 μενος.
3573 730 3724 825 Αὕτη

2149 847 2218 924 ἦν
2310 850 2419 905 τῶν
2448 821 2706 903 ἐναντίων
2741 842 2947 913 πληγή.
2978 836 3194 904 Ταύτην
3238 829 3550 924 προέτεινον
3583 821 3725 924 κατά

2151 914 2245 994 τοῦ
2267 914 2470 1012 ’ἐχθροῦ
2496 937 2596 1010 τὴν
2616 935 2838 1006 αἰχμήν.
2871 929 2969 983 Διά
2989 925 3193 996 ταύτης
3217 923 3316 992 τῆς
3340 917 3534 1012 ςξωνῆς⁸
3551 914 3724 1012 μέξην

2153 1003 2502 1106 ἐτρώθη-τὴν
2865 1017 3284 1088 Ἀντικείμενος.
3309 1003 3476 1106 Οῦτος
3513 1009 3542 1060 6
3577 1004 3725 1106 λίθος

2155 1099 2302 1178 ἐστὶν
2388 1099 2534 1194 ὲνήτῇ
2569 1099 2717 1192 χειρὶ
2756 1113 2850 1170 τοῦ
2881 1111 3046 1166 Δαϐὶδ
3076 1103 3557 1194 σφενδονούμενοςς
3575 1099 3604 1150 6
3630 1112 3726 1194 su:

2152 1213 2262 1286 χὼν
2286 1215 2383 1285 τῆς
2402 1188 2829 1286 περίκε-φαλαίας
2847 1201 2941 1257 τοῦ
2975 1193 3396 1286 Ἀντικειμένου.
3499 1188 3608 1286 γὰρ
3627 1188 3724 1238 τοῦ

2154 1279 2390 1378 ὶριστοῦ
2421 1279 2698 1373 ὁμολογία,
2731 1297 2985 1370 σφενδόνη
3009 1290 3216 1361 γίνεται
3245 1283 3337 1338 τοῦ
3365 1279 3530 1378 καλοῦ

2154 1365 2367 1451 τιώτου.
2388 1365 2581 1450 Πίπτει
2595 1365 2632 1448 ‘6
2667 1365 2908 1462 Ἐχθρὸς,
2923 1386 3018 1440 καὶ
3037 1378 3303 1449 ἀκέφαλος
3320 1374 3547 1444 γίνεται.
3563 1365 3728 1462 ’ἰλλλά

2155 1482 2469 1556 παρηνέχθη
2505 1459 2812 1552 ἀφηνιάσας
2842 1479 2870 1530 ὁ
2914 1473 3092 1542 λόγος,
3134 1469 3229 1522 καὶ
3258 1465 3398 1535 ὑπὲρ
3423 1459 3726 1556 τους-ὅρους

2155 1549 2468 1641 ἐξάλλεται,⁷
2493 1549 2588 1627 καὶ
2607 1549 2723 1626 τῶν
2755 1569 3008 1642 ἀρρήτων
3035 1557 3351 1627 κατατολμᾷ
3372 1594 3386 1618 ,
3423 1552 3517 1606 καὶ
3547 1549 3727 1617 λέγειν

2157 1667 2481 1739 προάγεται,
2510 1666 2583 1730 ὡς
2602 1662 2866 1736 παρείθεα
2881 1660 2978 1730 τῆς
3003 1657 3113 1710 τῶν
3146 1651 3390 1739 ἀοράτων
3417 1643 3726 1739 γενόμενος,

484 1729 714 1742 ...νηυ-
749 1729 993 1754 rem..-
1027 1729 1363 1754 r.-.---.-_-,
1415 1729 1571 1752 τη--
1610 1729 1827 1749 ,τηηην
1875 1729 1880 1730 ,

484 1777 560 1830 rit
606 1791 794 1831 earum
845 1791 1027 1831 rerum
1078 1789 1200 1845 quae
1231 1774 1410 1830 visum
1443 1771 1746 1844 effugiunt,
1787 1768 1934 1839 quod
1981 1767 2052 1822 ob

2170 1729 2242 1812 ὃτι
2271 1729 2364 1812 tet
2385 1758 2451 1827 τῇ
2468 1729 2704 1824 τοιαύτη
2731 1753 2881 1822 φωνῇ
2904 1729 2970 1820 τῇ
2993 1746 3084 1800 τὸν
3111 1739 3346 1845 Χριστὸῖ
3370 1738 3427 1789 ὲν
3452 1729 3733 1845 παρρησίῗ

484 1868 758 1934 ejusmodi
779 1883 987 1931 vocem,
1021 1883 1144 1938 qua:
1159 1866 1436 1923 Christum
1467 1866 1638 1921 libere
1669 1864 2051 1928 conﬁtebatur,

485 1977 653 2032 supra
684 1961 907 2032 plausus
945 1969 1066 2017 erat
1104 1969 1159 2014 et
1189 1962 1308 2017 laus
1341 1974 1373 2014 a
1406 1959 1614 2015 sanctis
1658 1958 1889 2030 angelis,
1925 1957 2056 2012 item

487 2052 816 2108 acclamatio
846 2053 1025 2115 fausta
1059 2052 1300 2108 cwlestis
1325 2051 1478 2107 urbis
1505 2051 1706 2106 civium
1725 2049 2059 2120 applauden—

486 2144 624 2200 tium
653 2144 732 2200 rei
760 2144 896 2202 bene
923 2155 1107 2214 gestae,
1147 2144 1214 2199 ad
1247 2145 1361 2199 haec
1387 2143 1642 2214 gaudium
1675 2142 1914 2197 universi
1945 2155 2060 2196 coe-

487 2237 643 2294 lcstis
696 2248 1024 2293 conventus.
1083 2238 1255 2304 Quale
1307 2237 1452 2292 enim
1489 2237 1698 2306 angelis
1743 2236 1798 2289 in
1855 2234 2060 2290 mundo

489 2330 769 2385 hominum
803 2329 1094 2385 conﬂatum
1126 2339 1212 2386 est
1237 2329 1653 2400 spectaculum?
1677 2329 1894 2399 qualem
1927 2343 2061 2383 con-

488 2423 696 2478 flictum
733 2424 932 2478 diaboli
974 2432 1028 2479 et
1064 2425 1343 2479 hominum
1381 2423 1635 2480 viderunt
1686 2429 1888 2477 nostra:
1935 2421 2062 2476 vitae

493 2517 874 2585 spectatores?
903 2517 1078 2584 Quam
1131 2517 1466 2572 contrarium
1499 2514 1668 2586 priori
1698 2527 1890 2584 pugnae
1928 2527 2063 2567 con-

489 2621 739 2676 gressum
770 2606 980 2670 habuit,
1011 2622 1136 2663 cum
1171 2621 1398 2676 serpens
1429 2605 1696 2659 Adamum
1723 2603 1925 2658 devicit
1947 2600 2064 2657 ?Ne

491 2713 662 2753 unum
699 2699 918 2768 quidem
953 2697 1115 2752 homo
1145 2707 1278 2751 tunc
1324 2695 1586 2752 sustinuit
1618 2694 1879 2763 impetum
1909 2691 2061 2759 mali,

489 2804 600 2858 quo
641 2804 736 2858 per
761 2789 1051 2859 quemdam
1093 2787 1401 2858 speciosum
1435 2793 1754 2856 pra-textum
1784 2794 1838 2839 et
1877 2799 2061 2839 escam

492 2875 694 2946 petitus
723 2886 879 2930 erat:
913 2874 1010 2931 sed
1036 2875 1200 2933 simul
1224 2885 1387 2945 atque
1422 2876 1514 2931 ille
1557 2875 1740 2939 irruit,
1778 2874 1942 2929 etiam
1975 2874 2065 2928 hic

491 2971 651 3023 ruina
704 2983 931 3024 eversus
985 2976 1090 3026 est.
1147 2968 1207 3023 In
1260 2968 1345 3023 his
1377 2982 1507 3023 vero
1553 2967 1810 3022 omnibus
1851 2967 1972 3019 vani
2013 2974 2068 3020 et

493 3060 800 3117 inefﬁcaces
828 3073 986 3116 erant
1005 3060 1213 3114 inimici
1240 3067 1493 3115 conatus.
1517 3059 1681 3130 Spem
1713 3057 2058 3119 ostendebat,
2095 3097 2139 3156 ο

494 3153 551 3206 bi
580 3167 712 3206 vero
741 3152 1114 3221 respuebant:
1158 3159 1398 3208 terrores
1453 3152 1790 3219 intendebat,
1837 3151 1891 3206 hi
1934 3166 2061 3206 vero

492 3243 837 3298 deridebant.
859 3240 1013 3298 Unus
1028 3242 1109 3298 eis
1140 3251 1318 3299 metus
1340 3243 1492 3300 solus
1521 3251 1661 3306 erat,
1697 3259 1764 3298 ne
1786 3247 1819 3296 ‘a
1849 3242 2068 3297 Christo

493 3333 945 3405 sejungerentur;
1002 3349 1172 3388 unum
1224 3333 1450 3400 bonum,
1491 3349 1613 3390 esse
1669 3348 1791 3388 cum
1849 3331 2072 3388 Christo

495 3427 652 3493 solo;
686 3434 884 3482 ca-tera
917 3441 1046 3481 vero
1072 3425 1278 3490 omnia,
1310 3428 1457 3482 risus
1482 3435 1536 3481 et
1557 3425 1771 3489 umbra,
1807 3438 2073 3494 nugaeque

495 3525 550 3571 et
583 3516 926 3572 somniorum
954 3516 1090 3572 visis
1116 3516 1336 3571 similia.
1367 3515 1664 3586 Propterea
1689 3515 1869 3570 oratio
1902 3515 1970 3570 de
2005 3515 2073 3569 iis

495 3623 620 3679 qua:
675 3615 960 3678 aspectum
1013 3604 1317 3678 effugiunt,
1373 3606 1524 3675 loqui
1580 3606 1848 3667 sustinet,
1897 3614 1952 3661 et
1995 3606 2072 3659 ait

495 3699 644 3769 quod
675 3699 855 3754 omnis
881 3699 1365 3768 supramundanus
1396 3699 1671 3754 exercitus
1711 3698 1782 3752 ob
1803 3714 1916 3754 rem
1950 3712 2074 3768 quae

497 3795 714 3864 egregie
745 3791 814 3846 ab
859 3792 1080 3846 athletis
1112 3791 1231 3846 istis
1272 3791 1584 3861 gerebatur,
1640 3792 1938 3845 laetaretur.
1956 3789 2075 3844 Ad-

499 3885 608 3941 huc
657 3882 840 3938 oratio
881 3883 937 3936 in
971 3882 1136 3936 rebus
1175 3897 1284 3936 non
1329 3881 1607 3936 tentandis
1653 3897 1775 3936 sese
1818 3880 1974 3934 effert
2021 3889 2076 3935 et

498 3977 663 4033 audet
689 3994 705 4033 :
734 3977 912 4032 adhuc
929 3975 1371 4047 supramundana
1393 3975 1627 4030 sustinet
1653 3989 1898 4038 narrare,
1927 3973 2074 4042 quod

497 4079 626 4118 cum
665 4063 748 4118 ha:
790 4079 880 4120 res
931 4064 1190 4119 nimirum
1221 4064 1312 4118 hic
1355 4078 1617 4134 prospere
1667 4072 1988 4134 gererentur
2019 4063 2075 4118 in

498 4155 756 4210 conflictu
787 4165 977 4210 contra
1005 4154 1374 4221 adversarios,
1415 4154 1603 4224 justus
1630 4153 1947 4208 certaminis
1991 4152 2077 4207 in-

499 4249 724 4304 stitutor
782 4263 847 4302 ac
886 4263 1090 4318 prazses
1141 4262 1375 4302 coronas
1424 4246 1724 4301 victoribus
1773 4245 2076 4301 destinatas

502 4341 838 4412 proferebat,
891 4347 948 4395 et
998 4340 1297 4410 imperator
1326 4338 1498 4393 divini
1528 4339 1805 4392 exercitus
1855 4337 2075 4407 praemia

2161 1820 2494 1920 ὁμολογούσῃ
2512 1884 2526 1907 ,
2566 1820 2760 1916 κρότος
2807 1841 2906 1912 μὲν
2937 1836 3004 1910 ἦν
3035 1837 3145 1890 ἀνω
3189 1833 3283 1886 καὶ
3310 1829 3557 1920 ἔπαινος-
3579 1820 3732 1920 παρά

2161 1914 2270 1995 τῶν
2315 1914 2493 2008 ἀγίων
2527 1914 2793 2004 ἀγγέλων,
2823 1928 3068 2000 εὐφημία
3115 1925 3174 1978 δὲ
3215 1921 3322 1976 τῶν
3364 1915 3599 2008 πολιτῶν
3630 1914 3736 1982 τῆς,

2163 2033 2420 2106 οὐρανίας
2465 2028 2671 2091 πόλεως
2727 2019 3158 2095 ἐπικροτούντων
3201 2015 3280 2086 τῷ
3311 2007 3730 2106 κατορθώματι,

2163 2094 2308 2198 χαρὰ
2341 2094 2408 2177 δὲ,⁷
2427 2121 2608 2191 πάσης
2624 2118 2723 2188 τῆς
2744 2119 2800 2170 ὲν
2820 2094 2878 2168 οῦ
2889 2111 3034 2185 ρανῷ
3059 2106 3447 2198 πανηγύρεωςέ
3471 2094 3613 2198 ΟίονΔ
3625 2096 3745 2198 γάρ.

2166 2188 2394 2287 συνέστη
2423 2215 2544 2268 τότε
2565 2188 2684 2276 τοῖς
2712 2209 2961 2279 ἀγγέλοις
2987 2207 3044 2259 ἐν
3065 2201 3144 2273 τῷ
3167 2200 3357 2269 κόσμῳ
3383 2194 3504 2287 τῶνξ
3523 2188 3733 2287 ἀνθέίίν

2167 2327 2284 2365 πων
2315 2282 2656 2378 τὸνθέατρονί
2687 2303 2803 2357 οἵαν
2835 2295 2974 2353 εἶδον
3004 2292 3323 2367 συμπλοκὴν
3365 2287 3458 2342 τοῦ
3487 2282 3735 2378 διαϐρεου

2167 2404 2261 2456 καὶ
2289 2400 2396 2455 τῶν
2430 2373 2752 2468 ἀνθρώπων,
2789 2394 2840 2446 οἱ
2872 2389 3060 2444 θεαταὶ
3093 2387 3190 2456 τῆς
3230 2379 3507 2456 ἡμετέρας
3549 2373 3691 2443 ζωῆς
3716 2373 3739 2425 l‘

2178 2497 2266 2559 Ὠς
2295 2491 2612 2548 ἀπεναντίον
2639 2491 2705 2559 τῇ
2737 2484 2927 2559 πρώτῃ
2958 2481 3104 2552 πάλῃ
3146 2477 3244 2548 τὴν
3280 2473 3533 2527 σύστασιν
3558 2468 3745 2538 ἐσχενι

2167 2590 2255 2643 ὅτε
2283 2589 2312 2640 6
2330 2587 2452 2657 ὄφις
2470 2585 2562 2638 τὸν
2602 2582 2772 2652 Ἀδὰμ
2792 2576 3189 2634 κατεπάλαισεν
3213 2573 3227 2626 l
3260 2569 3374 2622 Οὐκ
3393 2567 3592 2638 ἡνεγκε
3614 2561 3737 2657 τότε

2169 2654 2450 2751 ἄνθρωπος
2481 2676 2611 2747 μίαν
2636 2673 2730 2727 τοῦ
2759 2667 3003 2742 Πονηροῦ
3031 2661 3349 2736 προσϐολὴν,
3373 2657 3461 2712 διά
3479 2654 3739 2751 τινοςεῦῖ

2170 2745 2358 2844 χροίας
2409 2745 2503 2823 καί
2559 2767 2919 2837 δελεάσματος
2961 2757 3109 2828 αὐτῷ
3157 2753 3588 2844 προσαχθεῖσαν·
3622 2745 3738 2801 ἀλλ’

2171 2839 2304 2937 όμοῦ
2355 2880 2415 2916 τε
2459 2860 2787 2934 προσέπεσε,
2839 2855 2932 2910 καὶ
2978 2850 3258 2921 ἀνετράπη
3333 2845 3412 2913 τῷ
3465 2839 3736 2937 πτώματιΣ

2184 2929 2309 3012 "Eni.
2336 2929 2538 3008 τούτων
2585 2951 2642 3005 δὲ
2680 2951 2896 3004 πάντων
2944 2941 3012 3020 ἦν
3041 2943 3187 3015 ἀργὰ
3232 2940 3326 2994 καὶ
3356 2937 3613 3006 ἄπρακτα
3643 2929 3738 2983 τοῦ

2187 3052 2413 3123 Ἐχθροῦ
2443 3049 2512 3103 τὰ
2538 3044 2911 3114 παλαίσματα.
2950 3038 3201 3099 Ἐλπίδας
3236 3032 3564 3123 προέτεινεν,
3597 3023 3742 3123 οιΑ-δὲ

2171 3116 2526 3198 κατεπάτουν·
2569 3135 2762 3207 φόϐους
2793 3131 3046 3202 ἠπείλει,
3077 3129 3126 3185 οί
3158 3127 3214 3180 δὲ
3259 3121 3585 3191 κατεγέλων.
3643 3116 3754 3170 Ἐν,

2172 3235 2400 3308 φοϐερὸν
2421 3227 2487 3302 ἦν
2520 3231 2674 3301 μόνον
2700 3227 2903 3287 αὐτοῖς,
2931 3223 2991 3276 τὸ
3009 3219 3102 3275 τοῦ
3129 3214 3364 3289 Χριστοῦ
3387 3210 3738 3308 χωρισθῆναι·

2172 3302 2230 3383 έν
2256 3302 2478 3394 ἀγαθὸν,
2511 3322 2573 3375 τὸ
2605 3318 2742 3390 μετὰ
2765 3313 3000 3389 Χριστοῦ
3030 3309 3168 3367 εἶναι
3199 3308 3378 3382 μόνου·
3423 3305 3493 3365 τὰ
3519 3303 3575 3356 δὲ
3607 3302 3745 3394 ἄλλα

2173 3391 2372 3482 πάντα,
2407 3415 2580 3482 γέλως
2622 3412 2716 3466 καὶ
2751 3408 2900 3470 σκιὰ,
2936 3404 3032 3460 καὶ
3076 3401 3311 3474 φλυαρία
3356 3398 3451 3452 καλ⁸
3487 3391 3756 3471 ὀνειρώδη

2175 3510 2557 3582 φαντάσματα.
2603 3505 2700 3557 Διά
2741 3500 2914 3554 ταῦτα
2959 3493 3272 3564 κατατολμᾷ
3301 3484 3757 3582 τῶνάθεάτωνιό,

2174 3575 2363 3672 λόγος,
2394 3575 2506 3652 ⁷καί
2537 3612 2701 3667 φησιν
2742 3587 3140 3660 ὲπαγάλλεσθαι
3175 3586 3361 3672 πᾶσαν
3377 3581 3478 3672 τὴν
3509 3575 3745 3672 ὑπερκό-

2176 3666 2334 3767 σμιον
2364 3666 2701 3760 δύναμιντῷ
2738 3683 2844 3737 τῶν
2885 3677 3133 3751 ἀθλητῶν
3171 3671 3580 3767 κατορθώματι.

2175 3757 2227 3840 6‘
2245 3785 2402 3853 λόγος
2444 3757 2585 3838 κατὰ
2609 3777 2718 3830 τῶν
2748 3773 3068 3844 ἀτολμήτων
3091 3765 3434 3840 θρασύνεται·
3573 3757 3750 3828 τολμᾷ

2175 3851 2477 3944 διηγεῖσθαι
2507 3868 2575 3922 τὰ
2600 3865 2967 3938 ὑπερκόσμια,
3001 3861 3082 3917 ὄτι
3114 3857 3318 3911 τούτων
3351 3851 3582 3944 ἐνταῦθα
3612 3867 3745 3944 κατ-ἶ

2176 3940 2543 4038 ορθουμένων,
2574 3960 2632 4011 ὲν
2676 3961 2746 4031 τῇ
2780 3954 2914 4031 πρὸς
2941 3953 3066 4015 τοὺς
3109 3947 3381 4010 ἐναντίους
3405 3942 3692 4014 συμπλοκῇ
3720 3940 3751 3992 6

2176 4059 2380 4121 δίκαιος
2405 4051 2744 4124 ἀγωνοθέτης
2771 4051 2896 4112 τοὺς
2927 4047 3019 4103 ἐπὶ
3044 4047 3111 4123 τῇ
3141 4044 3266 4116 νίκῃ
3296 4039 3593 4109 στεφάνους
3623 4052 3748 4106 προ-

2178 4150 2402 4212 έτεινεν,
2449 4144 2544 4198 καὶ
2585 4143 2613 4195 6
2658 4138 3093 4211 ἀρχιστράτηγος
3141 4134 3241 4203 τῆς
3274 4131 3423 4194 θείας
3470 4128 3752 4197 δυνάμεως

2178 4241 2248 4295 τά
2300 4238 2547 4310 ἀριστεῖα
2591 4235 2702 4298 τοῖς
2755 4233 3001 4301 νικηταῖς
3063 4221 3494 4297 παρεσκεύαζεν.
3547 4219 3643 4274 καὶ
3689 4217 3753 4277 τὸ

2180 4335 2407 4405 Πνεῦμα
2445 4332 2506 4385 τὸ
2553 4330 2708 4398 ἅγιον
2759 4329 2873 4390 τοῖς
2920 4320 3279 4382 παντοδαποῖς
3336 4312 3603 4382 ἐδεξιοῦτο
3653 4326 3754 4381 χα-

500 4404 1214 4502 νὶοιοτὶὺυενρτωρειτᾶιιαι,
1258 4439 1314 4486 et
1354 4429 1592 4500 Spiritus
1626 4404 1871 4485 sanctus—
1897 4430 2067 4484 variis

2185 4431 2460 4502 ρίσμασιν.
2487 4419 2702 4497 Ἐπειδὴ
2731 4422 2837 4492 γὰρ
2870 4419 2949 4482 είς
2975 4417 3074 4486 τὴν
3106 4411 3312 4486 Τριάδα
3345 4411 3383 4482 η,
3409 4404 3753 4502 πίστις-ώμοη

501 4525 666 4581 donis
700 4540 797 4580 eos
825 4523 1151 4595 excipiebat.
1179 4523 1449 4590 Quoniam
1489 4522 1635 4578 enim
1666 4521 1827 4576 ﬁdem
1859 4522 1913 4577 in
1950 4520 2076 4576 Tri-

503 4617 731 4673 nitatem
777 4615 1194 4687 proﬁtebantur,
1239 4614 1444 4669 idcirco
1471 4613 1646 4684 gratia
1676 4629 1896 4684 quoque
1925 4614 2008 4669 eis
2047 4630 2080 4671 a

504 4706 775 4764 Trinitate
831 4706 1194 4762 referebatur.
1236 4704 1497 4770 Quaenam
1548 4714 1730 4759 autem
1788 4720 1853 4760 ea
1902 4706 2080 4774 gratia

501 4807 661 4859 erat?
691 4800 806 4857 Hoc
849 4802 1027 4871 ipsum
1060 4809 1120 4854 ut
1161 4799 1568 4869 praestantiores
1607 4798 1800 4869 primis
1832 4799 2077 4867 athletis,

503 4895 734 4956 Adamn,
768 4893 1014 4963 inquam,
1044 4901 1099 4948 et
1121 4891 1230 4946 Eva
1259 4893 1789 4948 demonstrarentur.
1825 4891 1906 4945 Illi
1935 4899 2086 4946 stan-

503 4995 615 5043 tem
664 4989 961 5043 humanam
994 4993 1244 5039 naturam
1291 5001 1386 5052 per
1418 4992 1699 5056 peccatum
1744 4983 2085 5053 dejecerunt,

506 5079 565 5134 bi
590 5094 911 5150 oppressam
948 5079 1107 5132 ruina
1139 5078 1481 5148 superiorum
1508 5093 1599 5147 per
1625 5077 1946 5148 patientiam
1974 5093 2090 5132 rur-

507 5185 605 5225 sus
631 5175 948 5224 erexerunt.
1009 5166 1089 5221 llli
1125 5182 1189 5222 ex
1243 5165 1502 5235 paradiso
1558 5166 1615 5222 in
1665 5174 1868 5221 terram
1920 5166 2081 5236 ejecti

507 5271 678 5329 sunt;
705 5263 793 5317 isti
824 5262 951 5316 hinc
979 5261 1046 5315 ad
1082 5260 1400 5328 paradisum
1428 5259 1785 5330 emigrarunt.
1824 5259 1908 5313 Illi
1936 5275 2082 5313 mor-

507 5365 617 5411 tem
653 5354 917 5424 adversus
955 5355 1172 5424 seipsos
1209 5361 1492 5409 armarunt
1533 5355 1719 5426 (arma
1757 5355 1903 5411 enim
1939 5370 2084 5409 mor-

510 5451 605 5510 tis,
638 5447 833 5516 inquit,
865 5457 950 5502 est
993 5454 1340 5518 pcccatum);
1379 5446 1434 5500 hi
1461 5459 1689 5504 mortem
1730 5456 1957 5518 peccato
1988 5463 2083 5501 ar~

514 5545 714 5595 matam
751 5553 850 5595 sua
881 5539 1082 5594 virtute
1116 5545 1280 5608 atque
1311 5537 1630 5597 fortitudine
1667 5540 1960 5597 tolerandis
1997 5539 2082 5595 in-

591 5719 613 5750 ⁸
650 5719 670 5775 1
707 5718 837 5791 Reg.
868 5735 996 5784 uti,
1031 5718 1102 5775 ‘23
1134 5734 1253 5792 sqq.

2182 4495 2408 4589 λογεῖτο,
2424 4517 2514 4572 διὰ
2537 4495 2699 4569 τοῦτο.
2722 4514 2817 4567 καὶ
2837 4512 2871 4582 ὴ
2896 4509 3054 4581 χάρις
3076 4506 3261 4568 αὐτοῖς
3285 4500 3437 4579 παρὰ
3459 4499 3559 4569 τῆς
3576 4495 3754 4589 ῨΤριάξ

2183 4586 2271 4675 δος
2306 4609 2709 4680 ἀντεμετρεῖτο.
2740 4603 2837 4666 Τίς
2867 4601 2926 4657 δὲ
2957 4602 2990 4670 ὴ
3018 4597 3177 4675 χάρις
3207 4591 3311 4667 ἦν;
3338 4591 3480 4645 Αὐτὸ
3504 4586 3756 4680 τοῦτο-τὸ

2188 4676 2556 4774 ὑψηλοτέρους
2602 4692 2971 4768 ἐπιδειχθῆναι
3010 4686 3120 4742 τῶν
3153 4682 3383 4757 πρώτων
3416 4676 3754 4774 ἀγωνιστῶν,

2187 4768 2295 4849 τοῦ⁷
2321 4768 2487 4863 Ἀδάμ
2512 4790 2674 4859 λέγω,
2700 4785 2792 4847 καὶ
2818 4788 2916 4860 τῆς
2937 4781 3099 4844 Εὔας.
3138 4779 3363 4832 Ἐκεῖνοι
3394 4771 3636 4826 ἑστῶσαν
3658 4768 3757 4844 τὴν

2183 4884 2530 4956 ἀνθρωπίνην
2579 4880 2738 4951 φύσιν
2781 4877 2870 4931 διὰ
2917 4875 3015 4944 τῆς
3066 4869 3338 4942 ἁμαρτίας
3390 4865 3752 4956 κατήνεγκαν·

2182 4952 2328 5032 οῦτοι
2358 4952 2617 5045 κειμένην
2650 4972 2705 5025 ἐν
2742 4967 2815 5039 τῷ
2848 4966 3100 5036 πτώματι
3126 4961 3236 5014 τῶν
3270 4955 3646 5031 προλαϐόντων
3671 4952 3759 5006 διὰ

2184 5072 2282 5142 τῆς
2309 5043 2586 5137 ὑπομονῆς
2613 5061 2772 5116 πάλιν
2799 5057 3148 5127 ἀνώρθωσαν.
3187 5052 3416 5142 Ἐκεῖνοι
3445 5043 3622 5142 ἐκ-τ-οῦ
3653 5061 3758 5142 παῖ-

2188 5135 2436 5234 ραδείσου
2462 5155 2554 5210 ἐπὶ
2583 5153 2680 5225 τὴν
2704 5151 2808 5220 γῆν
2834 5145 3186 5216 ἀπώσθησαν·
3216 5136 3358 5196 οῦτοι
3389 5136 3638 5194 ἐντεῦθεν
3666 5135 3757 5234 ἐπὶ

2186 5228 2279 5308 τὸν
2323 5250 2646 5322 παράδεισον
2689 5240 3091 5314 ἀνῳκίσθησαν·
3137 5238 3335 5290 ἐκεῖνοι
3383 5232 3504 5286 καθ’
3551 5228 3757 5289 ἑαυτῶν

2187 5347 2279 5402 τὸν
2304 5345 2531 5398 θάνατον
2560 5339 2803 5393 ὥπλισαν
2832 5333 3014 5404 (ὅπλον
3039 5330 3148 5402 γὰρ
3171 5328 3402 5383 θανάτου
3434 5326 3467 5396 ἡ
3495 5321 3756 5394 ἁμαρτία,

2189 5438 2394 5510 φησίν)·
2413 5429 2557 5490 οὗτοι
2587 5426 3031 5497 καθωπλισμένον
3057 5427 3123 5496 τῇ
3151 5421 3396 5493 ἁμαρτίᾳ
3419 5417 3506 5471 τὸν
3533 5415 3760 5510 θάνατον

2189 5505 2277 5592 διά
2300 5505 2400 5602 τῆς
2433 5527 2638 5584 ἑαυτῶν
2667 5521 2914 5596 ἀνδρείας
2937 5518 3263 5590 ὴχρείωσαν,
3288 5515 3355 5588 τῇ
3384 5510 3627 5582 ὑπομονῇ
3651 5505 3761 5567 τῶν
