4132 6356
441 315 546 375 735

1529 308 1595 365 IN
1652 304 2155 377 QUADRAGINTA
2199 304 2598 361 MARTYRES.

3597 289 3698 341 760

438 434 779 506 παθημάτων
806 433 900 487 τού
936 433 1163 504 κέντρου
1196 431 1294 503 τὴν
1323 430 1507 501 ἀκμὴν
1536 428 2006 500 ἀπαμϐλύναντες’
2038 462 2047 484 λ

2149 424 2434 490 omnimodis,
2498 421 2705 477 stimuli
2769 418 2941 474 aciem
2997 412 3388 473 obtundentes,
3441 405 3697 461 frustrati

436 528 576 583 ὥστε
604 528 777 580 εἰπεῖν
806 524 1006 588 καλῶς,
1035 523 1157 577 Ποῦ
1186 536 1324 587 σου,
1357 522 1592 587 θάνατε,
1626 522 1692 574 τὸ
1724 521 2017 585 κέντρον;

438 616 565 673 Ποῦ
590 632 729 682 σου,
754 616 890 684 ᾷόη,
919 614 986 669 τὸ
1008 613 1212 679 νῖκοςς
1242 613 1472 685 Καρποῦ
1494 611 1652 679 ξύλου
1679 610 1731 663 τί
1764 608 2019 663 ἀθλιώτε-

2114 523 2246 569 ειιηι
2294 524 2458 586 atque
2502 514 2823 584 fregerunt:
2877 508 3013 563 adeo
3045 516 3103 560 ut
3145 512 3293 559 recte
3333 499 3441 557 dici
3486 495 3699 569 possit,

2117 604 2221 660 Ubi
2248 616 2345 670 est,
2388 623 2552 684 mors,
2592 604 2815 659 victoria
2851 606 2986 657 tua?
3022 598 3121 653 Ubi
3150 594 3398 653 stimulus
3439 601 3582 653 tuus,
3612 589 3700 641 in-

441 724 564 779 ρον,
616 707 681 762 Τί
717 678 1103 775 ἐύτελέστερον
1142 678 1298 772 ξύλου
1322 678 1349 764 ξ.
1378 702 1605 776 Καρπὺς
1655 700 1878 772 εύχροίᾳ
1913 698 2023 752 τινὶ

2149 698 2342 751 erne’?
2377 678 2584 751 Fructu
2628 696 2759 767 ligni
2814 693 2946 765 quid
2997 690 3300 746 miserius?
3342 686 3515 756 Ligno
3567 678 3701 751 quid

440 771 559 853 καὶ*
597 800 757 871 ἡδονῇ
805 771 1045 867 γεύσεως
1094 771 1605 867 ὲπικεχρωσμένος,
1652 771 2021 863 ἀτιμασθῆναι

2155 788 2324 843 ilius?
2358 788 2593 843 Fructus
2635 788 2838 842 coloris
2874 784 3109 857 quadam
3156 782 3401 837 bonitate
3431 785 3487 832 et
3515 771 3703 829 suavi-

436 888 532 944 τοῦ
567 889 892 962 παραδείσου
930 889 1029 958 τὴν
1059 889 1219 959 χάριν
1265 886 1540 956 ἐποίησεν.

2118 888 2233 935 tate
2285 881 2500 952 saporis
2554 880 3005 944 commendatus,
3063 874 3244 932 ell‘ecit
3291 881 3352 927 ut
3411 867 3707 924 arnmnitas

440 992 605 1053 atque
657 980 1020 1037 commoditas
1065 980 1309 1050 paradisi
1370 976 1684 1049 parviﬁeret
1730 982 1785 1031 et
1829 972 2220 1045 negligeretur.
3709 990 3728 1027 ψ

510 1164 634 1227 Τοῖς
664 1163 722 1217 δὲ
755 1165 1012 1235 μεγάλοις
1055 1163 1263 1227 τούτοις
1314 1163 1642 1232 ἀγωνισταῖς
1689 1157 1809 1213 οὐδὲ
1865 1154 2028 1219 αὐτὸς

438 1257 468 1309 6
497 1256 646 1326 ἥλιος
684 1256 857 1328 ἐφάνη
913 1256 1147 1326 γλυκύς’
1203 1254 1337 1309 ἀλλὰ
1388 1253 1483 1308 καὶ
1528 1251 1719 1307 τούτου
1761 1249 2025 1312 ἑκουσίως

442 1347 836 1419 ἡλλοτριοῦντο,
871 1349 959 1402 ἵνα
1001 1348 1076 1419 μὴ
1111 1346 1205 1402 τοῦ
1250 1344 1503 1416 ἀληθινοῦ
1536 1343 1710 1414 φωτὸς
1741 1341 2028 1396 ἀποπέσω-

2205 1158 2273 1212 At
2299 1158 2513 1230 magnis
2555 1156 2677 1214 istis
2704 1150 3071 1211 certatoribus
3110 1162 3175 1202 ne
3220 1159 3303 1201 sor
3336 1139 3554 1212 quidem
3588 1138 3706 1206 ipse

2131 1252 2307 1307 dulcis
2334 1228 2486 1308 visus
2514 1262 2633 1315 εει,
2665 1248 2759 1307 sed
2794 1247 2865 1303 ab
2915 1246 3018 1299 hoc
3048 1242 3212 1298 etiam
3245 1242 3440 1307 sponte
3483 1244 3583 1284 sua
3610 1228 3705 1282 ab-

2133 1344 2353 1399 alienati
2376 1353 2524 1405 sunt,
2556 1359 2623 1398 ne
2660 1356 2792 1396 vero
2815 1337 3020 1392 lumine
3049 1333 3367 1389 exciderent
3400 1333 3566 1394 atque
3593 1320 3707 1391 pri-

442 1413 525 1495 σι.
582 1413 647 1493 Τί
689 1440 836 1509 λέγει
880 1413 1013 1512 περί
1050 1413 1147 1511 τῆς
1211 1413 1353 1525 Εὔας
1398 1442 1426 1493 6
1472 1413 1628 1507 λόγος
1690 1435 2025 1507 (προάγομαι

2149 1443 2410 1489 rarentur.
2463 1432 2603 1500 Quid
2646 1431 2780 1485 dicit
2830 1427 3115 1497 Scriptura
3150 1422 3218 1477 de
3256 1418 3368 1473 Eva
3403 1413 3708 1486 (provehor

441 1536 552 1603 γὰρ
582 1532 676 1585 καὶ
713 1532 857 1602 πέρα
893 1532 985 1585 τοῦ
1029 1532 1240 1596 δέοντος
1286 1532 1654 1603 καταδραμεῖν
1685 1527 1792 1581 τῶν
1820 1543 2028 1597 πρωτο-

442 1624 661 1692 γόνων);
695 1622 892 1689 Εἷδεν,
924 1626 1108 1695 φησὶν,
1138 1624 1228 1677 ὅτι
1255 1622 1514 1691 ἀρεστὸν
1544 1621 1668 1687 τοῖς
1702 1618 2028 1690 ὀφθαλμοῖς

446 1714 548 1768 καὶ
572 1715 789 1783 ὡραῖον
808 1717 896 1782 εὶς
928 1715 1159 1785 γεῦσιν.
1202 1711 1335 1769 Εἶτα
1376 1713 1474 1785 τὴν
1520 1715 1577 1766 ἐν
1622 1711 1831 1775 τούτοις
1870 1710 2031 1782 χάριν

2128 1524 2273 1580 enim
2321 1525 2535 1594 longius
2564 1523 2728 1578 etiam
2760 1532 2924 1589 quam
2971 1531 3060 1571 res
3089 1511 3332 1584 postulat
3380 1517 3709 1578 percurrere

2132 1613 2272 1669 facta
2324 1591 2624 1683 primorum
2679 1605 3040 1680 parentum)?
3097 1601 3263 1664 Vidit,
3317 1596 3518 1667 inquit,
3567 1591 3706 1664 quod

2132 1717 2265 1762 esset
2299 1716 2507 1774 gratum
2538 1704 2728 1768 oculis,
2759 1710 2809 1756 et
2830 1712 3098 1753 maturum
3128 1694 3195 1747 ad
3235 1702 3448 1763 gustum
3474 1688 3553 1754 '°;
3613 1685 3709 1740 de-

448 1807 572 1861 ἀντὶ
598 1777 691 1860 τοῦ
720 1777 1047 1878 παραδείσου
1068 1807 1383 1879 ἠλλάξαντο.
1411 1777 1631 1868 ’έούτοις
1656 1805 1711 1859 δὲ
1742 1805 1849 1877 ἄρα
1871 1777 2032 1857 κατα-

2154 1797 2258 1852 nde
2285 1797 2515 1851 istorum
2548 1794 2778 1866 gratiam
2825 1798 2880 1845 et
2912 1788 3225 1843 illecebram
3275 1796 3400 1838 cum
3453 1777 3709 1849 paradiso

2452 1886 2484 1895 μ
2592 1885 2640 1895 ,Α
2699 1883 2748 1895 ..
3008 1880 3019 1895 .
3113 1874 3381 1895 ημηηε,
3430 1871 3709 1895 ..μη-,ΜΛ

448 1899 686 1966 γεύσεως
719 1897 910 1969 ἡδονὴν
934 1897 1001 1951 τὰ
1042 1898 1292 1970 ὁρώμενα
1326 1895 1392 1970 ἦν
1412 1915 1425 1928 ·
1461 1896 1705 1969 οὐρανὸς,
1738 1894 1909 1966 ἥλιος,
1938 1895 2029 1966 γῆ,

447 1986 753 2059 ἄνθρωποιο
790 1989 1007 2061 πατρὶς,
1051 1988 1309 2060 μητέρες,
1353 1989 1588 2058 ἀδελφοὶ,
1638 1987 1801 2058 φίλοι,
1839 2002 2036 2054 συγγε-

448 2082 579 2145 νεῖς,
612 2081 914 2151 ἡλικιῶταιο
956 2076 1031 2137 ὧν
1075 2083 1127 2136 τί
1172 2082 1271 2154 μὲν
1321 2081 1552 2153 ὀφθῆναι
1583 2080 1949 2150 γλυκύτερον;
1981 2079 2035 2133 τί

449 2172 508 2225 δὲ
541 2173 622 2236 είς
662 2172 851 2242 γεῦσιν
893 2173 1067 2228 ἐλθεῖν
1110 2173 1469 2244 τιμιώτερον;
1498 2173 1711 2238 Οἴδατε,
1746 2173 1793 2225 oi
1827 2172 2033 2235 παῖδες,

454 2265 556 2335 τὴν
581 2266 662 2328 είς
689 2267 814 2329 τοὺς
833 2266 1025 2334 γονέας
1052 2267 1304 2336 στοργήν.
1324 2266 1537 2327 Οἴδατε,
1567 2267 1616 2318 οί
1645 2265 1901 2334 πατέρες,
1937 2262 2037 2334 τὴν

452 2356 587 2428 πρὸς
624 2356 691 2409 τὰ
727 2358 891 2410 τέκνα
923 2358 1185 2413 διάθεσιν.
1219 2354 1400 2424 Οἶδας,
1430 2359 1458 2410 ό
1490 2357 1701 2427 βλέπων
1729 2356 1789 2408 τὸ
1818 2357 1874 2408 ὲν
1904 2353 2038 2425 ἡλίῳ

450 2446 655 2515 γλυκύν
689 2448 789 2500 οὐκ
809 2448 1041 2516 ἀγνοεῖς,
1076 2450 1104 2505 6
1142 2446 1483 2518 φιλάδελφος,
1517 2444 1614 2517 τὴν
1644 2442 1877 2514 φυσικὴν
1903 2441 2039 2512 πρὸς

449 2541 551 2611 τὴν
596 2541 931 2611 ἀδελφότητα
984 2542 1194 2612 σχέσινο
1239 2540 1547 2606 ἐπίστασαι,
1575 2540 1603 2592 6
1637 2537 1776 2601 νέος,
1839 2536 1938 2607 τὴν
1975 2535 2041 2589 ἐκ

451 2632 562 2686 τῶν
599 2634 904 2703 ἡλικιωτῶν
947 2634 1127 2705 χάριν,
1157 2634 1281 2686 ὅσον
1325 2650 1405 2687 σοι
1443 2633 1534 2687 τὸν
1582 2630 1695 2701 βίον
1736 2628 2039 2701 ἡδύνουσιν.

466 2723 604 2781 Ἀλλ’
634 2725 865 2789 ἐκείνοις
893 2725 1071 2779 πάντα
1115 2723 1306 2796 ἐχθρὰ,
1335 2724 1513 2779 πάντα
1544 2722 1797 2792 ἀλλότρια
1823 2717 1911 2791 ἧν.
1944 2719 2042 2771 Ἐν

458 2812 618 2882 μόνον
648 2813 872 2881 ἀγαθὸν,
904 2815 932 2867 6
964 2812 1213 2885 Χριστός.
1239 2816 1422 2869 Πάντα
1452 2814 1775 2884 ἠρνήσαντο,
1802 2812 1888 2864 ἵνα
1916 2808 2041 2862 τοῦ-

456 2921 547 2959 τον
579 2905 932 2977 κερδήσωσιν.
974 2905 1178 2977 Χρόνος
1206 2902 1274 2977 ἦν
1304 2906 1410 2959 τῶν
1439 2904 1651 2975 δεσμῶν
1698 2904 1799 2957 οὐκ
1843 2903 2039 2970 ὀλίγος,

457 2997 690 3061 καὶτοῖς
723 2998 895 3067 ἁγίοις
930 3000 995 3069 τῇ
1037 2999 1339 3071 παρατάσει
1384 2999 1482 3069 τῆς
1528 2996 1796 3067 τιμωρίας
1825 2998 1858 3066 ἡ
1906 2995 2041 3065 πρὸς

456 3090 556 3159 τὴν
592 3090 867 3145 τελείωσιν
914 3091 1179 3160 ἐπιθυμία
1229 3092 1592 3162 συνήκμαξεν.
1628 3090 1738 3143 Καὶ
1777 3088 1963 3158 ῶσπερ
1992 3087 2044 3141 oi

2136 1886 2511 1942 commutavit.
2579 1885 2648 1938 At
2699 1883 2784 1939 his
2845 1897 2945 1952 pro
2989 1874 3385 1949 degustationis
3430 1871 3712 1939 voluptate

2134 1985 2293 2034 erant
2315 1992 2379 2033 ea
2402 1993 2523 2047 qua:
2552 1976 2656 2032 sub
2681 1976 2857 2029 visum
2886 1973 3110 2033 eadunt,
3144 1967 3367 2026 coelum.
3401 1961 3512 2025 sol,
3540 1969 3709 2023 terra,

2135 2069 2407 2135 homines,
2462 2069 2660 2138 patria,
2714 2074 2912 2129 mater,
2964 2062 3185 2124 fratres,
3224 2056 3410 2120 amici,
3469 2050 3709 2123 cognati,

2136 2163 2398 2233 aequales,
2433 2162 2632 2231 quibus
2667 2160 2830 2214 rebus
2876 2157 3006 2227 quid
3040 2156 3159 2210 visu
3193 2151 3416 2223 quidem
3450 2144 3713 2203 dulcius?

2138 2254 2278 2321 Quid
2306 2268 2433 2310 vero
2468 2253 2644 2323 magis
2676 2248 3065 2319 expetendum,
3102 2259 3265 2315 quam
3303 2240 3369 2295 ad
3404 2250 3623 2310 gustum
3656 2246 3714 2291 et

2138 2348 2379 2403 fructum
2409 2334 2640 2401 istarum
2693 2359 2874 2398 rerum
2919 2338 3246 2412 pervenire?
3293 2333 3498 2399 Nostis,
3530 2330 3711 2392 liberi.

2140 2452 2381 2492 amorem
2439 2436 2706 2490 adversus
2762 2439 3057 2503 parentes;
3108 2426 3310 2488 ηοειίε,
3342 2430 3548 2494 patres,
3584 2433 3714 2488 erga

2140 2531 2285 2585 ﬁlios
2323 2529 2662 2584 aﬂ‘ectionem
2694 2525 2901 2593 ;nosti,
2941 2523 3033 2593 qui
3066 2519 3302 2575 intueris
3339 2515 3500 2571 dulce
3528 2513 3713 2566 lumen

2143 2623 2309 2686 solis;
2336 2636 2445 2675 non
2478 2620 2724 2690 ignoras,
2750 2616 2842 2686 qui
2880 2616 3110 2668 fratrum
3142 2609 3425 2665 studiosus
3453 2621 3536 2669 es,
3566 2610 3720 2657 natu-

2141 2716 2315 2769 ralem
2341 2727 2469 2783 erga
2491 2710 2789 2765 fraternam
2820 2703 3302 2765 necessitudinem,
3336 2697 3715 2759 all‘ectionem;

2145 2808 2276 2870 scis,
2296 2804 2539 2875 juvenis,
2556 2816 2719 2873 quam
2742 2806 2896 2871 grata
2926 2806 3090 2867 atque
3114 2792 3356 2864 jucunda
3380 2787 3720 2845 consuetudo

2144 2898 2434 2967 :Pqualium
2489 2896 2581 2958 sit,
2629 2899 2969 2963 quantopere
3022 2888 3189 2941 vitam
3239 2896 3385 2939 tuam
3426 2882 3718 2936 delectent.

2144 2994 2215 3045 At
2252 2990 2361 3044 illis
2392 2988 2573 3042 omnia
2608 2986 2853 3045 inimica,
2886 2982 3070 3038 omnia
3112 2979 3290 3033 aliena
3325 2985 3502 3032 erant.
3540 2972 3719 3027 Unum

2148 3083 2254 3138 illis
2279 3083 2479 3135 bonum
2499 3078 2802 3142 videbatur,
2824 3075 3109 3140 Christus;
3142 3069 3323 3125 omnia
3339 3066 3723 3137 repudiarunt,

457 3184 559 3255 τὴν
598 3184 911 3256 σωματικὴν
957 3183 1170 3249 εὐεξίαν
1217 3183 1568 3254 μελετῶντες,
1601 3181 1818 3236 ἐπειδὰν
1856 3180 2044 3251 ἱκανὴν

2149 3187 2208 3230 ιιι
2269 3177 2417 3229 hunc
2466 3173 2871 3228 lucrifacerent.
2911 3167 3153 3236 Tempus
3204 3170 3322 3218 erat
3374 3159 3723 3214 vinculorum

459 3276 520 3328 tv
566 3274 909 3347 παιδοτρίϐου
954 3274 1052 3345 τὴν
1104 3274 1329 3345 δύναμιν
1368 3274 1696 3344 κτήσωνται,
1730 3270 1871 3327 οὕτω
1910 3270 2045 3343 θαρ-

464 3364 685 3440 ροὖντες
711 3365 805 3420 ὲπὶ
848 3366 972 3428 τοὺς
1014 3364 1230 3430 ἀγῶνας
1271 3364 1567 3437 χωροῦσιν·
1608 3364 1699 3418 τὸν
1728 3362 2046 3434 αὐτὸντρό-

463 3475 565 3515 πον
595 3458 689 3511 καὶ
720 3452 864 3513 οὗτοι
892 3457 978 3513 διὰ
1017 3458 1125 3512 τῶν
1155 3456 1371 3527 δεσμῶν
1405 3455 1497 3509 καὶ
1522 3457 1617 3527 τῆς
1648 3454 1893 3524 φυλακῆς
1927 3456 2046 3508 ίκα-

462 3548 569 3612 νῶς
596 3549 1101 3621 παιδοτριϐηθέντες
1133 3549 1267 3620 πρὸς
1291 3549 1387 3621 τὴν
1425 3548 1722 3614 εὐσέϐειαν,
1754 3549 1925 3611 οὕτως
1956 3547 2049 3601 ἐπὶ

463 3640 556 3695 τὸν
605 3640 863 3707 στέφανον
919 3640 1029 3695 τῶν
1083 3641 1309 3710 ἀγώνων
1356 3642 1724 3713 προήχθησαν.
1760 3636 1961 3694 Ἦλθεν
2016 3642 2048 3709 ἡ

465 3733 756 3788 ἀκολουθία
799 3732 893 3787 τοῦ
948 3734 1106 3803 λόγου
1148 3735 1241 3787 ἐπὶ
1287 3733 1384 3805 τὴν
1437 3734 1711 3805 τελευτὴν,
1751 3733 1947 3802 μᾶλλον
1995 3732 2050 3787 δὲ

465 3825 559 3880 ἐπὶ
585 3825 682 3896 τὴν
716 3826 957 3898 κορυφὴν
985 3826 1107 3880 ὅλου
1135 3826 1229 3880 τοῦ
1268 3824 1705 3897 κατορθώματος.
1733 3818 1902 3888 Οὗτος
1928 3820 1996 3895 ἦν
2023 3827 2052 3878 ὀ

466 3918 682 3990 καιρός·
736 3914 893 3973 αὗται
940 3918 1035 3973 τοῦ
1075 3919 1283 3987 ἀγῶνος
1321 3921 1376 3971 αἱ
1413 3919 1648 3989 ἡμέραι·
1689 3917 1844 3971 τοῦτο
1877 3919 1937 3972 τὸ
1962 3917 2050 3970 τοῦ

468 4011 662 4081 Πάσχα
690 4011 993 4081 προοίμιον,
1022 4011 1083 4065 τὸ
1110 4012 1211 4081 τῆς
1242 4011 1400 4079 ἁγίας
1433 4010 1924 4083 τεσσαρακοντάδος
1950 4028 2053 4080 μυ-

471 4105 706 4173 στήριον.
761 4104 1176 4174 Τεσσαράκοντα
1210 4103 1500 4173 ὲξιλασμοῦ
1547 4104 1676 4173 ἡμῖν
1725 4103 1781 4155 αί
1826 4102 2053 4174 ἡμέραι.

475 4194 652 4264 ίσάριθ
661 4212 748 4262 μοι
774 4196 994 4249 καὶτῶν
1017 4197 1185 4264 ἁγίων
1210 4197 1258 4248 oi
1286 4195 1556 4265 στέφανοι.
1580 4190 1659 4248 Ἦ
1682 4212 1783 4247 που
1806 4196 2057 4265 περιττὸς

475 4286 604 4355 ὑμῖν
630 4282 767 4344 εἶναι
792 4287 933 4340 δοκῶ
971 4289 1063 4341 καὶ
1093 4288 1397 4357 ἀδόλεσχος,
1429 4286 1497 4339 τὰ
1530 4286 1767 4358 ὑμέτερα
1807 4286 2058 4358 θαύματα

473 4377 534 4430 ὲν
563 4377 689 4448 ὑμῖν
717 4378 1087 4448 διηγούμενος,
1135 4380 1228 4433 καὶ
1263 4381 1374 4443 τοῖς
1432 4378 1715 4449 ὑμετέροις
1752 4378 1851 4448 τὴν
1889 4378 2058 4447 ἀκοὴν

473 4468 843 4538 δεξιούμενοςς
870 4469 1016 4541 Πλὴν
1044 4471 1119 4535 ὼς
1150 4474 1215 4525 ἂν
1245 4473 1319 4544 μὴ
1364 4472 1575 4535 ἀτελεῖς
1604 4472 1747 4543 ὑμᾶς
1782 4471 2055 4543 παραδρά-

2152 3269 2294 3324 haud
2326 3268 2607 3337 exiguum,
2647 3275 2701 3321 et
2728 3278 2839 3334 quo
2869 3260 3073 3315 diutius
3104 3255 3431 3327 supplicium
3466 3265 3729 3323 proroga-

2152 3363 2334 3420 batur,
2365 3374 2430 3414 eo
2456 3357 2633 3413 sancti
2670 3353 3047 3409 vehementius
3079 3357 3134 3403 et
3158 3346 3440 3402 ardentius
3466 3356 3729 3398 consum-

2154 3453 2448 3507 mationem
2497 3446 2903 3503 desiderabant.
2934 3443 3013 3497 Ac
3040 3434 3500 3511 quemadmodum
3527 3432 3603 3486 illi
3633 3429 3730 3500 qui

2153 3545 2403 3616 corporis
2450 3542 2649 3596 bonam
2698 3535 3073 3591 habitudinem
3115 3535 3329 3592 curant,
3369 3532 3730 3596 posteaquam

2155 3638 2298 3708 apud
2347 3634 2700 3706 patdotribam
2734 3629 2867 3685 satis
2908 3626 3107 3681 virium
3145 3620 3578 3689 acquisiverunt,
3615 3622 3730 3668 tum

2156 3732 2374 3787 demum
2417 3727 2676 3783 audacter
2705 3723 2772 3778 ad
2815 3720 3115 3776 certamina
3155 3713 3499 3786 procedunt:
3537 3707 3729 3764 eodem

2159 3823 2324 3879 modo
2350 3820 2517 3876 etiam
2548 3818 2603 3871 bi
2635 3813 2870 3870 vinculis
2896 3820 2951 3868 et
2967 3824 3192 3864 carcere
3218 3808 3352 3863 satis
3374 3805 3440 3858 ad
3474 3802 3731 3872 pietatem

2159 3913 2463 3976 exercitati,
2497 3911 2570 3965 ita
2598 3908 2817 3962 tandem
2843 3904 2909 3958 ad
2935 3915 3192 3957 coronam
3220 3895 3584 3952 certaminum
3610 3905 3729 3961 pro-

2160 4005 2310 4062 ducti
2342 4011 2491 4059 sunt.
2529 3999 2782 4055 Pervenit
2810 3996 2874 4050 ad
2902 3995 3129 4055 exitum,
3163 3991 3273 4043 imo
3306 4002 3438 4042 vero
3468 3985 3533 4039 ad
3568 3982 3736 4037 verti-

2161 4112 2277 4152 cem
2337 4094 2505 4148 totius
2555 4091 2632 4145 rei
2681 4090 2820 4143 bene
2854 4094 3020 4157 gestae
3066 4078 3408 4137 continuatio
3446 4074 3732 4131 orationis.

2164 4187 2277 4241 lloc
2312 4191 2428 4240 erat
2462 4190 2713 4251 tempus:
2749 4178 2802 4231 bi
2831 4174 3151 4230 certaminis
3176 4171 3331 4226 dies:
3367 4169 3471 4223 hoc
3512 4166 3737 4222 Paschae

2164 4278 2515 4350 prommium,
2596 4279 2802 4326 sanctae
2879 4264 3313 4337 quadragesimae
3392 4258 3735 4330 mysterium,

2165 4346 2537 4437 Quadraginta
2584 4358 2911 4433 placationis
2962 4356 3125 4409 nobis
3154 4360 3283 4408 sunt
3328 4350 3465 4411 dies,
3511 4346 3737 4401 totidem

2166 4462 2330 4516 etiam
2390 4462 2705 4511 sanctorum
2759 4461 2979 4502 corona:
3057 4438 3314 4511 Nunquid
3364 4448 3738 4505 supervacuus

480 4576 570 4629 μοι
602 4560 631 4613 6
657 4529 840 4627 λόγος,⁷
864 4529 999 4631 πρὸς
1026 4529 1438 4630 τὸνπέραςΙτῶν
1479 4529 1703 4628 ἀγώνων
1728 4529 2047 4627 ⁷τοῖςιάγίοις

2167 4551 2318 4606 vobis
2347 4556 2400 4603 et
2440 4551 2673 4615 nugator
2714 4556 2837 4596 esse
2863 4537 3075 4599 videor,
3109 4534 3205 4604 qui
3234 4539 3418 4588 vestra
3470 4529 3615 4585 inter
3641 4541 3739 4581 vos

436 4702 441 4705 _
478 4652 573 4706 καὶ
601 4654 762 4723 ἡμεῖς
795 4652 1265 4723 συνδραμούμεθα.
1295 4652 1517 4724 Κρυμὸς
1546 4647 1613 4724 ἦν
1642 4653 1779 4706 κατὰ
1804 4651 1900 4723 τὴν
1932 4650 2067 4721 ἡμέ-

481 4759 581 4816 ραν
615 4743 848 4814 ὲκείνην.
891 4743 1115 4807 Πάντως
1155 4744 1212 4798 δὲ
1243 4745 1396 4798 οὐδὲν
1442 4744 1523 4797 δεῖ
1568 4744 1756 4815 μαθεῖν
1781 4745 1923 4812 ὑμᾶς
1957 4737 2066 4807 οἷος

479 4836 509 4886 6
543 4834 771 4906 κρυμὸς,
805 4836 868 4889 ὲκ
910 4834 1008 4905 τῆς
1038 4835 1319 4907 παρούσης
1366 4836 1577 4907 ἡμέρας
1623 4834 2063 4907 στοχαζομένους,

483 4926 692 4997 κρυμὸς
717 4926 808 4979 καὶ
833 4926 1012 4984 αὐτῶν
1038 4926 1144 4986 τῶν
1176 4927 1377 4998 τριχῶν
1404 4928 1767 4999 διαδυόμενος.
1799 4930 1941 4983 Ἱστε
1967 4927 2067 4998 τὴν

483 5017 808 5089 ὑπερϐολὴν,
836 5017 888 5070 οἵ
916 5034 975 5069 τε
1010 5016 1267 5089 ἐπήλυδες
1298 5018 1405 5071 τῶν
1449 5019 1625 5072 τόπων
1672 5020 1762 5072 καὶ
1811 5021 1859 5072 oi
1909 5018 2067 5072 a616-

481 5109 689 5180 χθονες,
711 5109 804 5163 καὶ
825 5109 978 5163 οὐδὲν
998 5108 1173 5162 δεῖσθε
1203 5109 1343 5179 λόγῳ
1364 5109 1577 5180 μαθεῖν·
1597 5110 1731 5164 ἀλλά
1759 5110 1859 5164 κᾶν
1885 5111 2069 5180 ἔτερος

483 5200 625 5252 εἴποι
672 5200 772 5268 τὴν
818 5197 1248 5269 θαυματοποιίαν
1292 5198 1398 5250 τῶν
1432 5200 1709 5270 ὑμετέρων
1750 5200 2065 5271 χειμώνων·

484 5289 633 5352 ὅπως
669 5290 903 5360 ποταμοὶ
948 5290 1044 5361 μὲν
1087 5290 1288 5343 ἀένναα.
1351 5289 1563 5359 ῥέοντες
1614 5290 1876 5356 ἵστανται,
1924 5293 2071 5345 ἀντι-

490 5382 778 5453 ϐαινούσης
808 5382 887 5452 τῷ
923 5382 1121 5455 ῥείθρῳ
1149 5382 1250 5451 τῆς
1279 5382 1512 5445 πήξεως,
1549 5381 1642 5435 καὶ
1669 5382 2073 5436 ἀπολιθοποιού-

492 5492 591 5543 σης
643 5474 711 5527 τὰ
753 5475 1000 5546 κύματα⁹
1033 5476 1067 5546 ἡ
1100 5474 1156 5527 δὲ
1189 5472 1383 5542 γείτων
1423 5472 1588 5542 λίμνη
1636 5474 1874 5543 σημείων
1911 5473 2069 5529 τινῶν

490 5566 626 5636 πρὸς
646 5566 705 5619 τὸ
728 5566 1125 5635 ἐπιγνωσθῆναι
1149 5565 1309 5635 λίμνη
1335 5559 1467 5617 οὖσα
1493 5565 1829 5635 προσδέεται,
1858 5584 2065 5638 χερσω-

567 5748 587 5781 ⁹
624 5747 792 5804 lCor.
822 5762 909 5810 xv,
939 5745 1023 5801 55.
1105 5745 1147 5777 ¹⁰
1208 5744 1347 5799 Gen.
1388 5759 1469 5810 ιιι,
1505 5744 1557 5801 6.

2164 4641 2423 4698 miracula
2454 4649 2746 4706 exponam,
2781 4630 3093 4698 vestrisque
3138 4624 3299 4680 bonis
3332 4635 3494 4675 aures
3529 4625 3738 4673 vestras

2162 4729 2540 4790 demulceam?
2587 4724 2975 4780 Verumtamen
3010 4734 3076 4773 ne
3108 4712 3425 4785 imperfecta
3458 4724 3555 4764 vos
3604 4722 3727 4777 pra:-

2165 4823 2479 4881 tervehatur
2514 4818 2712 4878 oratio,
2757 4815 2823 4868 ad
2854 4812 3013 4866 linem
3046 4805 3414 4880 certaminum
3441 4815 3566 4856 cum
3611 4814 3739 4853 san-

2163 4919 2267 4972 ctis
2294 4915 2457 4972 etiam
2486 4926 2586 4965 nos
2609 4923 2714 4964 una
2740 4916 3047 4960 curremus.
3070 4898 3265 4968 Frigus
3288 4902 3405 4950 erat
3430 4893 3485 4946 in
3513 4892 3605 4945 illo
3632 4889 3741 4943 die.

2167 5009 2399 5065 Prorsus
2449 5014 2630 5060 autem
2682 5000 2815 5055 nihil
2863 5011 3002 5066 opus
3054 5001 3138 5047 est
3177 5006 3275 5045 vos
3324 4986 3531 5048 doceri,
3584 4983 3742 5054 quale

2168 5101 2340 5171 frigus
2370 5104 2539 5158 esset,
2569 5107 2692 5150 cum
2722 5105 2785 5145 ex
2831 5084 3090 5157 praesenti
3121 5081 3211 5135 die
3245 5078 3618 5147 conjecturam
3668 5072 3742 5127 {a-

2167 5166 2292 5252 cere
2322 5191 2567 5265 possitis,
2601 5188 2772 5257 frigus
2806 5180 2953 5253 quod
2991 5178 3075 5234 vel
3105 5178 3258 5246 ipsos
3300 5174 3440 5243 pilos
3474 5166 3744 5241 pervadit.

2166 5258 2351 5344 Nostis
2378 5284 2601 5341 nimiam
2638 5276 3002 5334 intensionem
3040 5280 3095 5326 et
3130 5267 3481 5339 asperitatem
3508 5270 3619 5315 tam
3652 5258 3742 5313 ad-

2169 5396 2319 5437 venae
2349 5380 2617 5436 locorum,
2654 5384 2820 5441 quam
2865 5366 3170 5436 indigenae:
3201 5374 3265 5412 ac
3311 5356 3447 5411 nihil
3475 5370 3616 5425 opus
3650 5352 3743 5405 ba.

2170 5475 2308 5530 betis
2347 5469 2594 5526 oratione
2620 5462 2826 5525 doceri,
2860 5458 2954 5514 sed
2983 5456 3067 5510 vel
3093 5452 3274 5524 quivis
3302 5450 3445 5504 alius
3471 5458 3745 5515 exponere

2167 5568 2361 5641 possit,
2394 5577 2557 5627 quam
2612 5555 2856 5615 miriﬁca:
2885 5548 3029 5623 apud
3071 5562 3169 5603 vos
3222 5545 3431 5602 hiemes
3487 5553 3610 5595 esse
3657 5550 3745 5590 so-
