4132 6356
429 330 540 390 701
1656 338 1714 396 s.
1754 316 1994 397 GREGO‘,

2137 341 2426 398 NYSSENI
3324 340 3329 347 ’
3603 341 3706 401 768

428 454 597 518 leant,
638 453 1098 523 quemadmodum
1146 459 1527 530 congelatione
1553 461 1763 518 ﬂumini
1808 465 1994 520 adver-

2103 465 2256 520 θεῖσα
2282 463 2372 518 διὰ
2403 465 2503 535 τῆς
2534 462 2769 534 πήξεως,
2802 462 2888 533 ἐφ’
2924 457 2994 536 ἦς
3030 461 3258 535 σύνηθές
3287 463 3405 516 ἐστι
3436 462 3550 526 τοῖς
3576 460 3704 531 βου-

427 550 604 605 sante,
636 552 690 598 et
718 546 873 614 quasi
905 547 959 600 in
989 547 1219 618 lapidem
1246 550 1426 606 undas
1457 552 1709 618 durante,
1742 572 1994 627 perenne:

2113 556 2360 628 λομένοις
2403 555 2516 610 ἀνω
2550 554 2661 608 τῶν
2708 556 2969 627 κυμάτων
3018 555 3188 626 αὐτῆς
3242 552 3700 619 καθιππάζεσθαι.

426 635 646 704 quidem
687 651 879 692 amnes
929 637 1099 694 ﬂuere
1157 643 1552 711 supersedeant
1612 654 1779 717 atque
1827 654 2014 708 consi-

426 735 592 781 stant.
633 725 813 783 Lacus
845 743 975 783 vero
1011 730 1227 787 vicinus
1274 732 1448 803 signis
1488 736 1816 805 quibusdam
1846 742 2009 798 etiam

424 832 565 887 opus
606 818 789 874 habet.
843 820 1042 890 quibus
1085 822 1240 878 lacus
1288 839 1410 880 esse
1458 838 1816 896 agnoscatur,
1851 835 2009 904 quasi

427 915 569 962 terra
618 908 825 963 inculta
869 925 965 979 per
1009 914 1444 982 congelationem
1481 916 1748 973 eﬂ‘ectus:
1792 921 1855 977 in
1898 939 2007 994 quo

389 1000 518 1068 ⁸(ιιιί
572 999 765 1053 volunt
828 1016 994 1071 super
1022 1002 1201 1058 undas
1247 1003 1369 1074 ejus
1408 1022 1581 1078 equos
1637 1010 1728 1064 alii
1773 1011 1828 1066 in
1867 1014 2005 1070 alios

422 1090 755 1145 concitando
793 1095 1096 1149 certamina
1130 1096 1340 1153 ludicra
1373 1101 1535 1156 edere
1571 1115 1995 1163 consueverunt.

420 1179 556 1235 Novi
585 1186 751 1237 etiam
797 1199 942 1256 saepe
985 1186 1229 1242 locorum
1273 1188 1486 1247 incolas
1526 1208 1593 1247 ex
1642 1194 1753 1267 igni
1801 1212 1994 1266 aquam

2111 642 2245 701 οῖδα
2272 645 2532 710 πολλάκις
2560 644 2656 699 καὶ
2677 646 2742 699 ἐκ
2771 644 2942 717 πυρὸς
2970 644 3111 717 ὕδωρ
3134 645 3247 708 τοῖς
3269 643 3557 714 ἐγχωρίοις
3584 644 3704 696 ἐπι-

2110 740 2420 811 νοούμενον,
2453 738 2581 792 ὅταν
2616 755 2668 791 τι
2695 736 2901 809 τρύφος
2932 735 3027 790 τοῦ
3068 735 3258 801 ὓδατος
3293 734 3705 798 ἀποκλάσαντες

2108 830 2295 902 ὥσπερ
2322 828 2445 881 τινά
2495 826 2693 898 χαλκὸν
2728 826 2761 898 ἢ
2797 824 3013 897 σίδηρον
3053 826 3131 897 τῷ
3162 825 3296 897 πυρὶ
3325 822 3699 894 διατήξαντες,

2109 923 2253 994 ὓδωρ
2301 921 2391 975 τὸν
2439 920 2584 974 λίθον
2617 920 2955 991 ποιήσωσιν.
3000 918 3253 983 Τοιοῦτος
3297 912 3367 990 ἦν
3422 919 3451 971 ὁ
3511 916 3709 987 καιρὸς

2106 1012 2247 1066 κατά
2278 1011 2369 1066 τον
2399 1011 2499 1083 τῆς
2535 1010 2814 1083 ἀθλήσεως
2844 1011 3057 1082 χρόνον,
3093 1010 3344 1064 ἐπίτασιν
3382 1008 3478 1063 τοῦ
3526 1007 3698 1062 κακοῦ

2104 1104 2256 1177 παρὰ
2315 1103 2475 1175 φύσιν
2545 1104 2610 1157 ἐκ
2672 1101 2899 1175 βορείων
2954 1101 3337 1174 πνευματικῶν
3399 1101 3695 1165 λαϐόντος,

2107 1196 2291 1263 καθὼς
2321 1198 2468 1251 ἐστιν
2499 1196 2716 1251 ἀκούειν
2766 1195 2874 1250 τῶν
2918 1195 3286 1267 διηγουμένων
3315 1194 3385 1250 τὰ
3418 1193 3693 1266 θαύματα.

421 1271 646 1328 solertia
702 1276 941 1346 quadam
990 1278 1281 1344 conﬂcere,
1340 1296 1468 1337 cum
1521 1284 1700 1342 frusto
1758 1289 1992 1358 quodam
2034 1304 2187 1360 aqua
2216 1289 2338 1361 gelu
2376 1295 2652 1343 concretae
2675 1295 2935 1358 tanquam
2962 1302 3071 1341 tere
3110 1284 3347 1357 quodam
3406 1284 3489 1341 vel
3552 1283 3697 1338 ferro

420 1367 666 1425 detracto
691 1378 746 1426 et
793 1371 903 1442 igni
945 1373 1335 1444 colliqnefacto
1400 1392 1600 1449 aquam
1649 1383 1906 1454 redigunt
1956 1400 2023 1440 ex
2061 1400 2129 1442 eo
2186 1382 2336 1456 quod
2382 1384 2436 1439 in
2482 1382 2720 1454 lapidem
2761 1382 2918 1452 quasi
2947 1381 3205 1436 duratmn
3258 1388 3367 1437 est.
3398 1381 3449 1436 Is
3516 1385 3695 1435 status

420 1467 682 1536 temporis
713 1478 851 1533 erat,
882 1484 993 1539 quo
1022 1480 1267 1542 tempore
1295 1480 1573 1531 certamen
1611 1480 1994 1550 peragebatur,
2035 1482 2179 1536 malo
2208 1488 2406 1551 praeter
2428 1486 2683 1534 naturam
2749 1475 2968 1532 ﬂatibus
3000 1473 3329 1551 borealibus
3388 1473 3697 1530 incremen-

421 1563 533 1610 tum
564 1565 727 1613 nacto
753 1576 766 1612 :
805 1560 1264 1631 quemadmodum
1297 1567 1489 1624 audire
1520 1569 1648 1626 licet
1675 1572 1835 1628 exiis
1869 1574 1961 1644 qui
1998 1574 2269 1629 miracula
2299 1580 2601 1644 exponunt.

486 1644 852 1721 Posteaquam
898 1652 1070 1723 igitur
1121 1657 1271 1714 clare
1310 1674 1509 1716 nomen
1539 1661 1744 1719 Christi
1777 1665 1992 1736 publice

2111 1664 2331 1737 Ἐπειδὴ
2375 1664 2557 1718 τοίνυν
2606 1660 2876 1734 λαμπρῶς
2911 1659 2973 1713 τὸ
3018 1658 3187 1729 ὄνομα
3222 1656 3316 1711 τοῦ
3361 1656 3568 1726 Κυρίου
3595 1655 3694 1725 δη-

419 1738 818 1808 ρταιόὶοοεεεηι
850 1783 867 1810 ,
917 1757 973 1799 et
1019 1762 1116 1817 per
1155 1750 1425 1819 ejusmodi
1488 1755 1822 1824 praeconium
1876 1772 1994 1813 sese

2109 1756 2271 1829 μοσία
2294 1754 2648 1826 κηρύξαντες,
2688 1752 2783 1807 καὶ
2821 1751 2919 1824 ήδη
2973 1747 3296 1818 στεφανίτας
3342 1746 3570 1809 ἑαυτοὺς
3606 1744 3695 1798 διά

415 1829 533 1899 jam
587 1831 876 1902 (victoriae
926 1839 1191 1911 nomine)
1221 1855 1515 1900 coronatos
1547 1860 1669 1902 esse
1723 1846 1999 1905 declaras-

391 1929 583 1985 .sent,
616 1932 670 1977 et
718 1925 1010 1983 tenderent
1063 1930 1131 1986 ad
1169 1936 1366 1991 mortis
1415 1940 1948 1996 consummationem
1976 1982 1993 2008 ,

420 2011 511 2067 hic
549 2015 744 2071 modus
777 2020 1097 2077 certaminis
1139 2024 1221 2080 eis
1249 2029 1595 2096 excogitatas
1625 2038 1731 2084 est.
1766 2031 1998 2102 Imperat

421 2112 688 2177 tyrannus
712 2120 768 2164 ut
791 2112 912 2180 gelu
937 2113 1149 2170 athleta:
1171 2121 1471 2174 excruciati
1492 2123 1993 2193 exstinguerentur.

419 2195 466 2250 0
518 2194 891 2255 infirmitatem
937 2204 1223 2261 verborum
1249 2215 1304 2264 et
1343 2213 1782 2268 sententiarum!
1818 2231 1994 2285 quan-

418 2298 535 2342 tum
562 2288 715 2345 abest
745 2307 774 2343 a
807 2292 1073 2364 dignitate
1094 2300 1306 2354 oratio!
1337 2300 1620 2359 Sententia
1650 2307 1845 2363 mortis
1875 2322 1994 2378 pm-

416 2392 546 2433 nam
577 2379 827 2452 irrogans
863 2390 917 2438 et
941 2387 1064 2455 gelu
1087 2427 1103 2450 ,
1133 2397 1189 2443 et
1227 2394 1576 2462 supplicium,
1609 2404 1663 2450 et
1712 2408 1997 2467 exspecta-

419 2471 498 2525 tio
530 2472 659 2529 talis
713 2488 932 2544 paenae:
975 2487 1029 2533 et
1065 2480 1225 2536 beata
1274 2483 1537 2553 juventus
1576 2503 1674 2557 per
1725 2490 1895 2544 risum
1938 2497 1994 2544 et

412 2559 603 2630 jocum
650 2571 705 2619 et
739 2564 1067 2623 hilaritatem
1113 2571 1182 2625 ad
1226 2569 1406 2629 locum
1466 2578 1720 2647 supplicii
1760 2587 1993 2636 conten-

416 2651 622 2720 debat;
654 2669 852 2712 cursus
884 2668 1002 2713 erat
1035 2662 1365 2717 athletarum
1388 2666 1455 2720 ad
1487 2671 1836 2737 passionem;
1871 2686 1996 2727 eur-

414 2758 514 2799 sus
542 2752 598 2800 et
623 2760 780 2802 sacer
827 2758 882 2804 et
922 2750 1205 2818 incitatus,
1236 2763 1291 2809 et
1335 2760 1616 2815 contentio
1645 2762 1993 2833 praeripiendi

415 2851 677 2893 coronam
714 2839 1126 2899 confessionis:
1184 2862 1282 2917 par
1310 2849 1391 2903 eis
1416 2850 1658 2905 studium
1706 2853 1770 2906 ad
1816 2853 1991 2908 vieto-

415 2926 553 2982 riam
584 2936 725 2998 erat,
774 2946 937 2987 nemo
992 2934 1160 2989 animi
1233 2939 1663 3008 promptitudine
1723 2945 1993 3011 posterior

414 3019 572 3076 visus
609 3027 721 3087 est;
774 3023 869 3078 sed
905 3025 1242 3081 unanimiter
1297 3031 1537 3085 universi
1583 3032 1685 3086 hoc
1722 3048 1991 3106 occupato

415 3111 571 3177 loco.
627 3113 862 3185 publicis
919 3118 1149 3186 perinde
1177 3121 1334 3190 quasi
1394 3122 1604 3179 balneis
1653 3135 1993 3190 vacaret,et

414 3203 574 3274 quasi
614 3212 727 3260 tum
759 3206 861 3277 ipsi
907 3209 1128 3265 lavacro
1179 3226 1408 3281 corpora
1459 3219 1706 3270 curaturi
1736 3229 1789 3272 et
1828 3221 1991 3274 ablu-

415 3295 525 3351 turi
556 3305 744 3352 essent
766 3340 781 3362 ,
824 3299 969 3354 haud
1002 3308 1329 3356 cunctanter
1364 3305 1674 3359 tunicarum
1730 3309 1991 3364 amictum

413 3385 787 3457 deponebant,
829 3390 1038 3445 dictum
1080 3392 1215 3447 illud
1248 3391 1371 3448 Jobi
1404 3410 1597 3451 omnes
1628 3397 1946 3466 adjicientes
1975 3420 1988 3455 :

416 3476 562 3534 Nudi
596 3480 945 3537 introivimus
980 3482 1037 3536 in
1069 3484 1371 3548 mundum,
1418 3486 1548 3541 nudi
1587 3487 1655 3542 ad
1694 3504 1816 3543 eum
1843 3531 1857 3553 ,
1898 3491 1991 3562 qui

416 3573 437 3642 l_
468 3572 577 3627 huc
616 3572 759 3642 nos)
788 3573 1137 3640 introduxit,
1172 3576 1552 3645 abibimus";
1588 3579 1727 3634 nihil
1786 3582 1992 3653 impor-

417 3671 657 3724 tavimus
721 3669 779 3723 in
810 3669 1096 3734 mundum,
1133 3685 1201 3724 ne
1232 3679 1524 3740 exportare
1563 3673 1785 3742 quidem
1829 3676 1990 3746 quid-

416 3776 580 3833 quam
605 3760 868 3815 debemus
894 3761 936 3791 "
960 3779 973 3815 :
1000 3761 1112 3814 imo
1140 3776 1270 3816 vero
1311 3762 1442 3817 nudi
1478 3762 1734 3834 ingressi,
1769 3766 1994 3823 thesau-

416 3869 606 3909 rorum
636 3868 703 3908 ex
730 3853 873 3907 bona
908 3851 1257 3909 confessione
1290 3855 1649 3911 collectorum
1704 3859 1849 3928 pleni
1889 3861 1991 3913 ab-

416 3946 641 4001 ihimus.
679 3942 805 3998 Htec
826 3943 1093 4011 dicentes,
1124 3953 1178 4001 et
1210 3945 1480 4015 ejusmodi
1514 3948 1700 4004 verbis
1725 3964 1844 4005 sese
1874 3952 1993 4006 ani-
2030 3970 2033 3973 π

416 4045 632 4093 ntantes
660 4046 712 4092 et
740 4037 1128 4093 confirmantes
1154 4075 1170 4102 ,
1221 4053 1422 4108 corpus
1485 4037 1676 4111 frigori
1712 4042 1992 4098 constrin-

416 4127 652 4199 gendum
696 4127 941 4189 dabant.
974 4141 1039 4183 ac
1070 4128 1463 4184 elementorum
1507 4131 1724 4201 quidem
1795 4145 1993 4191 natura

423 4220 791 4291 congelationi
823 4219 1216 4276 succumbebat
1246 4236 1260 4273 :
1287 4212 1587 4295 martyrum
1613 4239 1742 4279 vero
1770 4234 1990 4291 natura,

419 4313 578 4381 quasi
601 4312 866 4368 indomita
888 4321 1052 4382 atque
1083 4312 1286 4367 invicta
1318 4322 1458 4379 erat;
1492 4315 1604 4369 imo
1628 4331 1763 4372 vero
1784 4325 1994 4374 naturae

2101 1846 2202 1918 τῆς
2226 1848 2480 1916 τοιαύτης
2502 1846 2856 1917 ἀναρρήσεως
2882 1842 3173 1908 δείξαντες,
3205 1838 3446 1911 ἐχώρουν
3475 1838 3570 1891 ἐπὶ
3592 1836 3693 1908 τὴν

2102 1938 2190 1992 διὰ
2227 1936 2320 1991 τοῦ
2367 1936 2595 1993 θανάτου
2635 1936 2935 1998 τελείωσιν,
2979 1927 3135 1996 οὗτος
3188 1932 3373 1994 αὐτοῖς
3422 1927 3691 1998 ἐπενοήθη

2101 2030 2201 2100 τῆς
2230 2028 2510 2099 ἀθλήσεως
2541 2029 2573 2081 ό
2599 2027 2825 2099 τρόπον
2864 2024 3196 2096 Πρόσταγμα
3223 2022 3431 2090 γίνεται
3467 2018 3563 2073 τοῦ
3594 2035 3692 2071 τυ-

2106 2122 2316 2194 ράννου.
2344 2118 2541 2191 κρυμῷ
2576 2121 2703 2182 τοὺς
2742 2117 2980 2188 ἀθλητὰς
3022 2112 3458 2187 τιμωρήσασθαι.
3494 2112 3558 2165 Ὅ
3588 2113 3688 2183 τῆς

2101 2212 2380 2276 ἀσθενείας
2409 2213 2502 2267 καὶ
2521 2211 2628 2266 τῶν
2655 2212 2912 2284 ῥημάτων
2937 2211 3031 2264 καὶ
3055 2207 3164 2262 τῶν
3185 2207 3502 2278 νοημάτωνι
3526 2207 3689 2261 Ὅσον

2100 2304 2450 2359 ἀπολείπεται
2479 2304 2578 2375 τῆς
2604 2304 2760 2371 ἀξίας
2782 2304 2810 2356 ὁ
2836 2303 2993 2372 λόγος
3016 2304 3029 2358 !
3064 2301 3305 2356 Θανάτου
3338 2301 3684 2372 πρόσταγμα,

2101 2399 2196 2451 καὶ
2232 2396 2459 2468 κρυμὸς,
2488 2396 2584 2449 καὶ
2622 2395 2882 2467 τιμωρία,
2921 2395 3016 2448 καὶ
3043 2393 3336 2466 προσδοκία
3376 2393 3476 2462 τῆς
3505 2391 3688 2446 τοιαύ-

2099 2507 2196 2559 της
2231 2489 2536 2553 κολάσεως·
2577 2490 2724 2559 καινή
2758 2487 3003 2559 μακαρία
3033 2486 3221 2557 νεότης
3263 2488 3321 2540 ἐν
3354 2484 3550 2554 γέλωτι
3593 2482 3688 2538 καὶ

2100 2583 2287 2652 παιδιᾷ
2321 2582 2415 2635 καὶ⁸
2448 2581 2766 2652 φαιδρότητι
2812 2583 2904 2634 τὴν
2944 2581 3042 2650 τῆς
3088 2579 3358 2650 τιμωρίας
3414 2576 3688 2647 κατελάμ-

2101 2674 2228 2726 ϐανε
2254 2673 2444 2726 τόπονο
2470 2673 2669 2743 δρόμος
2715 2667 2783 2743 ἦν
2827 2669 3073 2741 ἀθλητῶν
3106 2671 3198 2722 ἐπὶ
3231 2669 3291 2723 τὸ
3324 2667 3524 2733 πάθος,
3558 2666 3684 2738 δρό-

2110 2784 2206 2836 μος
2237 2766 2379 2837 ἱερός
2422 2783 2481 2819 τε
2530 2765 2624 2819 καὶ
2659 2764 2942 2827 σύντονοςο
2971 2764 3065 2817 καὶ
3102 2761 3396 2831 φιλονεικία
3424 2759 3517 2813 τοῦ
3547 2775 3697 2831 προ-ν

2100 2857 2342 2926 αρπάσαι
2371 2857 2471 2927 τῆς
2499 2856 2786 2927 ὁμολογίας
2831 2855 2922 2909 τὸν
2965 2855 3224 2922 στέφανον
3243 2869 3257 2884 ·
3290 2852 3379 2922 ἴση
3422 2850 3556 2920 πρὸς
3585 2849 3683 2921 τήν

2098 2950 2254 3019 νίκην
2286 2944 2354 3019 ἦν
2386 2948 2570 3012 αὐτοῖς
2605 2951 2638 3020 ή
2689 2946 2920 3019 σπουδήο
2962 2946 3137 3009 οὐδεὶς
3169 2944 3392 3016 ὕστερος
3422 2941 3576 3013 ὤφθη
3612 2943 3687 3014 τῇ

2099 3041 2396 3113 προθυμίᾳ·
2446 3040 2560 3094 ἀλλ’
2595 3039 2936 3111 ὁμοθυμαδὸν
2981 3038 3220 3100 ἅπαντες
3263 3036 3472 3089 τουτονὶ
3505 3049 3677 3087 κατα-

2095 3133 2347 3197 λαὸόντες
2391 3133 2484 3186 τὸν
2534 3133 2719 3193 τόπον,
2776 3131 2907 3184 ὡσεὶ
2965 3129 3243 3201 δημοσίοις
3279 3128 3400 3181 τότε
3439 3126 3681 3199 λουτροῖς

2095 3225 2441 3295 σχολάζοντα,
2462 3225 2538 3288 ὼς
2564 3225 2656 3277 καὶ
2684 3222 2838 3276 αὐτοὶ
2869 3221 3150 3294 μέλλοντες
3174 3220 3252 3291 τῷ
3279 3218 3487 3291 λουτρῷ
3509 3235 3680 3273 κατα-

2096 3318 2400 3391 φαιδρύνειν
2444 3316 2512 3371 τὰ
2559 3315 2818 3387 σώματα,
2864 3314 3095 3384 ἑτοίμως
3140 3314 3238 3384 τὴν
3282 3312 3391 3367 τῶν
3440 3310 3689 3383 χιτώνων

2094 3409 2383 3480 περιϐολὴν
2411 3407 2746 3468 ἀπετίθεντο,
2768 3404 2828 3459 τὸ
2853 3405 2948 3459 τοῦ
2986 3404 3105 3458 ’1ὼὸ
3128 3404 3326 3467 πάντες
3353 3400 3681 3472 ἐπιφθεγγό⁸

2098 3517 2275 3571 μενοι,
2300 3499 2381 3552 ὅτι
2409 3498 2609 3569 Γυμνοὶ
2640 3496 2957 3567 εἰσήλθομεν
2988 3498 3067 3559 εἰς
3092 3495 3187 3549 τὸν
3230 3493 3451 3564 κόσμον,
3480 3494 3683 3564 γυμνοὶ

2096 3592 2230 3660 πρὸς
2289 3591 2380 3644 τὸν
2447 3590 2807 3659 εἰσαγαγόντα
2873 3587 3321 3658 ἀπελευσόμεθα·
3369 3585 3523 3640 οὐδὲν
3568 3587 3680 3638 είσ-

2094 3680 2402 3752 ηνέγκαμεν
2435 3680 2514 3741 είς
2542 3679 2633 3731 τὸν
2671 3677 2894 3749 κόσμον,
2927 3676 3079 3730 οὐδὲν
3110 3674 3413 3744 ἐξενεγκεῖν
3444 3691 3499 3728 τι
3525 3673 3679 3744 ὀφεί-

2093 3772 2256 3842 λομεν
2277 3786 2290 3800 ·
2318 3770 2515 3840 μᾶλλον
2543 3770 2598 3822 δὲ
2626 3771 2821 3840 γυμνοὶ
2851 3766 3200 3830 εἰσελθόντες,
3229 3765 3454 3838 πλήρεις
3483 3765 3683 3836 θησαιρ

2098 3864 2204 3934 ρῶν
2249 3862 2356 3915 τῶν
2402 3863 2467 3914 ἐκ
2511 3860 2613 3931 τῆς
2658 3859 2866 3929 ἀγαθῆς
2909 3857 3196 3927 ὁμολογίας
3244 3855 3675 3926 ἀπελευσόμεθα.

2094 3954 2278 4008 Ταῦτα
2303 3953 2569 4023 λέγοντες,
2599 3953 2693 4005 καὶ
2725 3950 2985 4014 τοιούτοις
3027 3949 3253 4012 ἑαυτοὺς
3289 3947 3678 4020 λόγοιςπαρα-

2094 4045 2468 4118 θαρσύνοντες,
2500 4044 2739 4098 ἐδίδοσαν
2768 4045 2835 4113 τῇ
2863 4041 3020 4113 πήξει
3060 4041 3121 4094 τὸ
3174 4040 3352 4112 σῶμα·
3387 4040 3483 4095 καὶ
3510 4042 3544 4113 ή
3578 4042 3677 4113 μὲν

2091 4140 2200 4192 τῶν
2252 4139 2527 4210 στοιχείων
2575 4137 2736 4207 φύσις
2780 4136 3169 4206 κατεκρατεῖτο
3210 4138 3278 4206 τῇ
3325 4134 3519 4206 πήξει·
3547 4136 3582 4205 ἡ
3616 4134 3676 4188 δὲ

2091 4227 2201 4280 τῶν
2228 4227 2518 4299 μαρτύρων
2557 4228 2735 4297 φύσις,
2762 4226 2838 4289 ὡς
2882 4225 3177 4290 ἀδούλωτος
3213 4221 3301 4297 ἦν·
3330 4224 3528 4296 μᾶλλον
3552 4224 3609 4278 δὲ
3639 4227 3674 4297 ή

2098 4320 2197 4391 μὲν
2235 4320 2397 4389 φύσις
2441 4320 2504 4372 τὸ
2545 4320 2743 4373 οἰκεῖον
2783 4317 3010 4388 ἔπασχε,
3057 4316 3153 4371 καὶ
3185 4318 3253 4370 τά
3279 4316 3497 4386 ἀλγεινά
3534 4331 3674 4385 παρ-

415 4404 635 4476 quidem
676 4404 752 4466 id,
807 4404 952 4474 quod
994 4420 1093 4474 par
1123 4412 1179 4460 et
1207 4413 1633 4462 consentaneum
1660 4418 1777 4463 erat
1802 4452 1815 4474 ,
1842 4413 1987 4467 acci-

2098 4415 2308 4485 εδέχετο
2328 4433 2341 4446 ·
2386 4416 2419 4487 ή
2472 4414 2528 4469 δὲ
2570 4415 2904 4485 μεγαλοφυῖα
2943 4415 3048 4468 τῶν
3088 4413 3355 4485 ἀθλητῶν,
3403 4414 3496 4468 καὶ
3539 4412 3673 4485 πρὸς

416 4494 582 4550 debat
613 4512 641 4559 :_
681 4493 883 4564 quippe
943 4493 1223 4548 cruciatus
1311 4495 1559 4564 capiebat
1600 4515 1612 4551 :
1658 4498 1987 4554 athletarum

416 4600 548 4640 vero
575 4584 895 4656 magnitudo
941 4582 1107 4637 animi
1145 4584 1308 4640 etiam
1366 4583 1627 4643 adversus
1671 4588 1842 4659 ipsam
1890 4606 1989 4644 na-

416 4687 600 4732 turam
654 4674 991 4731 decertabat.
1050 4672 1185 4729 Nam
1241 4675 1389 4732 vires
1457 4677 1677 4746 quidem
1740 4684 1989 4752 corporis

417 4767 833 4837 constringente
873 4766 997 4837 gelu
1031 4765 1484 4822 contabescentes
1524 4770 1780 4837 paulatim
1810 4774 1988 4829 solve-

416 4860 617 4915 bantur
636 4867 692 4916 et
723 4858 1225 4922 consumebantur;
1258 4858 1425 4912 animi
1469 4875 1601 4915 vero
1639 4861 1792 4931 vigor
1817 4864 1992 4935 major

416 4953 719 5020 evadebat;
762 4951 1110 5023 nigrescebat
1149 4951 1369 5020 quidem
1410 4952 1581 5006 decor
1618 4957 1889 5024 corporis,
1925 4972 1989 5012 ac

418 5042 772 5115 pulchritudo
819 5041 1232 5105 deﬂorescebat,
1267 5051 1320 5096 et
1366 5042 1551 5098 carnis
1606 5043 1786 5100 bonus
1838 5047 1990 5101 color

418 5135 813 5201 evanescebat;
843 5134 1158 5191 deﬂuebant
1181 5133 1334 5205 digiti
1366 5135 1488 5203 gelu
1521 5136 1784 5205 paulatim
1811 5138 1987 5208 carpti

338 5204 345 5223 ’
420 5235 582 5296 atque
622 5224 789 5280 accisi
820 5265 836 5288 ,
885 5225 1238 5294 membraque
1271 5226 1455 5279 omnia
1495 5242 1559 5282 ac
1607 5243 1871 5284 sensuum
1899 5230 1989 5285 in-

420 5326 725 5374 strumenta
757 5318 962 5373 saevitia
993 5317 1216 5389 frigoris
1248 5319 1451 5389 passim
1475 5317 1891 5391 frangebantur,
1924 5339 1988 5379 ac

419 5409 826 5464 dilabebantur.
871 5408 1169 5465 Livescens
1232 5410 1378 5465 enim
1444 5425 1575 5467 caro
1626 5414 1887 5482 paulatim
1934 5424 1990 5471 et

421 5504 794 5559 intumescens
830 5516 954 5555 cum
1001 5502 1149 5555 circa
1205 5502 1449 5557 membra
1509 5502 1874 5572 scinderetur,
1919 5508 1989 5562 ab

421 5593 643 5651 ossibus
665 5591 957 5657 deﬂuebat,
994 5606 1059 5647 ac
1108 5591 1379 5648 mortiferi
1443 5595 1722 5653 cruciatus
1782 5598 1987 5656 sentie-

500 5776 539 5807 "
567 5772 669 5832 Job
708 5791 750 5838 ι,
779 5771 866 5828 ﬁt.
947 5772 1029 5829 "I
1065 5772 1303 5831 Timoth.
1337 5789 1409 5841 vt,
1442 5775 1493 5830 'I.

2095 4507 2262 4577 αὐτὴν
2297 4507 2395 4577 τὴν
2437 4507 2597 4574 φύσιν
2641 4506 3006 4577 διηγωνίζετο.
3053 4507 3118 4558 Ἦ
3167 4506 3264 4576 μὲν
3302 4505 3409 4577 γὰρ
3447 4505 3672 4576 δύναμις

2095 4597 2238 4651 κατὰ
2270 4596 2463 4668 μικρὸν
2488 4597 2746 4663 διελύετο,
2779 4597 3146 4669 μαραινομένη
3187 4598 3280 4651 καὶ
3311 4597 3671 4669 δαπανωμένη

2092 4688 2181 4743 διὰ
2211 4689 2311 4759 τῆς
2337 4689 2586 4760 πήξεως’
2631 4691 2661 4742 ό
2694 4689 2751 4742 δὲ
2785 4691 2885 4760 τῆς
2918 4690 3096 4761 ψυχῆς
3113 4690 3284 4753 τόνος,
3324 4687 3527 4760 μείζων
3558 4688 3671 4757 ἐγί·

2095 4797 2216 4835 νετο
2234 4796 2248 4811 ⁸
2280 4781 2594 4852 ἐμελαίνετο
2625 4782 2723 4851 μὲν
2752 4783 2784 4852 ή
2817 4781 2937 4853 ὥρα
2965 4783 3058 4835 τοῦ
3084 4783 3352 4852 σώματος,
3374 4782 3468 4835 καὶ
3493 4782 3662 4852 ἀπήν-

2093 4871 2174 4927 θει
2204 4872 2264 4926 τὸ
2288 4873 2505 4938 κάλλος,
2527 4875 2622 4927 καὶ
2654 4872 2713 4926 τὸ
2733 4873 2835 4943 τῆς
2861 4873 3065 4945 σαρκὸς
3086 4872 3315 4945 εὖχρουν
3336 4873 3653 4945 κατεμαραί-

2089 4980 2242 5018 νετο’
2291 4964 2559 5036 ἀπέρῤεον
2617 4965 2887 5027 δάκτυλοι,
2945 4965 3024 5035 τῷ
3075 4964 3271 5037 κρυμῷ
3322 4966 3443 5020 κατ’
3492 4966 3668 5034 ὀλίγον

2089 5056 2562 5126 περικοπτόμενοι,
2591 5055 2726 5127 μέλη
2767 5073 2828 5108 τε
2878 5057 3054 5110 πάντα
3095 5057 3191 5110 καὶ
3235 5056 3563 5127 αἰσθητήρια
3605 5058 3666 5127 τῇ

2088 5146 2285 5218 πικρίᾳ
2313 5146 2407 5200 τοῦ
2451 5146 2648 5218 κρύους
2680 5147 3091 5219 περιεθρύφετο.
3129 5147 3521 5219 Πελιδνουμὲνη
3559 5147 3667 5218 γὰρ

2096 5236 2217 5288 κατ’
2245 5234 2422 5303 ὀλίγον
2449 5238 2483 5307 ή
2527 5235 2683 5309 σὰρξ,
2716 5237 2808 5290 καὶ
2853 5237 3118 5292 διοιδοῦσα
3159 5239 3252 5293 καὶ
3289 5236 3665 5310 περιλακιζου-

2099 5326 2234 5397 μένη
2263 5329 2377 5391 τοῖς
2445 5328 2651 5400 μέλεσι,
2690 5329 2798 5383 τῶν
2844 5330 3045 5384 ὀστέων
3068 5331 3326 5403 ἀπὲῤῥεε,
3358 5331 3452 5384 καὶ
3475 5330 3545 5384 τά
3570 5329 3664 5401 τῆς

2093 5418 2416 5489 νεκρότητος
2440 5420 2586 5493 πάθη
2616 5424 2673 5476 ἐν
2698 5425 2946 5498 αἰσθήσει
2976 5425 3208 5494 ἐδέχετο.
3234 5422 3342 5475 Καὶ
3366 5421 3538 5486 οὕτως
3564 5422 3664 5475 αὐ-

2092 5514 2204 5574 τοῖς
2230 5513 2372 5567 κατά
2403 5516 2596 5587 μικρὸν
2617 5517 2644 5569 ὁ
2673 5515 2900 5583 θάνατος
2923 5517 3124 5589 προϊὼν
3159 5515 3459 5585 ὲμηκύνετο
3487 5514 3666 5585 τρισὶν

2091 5602 2325 5675 ἡμέραις
2373 5611 2848 5682 παρατεινὸμενος.
2894 5612 3072 5684 Μέχρι
3114 5611 3222 5682 γὰρ
3276 5611 3525 5664 τοτούτου
3564 5607 3666 5680 τῆς
