4132 6356
413 293 520 350 769

1523 289 1586 344 IN
1645 286 2147 356 eumnam-ma
2187 285 2594 342 nanrvncs.

3578 289 3679 346 πο

411 407 720 478 αἰσθήσεως
768 407 950 470 αὐτοῖς
1007 406 1370 478 διαρκούσης,
1423 406 1643 476 ἔμειναν
1699 407 1781 474 ἐφ’
1835 399 1901 476 ἦς
1947 403 2005 468 ἐξ

2113 408 2326 457 hanlnr.
2381 405 2554 474 Atque
2597 404 2670 457 ita
2706 419 2856 457 mors
2903 403 2984 459 eis
3046 386 3305 473 paulatim
3346 416 3410 456 ac
3475 405 3681 457 sensim

413 498 588 568 ἀρχῆς
627 496 930 566 ἐτάχθησαν
970 496 1191 560 τάξεως,
1233 496 1320 548 διὰ
1369 498 1582 550 πάντων
1614 495 1831 564 νικηταὶ
1864 494 2006 546 κατά

413 586 509 638 τοῦ
548 587 790 640 ἐναντίου
821 586 1114 656 γινόμενοι.
1159 585 1316 638 Ἀλλά
1343 586 1424 648 τίς
1459 585 1523 640 ἄν
1560 585 1738 654 μοιτά
1764 585 1855 637 ἐπὶ
1884 585 2006 636 τού-

414 695 527 741 τοις
557 679 692 748 πρὸς
724 679 880 744 ἀξίαν
910 677 1324 748 ἐκδιηγήσαιτο;
1359 678 1454 741 Τίς
1505 678 1811 748 ὑπογράψει
1851 676 2006 742 λόγος

413 772 511 842 τήν
547 773 694 824 θείαν
743 771 956 841 ἐκείνην
997 769 1240 841 πομπὴν,
1275 771 1362 822 ὅτε
1411 770 1478 821 τὰ
1515 768 1642 837 ἆγια
1688 768 1910 838 σώματα
1938 767 2004 820 δι’

419 865 643 935 ἁμαξῶν
680 865 770 916 ἐπὶ
805 865 865 916 τὸ
899 864 1010 936 πῦρ
1037 863 1408 934 ἐπομπεύετο;
1449 861 1570 924 Πῶς
1604 861 1726 912 ἀντὶ
1753 860 1846 912 τοῦ
1877 860 2006 912 κλα-

416 957 608 1019 πέντος
657 955 760 1007 ὑπὸ
813 955 906 1007 τοῦ
948 953 1192 1006 διαϐόλου
1240 951 1565 1022 ἁντεισήχθη
1603 950 1681 1020 τῷ
1721 950 1942 1020 ἀριθμῷ
1979 953 2006 1003 ὁ

413 1047 754 1118 δεσμοφύλαξ
782 1047 886 1100 ὑπὸ
912 1049 1008 1116 τῆς
1037 1046 1291 1117 χάριτος;
1324 1045 1418 1108 Τίς
1451 1061 1538 1114 μοι
1565 1043 1876 1114 διηγήσεται
1906 1043 2004 1113 τὴν

419 1140 631 1210 μητέρα
658 1137 871 1208 ἐκείνην
924 1137 1021 1208 τὴν
1066 1137 1222 1204 ἀξίαν
1280 1135 1374 1187 τοῦ
1432 1134 1705 1204 μάρτυρος
1755 1133 1935 1204 ῥίζαν,
1969 1135 2004 1203 ἢ

416 1229 847 1298 καταλειφθέντα
887 1229 989 1281 ὑπὸ
1035 1227 1129 1282 τοῦ
1168 1227 1362 1298 δημίου
1409 1225 1500 1278 τὸν
1540 1226 1598 1290 ἐξ
1638 1226 1824 1296 αὐτῆς,
1872 1225 2004 1278 διότι

414 1323 654 1394 ἔμπνους
678 1318 765 1393 ἦν,
794 1323 885 1374 καὶ
915 1321 1002 1373 διὰ
1031 1319 1186 1372 τοῦτο
1219 1320 1292 1390 μή
1324 1318 1698 1388 ἀναληφθέντα
1731 1318 1869 1388 μετά
1897 1317 2004 1371 τῶν

418 1415 596 1470 ἄλλων
628 1415 722 1469 ἐπ)⁸
750 1415 848 1486 τὴν
904 1413 1141 1486 ἅμαξαν,
1192 1410 1379 1482 ἐπειδὴ
1421 1407 1524 1462 εἶδε
1563 1411 1660 1481 τὴν
1703 1411 2004 1483 φιλανθρω-

415 1506 546 1560 πίαν
595 1503 686 1558 τοῦ
745 1503 939 1573 δημίου
986 1503 1079 1554 ἐπὶ
1133 1501 1223 1554 τὸν
1279 1501 1526 1572 ἀριστέα,
1561 1499 1658 1569 τὴν
1714 1498 1866 1569 ὓϐριν
1904 1499 2005 1552 οὐκ

414 1598 676 1669 ἤνεγκεν·
717 1596 830 1649 ἀλλ’
866 1599 1070 1650 ἐκεῖνον
1116 1595 1214 1664 μὲν
1265 1593 1541 1664 ἐλοιδόρει,
1589 1593 1670 1645 ὅτι
1713 1593 1819 1645 τῶν
1876 1609 2003 1645 συν-

415 1688 729 1757 αγωνιστῶν
761 1687 850 1741 τὸν
889 1688 1126 1759 ἀθλητὴν
1150 1687 1553 1756 ἀπεσχοίνισεν·
1584 1684 1719 1754 αῦτη
1743 1683 1799 1736 δὲ
1829 1700 2005 1754 παρα-

417 1781 590 1832 στᾶσα
625 1777 702 1848 τῷ
745 1779 1007 1849 μάρτυρι,
1045 1777 1144 1849 ήδη
1193 1777 1550 1848 νεναρκηκὸτι
1599 1775 1691 1828 καὶ
1739 1776 2008 1845 ἀκινήτως

416 1870 522 1924 ὑπὸ
547 1870 646 1940 τῆς
678 1869 890 1942 πήξεως
922 1869 1113 1940 ἔχοντι,
1147 1869 1236 1922 καὶ
1271 1868 1453 1922 ἰδοῦσα
1495 1866 1687 1938 ψυχρῷ
1727 1870 1819 1920 καὶ
1846 1867 2004 1920 ἀσθε-

414 1961 600 2030 νεῖτῷ
632 1962 870 2033 ἄσθματι
910 1961 1282 2032 συνεχόμενον,
1322 1959 1572 2014 τοσοῦτον
1612 1959 1788 2025 ζῶντα
1826 1959 2005 2030 μόνον,

415 2055 537 2107 ὅσον
561 2054 668 2108 τῶν
696 2052 957 2123 ἀλγεινῶν
985 2051 1424 2118 ἐπαισθάνεσθαι,
1453 2051 1678 2123 ἀμυδρῷ
1708 2051 1800 2104 καί
1832 2067 2009 2120 μεμαο

418 2146 674 2217 ρασμένῳ
718 2145 795 2216 τῷ
824 2144 1094 2216 βλέμματι
1146 2145 1240 2215 τήν
1296 2145 1506 2216 μητέρα
1549 2143 1742 2197 ἐαυτοῦ
1776 2143 2008 2196 ὑποϐλέ-

417 2253 607 2299 ποντα,
642 2236 811 2306 νεκρᾷ
847 2235 940 2288 καὶ
983 2233 1247 2306 ἀτονούσῃ
1297 2236 1361 2304 τῇ
1417 2233 1560 2304 χειρὶ
1603 2229 1913 2284 διανεύοντά
1947 2246 2008 2282 τε

416 2331 512 2384 καὶ
565 2327 1077 2400 παραμυθούμενον,
1136 2325 1430 2396 ὑποφέρειν
1489 2324 1747 2394 γενναίως
1802 2339 2010 2394 παρεγε-

417 2421 666 2489 γυῶντα;
712 2418 930 2488 Ἐπειδὴ
998 2415 1172 2470 ταῦτα
1226 2409 1364 2467 εἶδεν
1430 2416 1463 2485 ἡ
1528 2414 1743 2485 μήτηρ,
1799 2407 1910 2484 ἆρά
1954 2429 2008 2464 τι

416 2507 586 2563 ἔπαθε
641 2508 939 2579 μητρικόνς
973 2503 1120 2579 τΑρα
1154 2505 1476 2578 συνεκινήθη
1522 2505 1592 2558 τὰ
1640 2505 1940 2576 σπλάγχνα,
1971 2505 2006 2577 ἢ

415 2602 507 2656 τὸν
557 2599 756 2671 χιτῶνα
807 2598 1226 2672 περιερρήξατο,
1275 2598 1308 2670 ἦ
1359 2597 1653 2669 περιεχύθη
1701 2597 1777 2668 τῷ
1811 2600 2008 2670 τέκνῳ,

418 2691 646 2763 θερμαῖς
691 2693 808 2755 ταῖς
855 2691 1082 2752 ὠλέναις
1123 2691 1216 2744 τὸν
1261 2691 1548 2762 μαρασμὸν
1602 2690 2008 2758 ἐπιθάλπουσας

422 2784 657 2852 Ἀπαγε.
685 2784 794 2836 Καὶ
822 2783 884 2835 τὸ
905 2783 1076 2834 εἰπεῖν
1099 2799 1150 2834 τι
1175 2780 1433 2843 τοιοῦτον,
1458 2779 1564 2834 τῶν
1591 2781 1808 2836 ἀτόπων
1841 2781 2009 2837 ἐστίν.

424 2873 633 2938 Ὀντως
674 2877 738 2928 ἐκ
772 2874 864 2928 τοῦ
918 2873 1130 2951 καρποῦ
1179 2874 1240 2926 τὸ
1291 2873 1506 2944 δένδρον
1540 2872 2010 2945 ἐπιγινώσκομεν’

419 2965 480 3017 οὐ
542 2965 768 3019 δύναται
810 2964 1023 3035 δένδρον
1069 2963 1275 3034 σαπρὸν
1322 2965 1566 3034 καρποὺς
1611 2965 1808 3028 καλοὺς
1857 2966 2014 3037 ποιῆ-

423 3071 532 3108 σαι.

2117 497 2476 566 progrediens
2531 496 2974 567 protrahebatur.
3013 497 3192 550 tribus
3229 495 3425 549 diebus
3454 495 3682 550 durans.

2111 587 2245 642 Nam
2282 591 2346 642 ad
2381 591 2432 643 id
2463 606 2638 658 usque
2681 589 2918 658 Spatium
2982 603 3144 643 sensu
3183 603 3370 643 eorum
3411 586 3641 640 durante
3669 629 3682 653 ,

2113 691 2436 736 manserunt
2490 685 2542 736 in
2582 698 2647 736 eo
2695 683 2816 735 loco
2860 681 2916 734 in
2955 696 3062 750 quo
3117 681 3185 734 ab
3239 680 3395 734 initio
3433 680 3684 733 collocati

2112 784 2291 839 erant,
2352 791 2449 844 per
2483 776 2662 828 omnia
2735 773 3030 828 adversarii
3083 773 3323 826 victores
3357 773 3676 826 evadentes.

2115 866 2220 920 Sed
2267 868 2391 936 quis
2426 867 2672 928 mihiea,
2716 879 2836 934 qua:
2885 872 3184 916 consecuta
3245 871 3373 916 sunt
3412 903 3427 924 ,
3479 878 3575 930 pro
3604 864 3686 916 di-
3730 853 3756 868 ’“

2113 956 2316 1024 gnilate
2360 969 2627 1024 exponere
2674 955 2892 1024 possit?
2928 952 3184 1018 Quantam
3230 953 3408 1006 oratio
3446 952 3684 1006 divinam

2115 1049 2260 1100 illam
2317 1063 2568 1116 pompam
2600 1047 2872 1100 dcscrihet
2907 1060 3031 1098 cum
3083 1053 3270 1096 sancta
3321 1043 3413 1096 illa
3453 1059 3686 1112 corpora

2114 1139 2376 1207 plaustris
2417 1137 2483 1189 ad
2517 1137 2694 1206 ignem
2727 1134 3110 1190 veherentur?
3163 1135 3279 1200 Qua
3332 1134 3549 1188 ratione
3589 1150 3688 1203 pro

2112 1243 2178 1281 eo
2207 1227 2299 1297 qui
2330 1227 2399 1280 ab
2444 1227 2660 1280 diabolo
2691 1225 2997 1281 subductus
3027 1231 3168 1288 erat,
3223 1221 3288 1276 ad
3319 1224 3686 1292 supplendum

2116 1334 2406 1373 numerum
2473 1331 2662 1372 custos
2734 1321 2975 1373 carceris
3032 1333 3061 1370 a
3109 1315 3283 1386 gratia
3338 1317 3688 1371 introductus

2111 1423 2160 1468 et
2192 1412 2413 1480 reliquis
2469 1412 2758 1480 adjunctus
2809 1411 2927 1466 sit?
2967 1411 3099 1478 Quis
3157 1411 3289 1464 mihi
3350 1419 3583 1478 exponet
3623 1411 3691 1463 de

2112 1511 2288 1558 matre
2339 1503 2435 1556 illa
2464 1543 2478 1565 ,
2517 1503 2678 1572 digna
2732 1517 2854 1572 quae
2887 1515 3180 1573 martyrem
3237 1501 3560 1572 produxerit
3603 1516 3692 1552 ra-

2111 1597 2256 1660 dice,
2308 1609 2429 1664 quaa
2456 1610 2522 1648 ex
2552 1609 2672 1648 sese
2707 1602 2836 1648 nato
2885 1609 2912 1646 a
2970 1596 3228 1648 carniﬁce
3276 1593 3464 1648 relicto
3500 1634 3514 1657 ,
3549 1608 3672 1662 pro-

2114 1698 2299 1758 pterea
2325 1686 2468 1757 quod
2491 1687 2654 1741 etiam
2685 1702 2832 1740 nunc
2856 1687 3108 1756 spiraret,
3135 1696 3188 1742 et
3215 1685 3422 1739 idcirco
3444 1702 3566 1739 eum
3585 1700 3691 1738 ca:-

2039 1788 2080 1841 B
2111 1780 2242 1834 teris
2274 1779 2326 1832 in
2367 1779 2674 1848 plaustrum
2700 1776 2951 1831 sublatus
2990 1793 3100 1831 non
3130 1785 3296 1840 esset,
3339 1785 3397 1830 ut
3419 1777 3554 1829 vidit
3588 1777 3690 1829 hu-

2111 1873 2427 1926 manitatem
2476 1869 2755 1923 carnificis
2785 1885 2912 1938 erga
2947 1869 3119 1922 virum
3153 1869 3367 1932 fortem,
3402 1876 3690 1922 contume-

2110 1965 2236 2018 liam
2266 1979 2371 2018 non
2409 1963 2568 2016 tulit:
2607 1962 2701 2015 sed
2737 1961 2885 2014 illum
2922 1961 3140 2032 quidem
3174 1963 3511 2031 increpabat,
3545 1960 3688 2030 quod

2108 2071 2138 2110 a
2171 2053 2640 2110 commilitonibus
2670 2061 2723 2108 et
2759 2054 2985 2122 collegis
3012 2053 3269 2108 athletam
3301 2061 3686 2124 segregasset;

2110 2147 2228 2216 ipsa
2262 2161 2388 2199 vero
2435 2145 2660 2217 martyri
2716 2145 2984 2200 assistens
3024 2144 3262 2215 torpenti
3298 2145 3410 2213 jam
3469 2153 3521 2198 et
3576 2159 3689 2213 pra:

2110 2238 2490 2307 congelatione
2518 2235 2810 2299 immobili,
2852 2251 2917 2292 ac
2945 2238 3262 2308 conspicata
3313 2251 3438 2290 eum
3491 2236 3689 2307 frigido

2109 2335 2271 2396 atque
2312 2327 2530 2379 infirmo
2562 2325 2802 2379 anhelitu
2824 2325 3122 2389 eoarctari,
3183 2334 3393 2379 tantum
3424 2325 3691 2380 duntaxat

2109 2417 2401 2479 viventem,
2432 2425 2490 2470 at
2519 2418 2798 2472 cruciatus
2820 2417 3064 2481 sentiret,
3087 2417 3324 2472 obscuro
3372 2432 3436 2472 ac
3477 2418 3687 2488 langui-

2110 2511 2180 2564 do
2217 2510 2412 2562 obtutu
2448 2518 2676 2564 matrem
2727 2526 2878 2565 suam
2917 2511 3274 2581 aspicientem
3299 2552 3315 2576 ,
3348 2521 3598 2566 emortua
3626 2527 3691 2567 ac

2111 2599 2372 2668 languida
2420 2616 2585 2654 manu
2647 2601 2962 2657 innuentem
2991 2611 3046 2657 et
3101 2604 3496 2666 consolantem,
3527 2613 3583 2658 et
3631 2612 3692 2658 ιιι

2115 2692 2329 2748 fortiter
2357 2691 2524 2748 ferret
2550 2694 2902 2749 hortantem?
2935 2695 3002 2749 Ut
3028 2695 3143 2749 haec
3174 2703 3348 2749 mater
3367 2695 3520 2762 vidit,
3551 2713 3692 2751 nun-

2115 2783 2246 2855 quid
2289 2783 2559 2854 ejusmodi
2601 2785 2846 2854 aliquid,
2901 2787 3062 2856 quale
3109 2787 3380 2843 matribus
3433 2788 3682 2844 accidere

2115 2873 2298 2942 solet,
2350 2875 2613 2930 admisit?
2645 2875 2903 2946 Nunquid
2967 2879 3176 2935 viscera
3225 2883 3347 2951 ejus
3414 2895 3690 2943 commota

2117 2973 2244 3021 sunt
2275 3005 2290 3028 ,
2325 2973 2420 3019 aut
2452 2967 2693 3020 tunicam
2737 2969 3136 3036 eireumscidit,
3169 2984 3262 3028 aut
3293 2975 3405 3030 filio
3453 2979 3693 3032 circum-

2118 3058 2240 3112 fusa
2263 3065 2376 3118 est,
2405 3059 2600 3114 calidis
2631 3061 2777 3115 ulnis
2812 3071 3084 3132 torporem
3114 3082 3179 3121 ae
3208 3068 3569 3125 defecxionem
3604 3088 3690 3128 re-

423 3157 617 3208 fovens
649 3159 703 3203 et
733 3147 1095 3203 refocillans’?
1125 3149 1363 3203 ltemovc
1401 3149 1614 3204 isthzec.
1644 3148 1818 3203 Etiam
1849 3150 2032 3206 dicere
2074 3151 2279 3223 aliquid
2327 3150 2600 3222 ejusmodi
2651 3154 2954 3209 absurdum
3032 3167 3137 3214 est.
3208 3159 3284 3214 Ex
3357 3163 3538 3220 fructu
3611 3183 3692 3223 re-

430 3255 554 3293 vera
588 3239 840 3293 arborem
879 3238 1270 3308 cognoscimus
1305 3254 1316 3288 :
1362 3255 1470 3291 non
1509 3245 1694 3308 potest
1731 3239 1896 3294 arbor
1920 3240 2104 3310 putris
2132 3251 2188 3297 et
2223 3242 2425 3298 vitiosa
2462 3243 2638 3298 bonos
2675 3244 2893 3301 fructus
2923 3248 3250 3317 producere.

506 3332 660 3384 Ἐπεὶ
689 3326 780 3383 οῦν
809 3329 838 3382 ὁ
871 3330 1082 3402 καρπὸς
1107 3331 1206 3400 τῆς
1237 3329 1537 3401 μαρτυρίας
1571 3331 1753 3394 καλὸς,
1786 3333 2005 3386 ἐπαίνεε

2182 3333 2452 3401 Quoniam
2483 3335 2648 3406 igitur
2679 3335 2892 3392 fructus
2926 3343 3173 3412 martyrii
3195 3345 3372 3402 bonus
3394 3357 3500 3413 est,
3528 3351 3689 3408 lauda

424 3439 515 3479 σον
542 3424 642 3494 τὴν
660 3423 1009 3494 ἀριστοτόκον
1044 3423 1274 3494 μητέρα,
1307 3425 1405 3493 τὴν
1434 3423 1522 3477 διὰ
1536 3424 1633 3494 τῆς
1657 3425 2003 3494 τεκνογονίας

422 3517 756 3588 σωζομένην,
797 3513 978 3578 καθώς
1007 3531 1169 3583 φησιν
1197 3517 1225 3568 ό
1265 3515 1602 3578 Ἀπόστολος.
1651 3515 1866 3588 Ἐπειδὴ
1893 3518 2002 3589 γὰρ

419 3607 660 3661 τοιοῦτον
705 3607 1015 3679 παρέστησε
1055 3605 1133 3677 τῷ
1174 3605 1292 3676 Θεῷ
1335 3605 1426 3660 τὸν
1457 3608 1686 3680 καρπὸν,
1730 3609 1870 3680 ὑπὲρ
1904 3611 2002 3680 τῆς

421 3702 605 3773 κοινῆς
627 3699 734 3754 τῶν
758 3699 1031 3768 γυναικῶν
1056 3698 1431 3770 ἀπελογήσατο
1453 3699 1686 3769 φύσεως.
1713 3702 1824 3755 Οὐκ
1848 3701 2000 3772 ἐμὸν,

422 3793 577 3865 φησὶ,
605 3793 792 3846 τέκνον
825 3791 888 3844 σύ
913 3809 926 3822 ·
951 3791 1012 3844 ού
1039 3791 1136 3861 τῆς
1165 3791 1305 3862 ἐμῆς
1333 3792 1519 3856 ὠδῖνος
1546 3792 1836 3863 βλάστημα
1867 3811 1880 3823 ·
1910 3793 2001 3846 τδν

421 3886 554 3939 Θεὸν
579 3882 892 3955 δεξάμενος,
920 3884 1060 3937 κατὰ
1080 3883 1213 3935 Θεὸν
1241 3883 1555 3954 ἐγεννήθης.
1593 3885 1823 3949 Ἔλαϐες
1847 3883 2000 3950 ἐξου·

424 3977 545 4030 σίαν
582 3975 772 4029 τέκνον
817 3973 953 4026 Θεοῦ
1015 3973 1290 4042 γενέσθαι.
1343 3974 1528 4045 Δράμε
1593 3976 1727 4047 πρὸς
1770 3976 1861 4030 τὸν
1911 3977 2002 4029 σὺν

424 4067 644 4139 Πατέρα
669 4107 684 4130 ,
734 4065 812 4137 μὴ
844 4064 1212 4135 καταλειφθῇς
1245 4067 1397 4137 παρά
1439 4066 1548 4120 τῶν
1577 4067 1873 4137 ὁμηλίκων,
1927 4069 2002 4139 μὴ

421 4158 672 4230 δεύτερος
707 4159 799 4212 ἐπὶ
827 4157 918 4210 τὸν
950 4156 1212 4224 στέφανον
1244 4157 1433 4230 ἔλθῃς,
1465 4159 1542 4231 μὴ
1567 4160 1732 4231 ἀτελῆ
1768 4162 2002 4232 ποιήσῃς

428 4248 690 4321 μητρῴαν
736 4249 900 4318 εὐχήν
929 4264 940 4277 ·
972 4248 1034 4299 οὐ
1073 4247 1334 4318 λυπήσεις
1385 4249 1628 4321 μητέρα,
1679 4251 2002 4320 στεφανίτης

426 4337 520 4388 καὶ
543 4333 768 4405 νικητὴς
807 4335 902 4386 καὶ
936 4335 1336 4406 τροπαιοφόρος
1361 4337 1674 4408 γενόμενος.
1704 4339 1891 4392 Ταῦτα
1920 4340 2002 4395 λι.

427 4444 596 4498 γουσα
614 4467 629 4490 ,
663 4428 758 4480 καὶ
779 4427 916 4498 ὑπὲρ
941 4427 1038 4495 τὴν
1065 4429 1226 4496 φύσιν
1252 4430 1449 4501 ἑαυτὴν
1469 4430 1772 4496 τονώσασα,
1803 4432 2001 4502 μᾶλλον

425 4521 480 4574 δὲ
512 4519 806 4573 τονωθεῖσα
829 4519 936 4572 ὑπὸ
964 4519 1059 4572 τοῦ
1092 4520 1428 4592 Πνεύματος,
1463 4522 1601 4594 αὑτὴ
1628 4523 1720 4577 τὸν
1750 4523 1808 4589 ἐξ
1831 4526 2001 4595 αὐτῆς

431 4611 567 4684 μετά
596 4611 702 4664 τῶν
740 4609 943 4664 λοιπῶν
975 4613 1068 4665 ἐπὶ
1106 4619 1204 4684 τήν
1244 4614 1460 4685 ἀπήνην
1497 4614 1750 4678 ἀπέθετο,
1793 4617 2001 4688 φαιδρῷ

2105 3425 2328 3495 optimae
2354 3426 2525 3498 prolis
2563 3435 2816 3490 matrem.
2843 3446 2966 3500 qua:
2995 3447 3089 3501 per
3120 3433 3214 3487 ﬁlii
3255 3444 3688 3505 procreationem

2105 3525 2387 3580 servatur,
2441 3529 2498 3572 ut
2564 3519 2745 3590 inquit
2799 3521 3098 3592 Apostolus
3123 3525 3183 3579 ’³.
3220 3528 3488 3593 Quoniam
3541 3534 3687 3588 enim

2105 3608 2264 3660 talem
2307 3607 2416 3663 Deo
2457 3610 2693 3664 fructum
2731 3613 3028 3683 produxit,
3080 3631 3423 3675 communem
3473 3621 3688 3680 feminei

2105 3708 2270 3749 sexus
2303 3711 2526 3750 causam
2559 3699 2824 3756 dcfemlit.
2871 3701 2990 3756 Non
3051 3720 3240 3772 meus,
3293 3708 3503 3778 inquit,
3546 3713 3689 3769 filius

2102 3799 2162 3839 es
2213 3793 2270 3838 tu
2318 3804 2468 3842 :non
2531 3791 2632 3844 mei
2674 3801 2864 3860 partus
2895 3809 3157 3863 germen:
3205 3803 3462 3870 quoniam
3515 3803 3685 3859 Deum

2103 3878 2393 3947 recepisti,
2425 3881 2728 3938 secundum
2766 3881 2933 3940 Deum
2965 3896 3128 3945 natus
3163 3905 3242 3945 es.
3279 3893 3554 3964 Accepisti
3587 3914 3687 3967 pc-

2102 3977 2355 4025 testatem
2389 3980 2448 4026 ut
2477 3973 2623 4029 ﬁlius
2649 3973 2742 4028 Dei
2778 3977 2896 4030 fias.
2937 3977 3108 4034 Curre
3135 3983 3202 4036 ad
3244 3983 3460 4040 Patrem
3507 3997 3686 4059 tumn,

2104 4075 2175 4114 ne
2219 4062 2550 4132 relinqueris
2579 4064 2646 4118 ab
2675 4065 2784 4119 tuis
2817 4069 3046 4131 coaevis,
3077 4087 3144 4126 ne
3183 4077 3459 4132 secundus
3498 4080 3564 4133 ad
3596 4097 3687 4137 co-

2103 4164 2290 4203 ronam
2325 4152 2531 4217 venias,
2563 4169 2632 4208 ne
2666 4153 2881 4208 irritum
2924 4157 3091 4215 facias
3126 4169 3310 4217 votum
3343 4177 3685 4238 maternum;

2103 4257 2212 4296 non
2248 4242 2507 4309 offendes,
2549 4261 2657 4300 non
2685 4247 2934 4302 molestia
2975 4249 3176 4307 affleies
3210 4265 3468 4321 matrem,
3524 4262 3569 4313 si
3603 4265 3686 4316 vi-

2103 4342 2223 4388 ctor
2257 4347 2576 4399 coronatus.
2615 4337 2660 4394 si
2714 4341 2892 4396 victor
2926 4349 2982 4396 et
3023 4344 3387 4415 triumphator
3422 4355 3683 4409 evaseris.

2104 4425 2229 4481 llaec
2269 4426 2458 4485 dicens
2504 4440 2559 4486 et
2604 4432 2746 4486 ultra
2777 4434 3017 4507 (sexus)
3053 4446 3304 4492 naturam
3351 4456 3472 4497 sese
3515 4445 3686 4499 obﬁr-

2103 4533 2282 4585 mans,
2331 4521 2442 4576 imo
2478 4539 2610 4578 vero
2660 4525 2924 4582 roborata
2965 4543 2994 4582 a
3043 4527 3293 4600 Spiritu,
3341 4532 3457 4604 ipsa
3503 4552 3569 4592 ex
3625 4553 3686 4593 se

2105 4620 2292 4667 natum
2333 4614 2402 4668 ad
2437 4616 2677 4687 reliquos
2724 4619 2779 4674 in
2841 4620 3143 4676 vehiculum
3185 4622 3457 4694 imponit,
3515 4629 3684 4684 alacri

426 4703 504 4774 τῷ
531 4701 808 4775 προσώπῳ
830 4703 925 4756 τοῦ
949 4703 1180 4772 ἀθλητοῦ
1201 4705 1688 4777 προπομπεύουσα.
1717 4709 1796 4762 Τά
1822 4709 1879 4762 δὲ

2109 4705 2262 4760 vultu
2296 4721 2636 4778 prosequens
2658 4725 2724 4764 ac
2757 4709 3035 4768 deducens
3082 4715 3364 4771 athletam.
3391 4715 3522 4784 Qua:
3551 4735 3685 4774 con-

426 4797 638 4860 τούτοις
669 4791 795 4861 cia;
841 4795 1174 4866 Ἐνήθλησαν
1199 4798 1275 4868 τῷ
1309 4799 1431 4870 ἀέρι
1469 4801 1518 4852 oi
1555 4800 1700 4869 ἀγιοι
1724 4843 1740 4866 ,
1769 4802 2004 4872 ήγίασαν

430 4890 524 4944 καὶ
547 4889 608 4943 τὸ
637 4887 747 4961 πῦρ
771 4890 834 4959 τῇ
871 4887 1078 4940 ἑαυτῶν
1102 4889 1408 4962 προσθήκῃ,
1442 4890 1540 4963 ῦλη
1568 4895 1634 4962 τῇ
1667 4893 1826 4961 φλογὶ
1854 4901 2006 4961 γενό-

433 4999 604 5052 μενοι.
645 4982 924 5048 Ἦνεγκαν
956 4979 1050 5031 καὶ
1082 4981 1174 5032 ἐπὶ⁵
1206 4981 1266 5033 τὸ
1299 4981 1442 5053 ὕδωρ
1477 4983 1576 5053 τὴν
1609 4983 1878 5050 εὐλογίαν.
1909 4987 2006 5038 Διά

431 5073 649 5125 πάντων
682 5069 985 5140 ἐπληροῦτο
1037 5070 1105 5124 τά
1150 5070 1267 5125 θεῖα
1315 5071 1488 5142 λόγια,
1527 5076 1589 5127 Οί
1626 5079 1774 5143 τρεῖς
1818 5077 2006 5139 παῖδες

432 5160 1068 5234 συμπαραλαμϐάνουσιν
1101 5162 1181 5226 είς
1205 5161 1304 5234 τὴν
1330 5164 1516 5234 κοινήν
1554 5165 1879 5235 ὑμνολογίαν
1899 5164 2005 5236 ψύ-

431 5268 524 5324 χος
550 5253 644 5306 ml.
665 5250 852 5322 καῦμα
873 5266 886 5279 °
910 5250 971 5304 τὸ
991 5250 1182 5322 ψύχος,
1207 5251 1291 5305 διὰ
1321 5252 1420 5322 τῆς
1441 5251 1656 5324 πήξεως
1672 5271 1686 5284 ο
1713 5255 1774 5306 τὸ
1794 5255 2006 5326 καῦμα,

431 5341 522 5394 διά
546 5342 645 5412 τῆς
670 5341 916 5405 καύσεως
936 5357 951 5372 ο
979 5337 1112 5395 Εῐτα
1138 5341 1350 5413 διῆλθον
1375 5342 1462 5396 διὰ
1482 5343 1651 5413 πυρὸς
1673 5345 1768 5397 καὶ
1794 5345 2005 5410 ὓδατος.

446 5428 585 5480 Ἀλλ’
628 5429 883 5498 ἐπιθυμεῖ
912 5429 1085 5484 ταῦτα
1113 5430 1188 5494 ὡς
1217 5432 1537 5501 ἐγνωσμένα
1567 5433 1944 5506 παραδραμεῖν
1978 5437 2008 5488 ὁ

435 5518 609 5588 λόγος,
632 5521 724 5572 καὶ
744 5519 870 5589 περί
890 5537 1033 5585 τινος
1047 5520 1154 5576 τῶν
1177 5520 1365 5594 πρώην
1383 5521 1726 5594 ζητουμένων
1753 5525 1808 5578 ἐν
1831 5522 2008 5594 καιρῷ

512 5700 554 5730 ’³
584 5701 597 5753 l
627 5699 765 5754 Tim.
787 5715 846 5765 ιι,
872 5700 958 5755 15.

2098 4807 2286 4854 secuta
2321 4810 2452 4856 sunt
2491 4804 2715 4872 qualia?
2766 4805 3130 4862 Certaverunt
3179 4809 3232 4862 in
3292 4823 3418 4864 aere
3473 4815 3679 4874 sancti,

2102 4892 2594 4950 sanctificaverunt
2634 4898 2800 4950 etiam
2829 4897 3022 4970 ignem
3065 4899 3148 4954 sui
3200 4900 3525 4970 adjectione,
3566 4920 3683 4956 ma-

2103 4982 2243 5035 teria
2283 4980 2514 5037 flamma!
2561 4983 2710 5038 facti.
2749 4965 3017 5040 Tu'lerunt
3043 4987 3208 5041 etiam
3263 4965 3328 5043 ad
3360 5006 3555 5060 aquam
3585 4995 3681 5048 be-

2104 5071 2514 5139 nedictionem;
2549 5089 2644 5142 per
2680 5075 2864 5127 omnia
2907 5073 3280 5144 implebantur
3320 5077 3505 5131 divina
3557 5097 3684 5133 ora-

2109 5163 2252 5216 cula.
2296 5162 2433 5218 Tres
2474 5166 2550 5218 illi
2587 5166 2737 5234 pueri
2783 5164 2850 5218 ad
2907 5180 3251 5222 communem
3307 5167 3527 5222 laudum
3588 5171 3682 5225 de-

2108 5255 2476 5310 cantationem
2506 5271 2613 5311 una
2643 5268 2932 5312 assumunt
2958 5256 3130 5328 frigus
3161 5269 3216 5313 et
3246 5269 3438 5315 a'stum
3470 5280 3482 5316 :
3511 5261 3682 5332 frigus

2110 5359 2208 5414 per
2240 5346 2702 5412 congelationem,
2732 5357 2926 5402 mstum
2970 5351 3523 5418 per,combustionem
3549 5375 3561 5409 :
3587 5357 3682 5410 de-

2109 5435 2239 5490 inde
2267 5437 2604 5492 transierunt
2637 5454 2734 5509 per
2758 5440 2936 5510 ignem
2977 5449 3031 5494 ct
3064 5456 3282 5511 aquam.
3317 5443 3514 5499 Verum
3569 5446 3682 5500 luec

2109 5534 2372 5598 tanquam
2397 5537 2523 5584 nota
2550 5530 2869 5600 praetervehi
2900 5532 3052 5603 cupit
3084 5536 3283 5604 oratio,
3309 5551 3374 5592 ac
3401 5537 3469 5593 de
3499 5539 3682 5610 aliqua
