4132 6356
493 283 592 335 771

1810 279 1870 337 S.
1901 275 2229 335 GBEGORII
2267 274 2561 332 NYSSENI

3624 278 3731 332 773

490 413 677 456 earum
711 397 1077 468 quaestidnum
1101 413 1220 469 quae
1263 413 1435 469 nuper
1465 409 1623 454 motae
1651 406 1800 466 sunt,
1823 414 1970 453 nunc
1999 397 2055 452 iu

2161 395 2254 448 νῦν
2282 395 2552 463 ἐξετάσαι·
2595 394 2721 449 Ὅτε
2760 393 3026 465 ἐξωρίσθη
3069 392 3162 448 τοῦ
3201 393 3527 466 παραδείσου
3573 398 3600 448 6
3635 394 3730 448 ἀν-

490 499 734 559 tempm‘e
773 490 1051 546 disserere
1087 498 1253 561 atque
1278 499 1533 545 tractare.
1573 491 1933 560 Posteaquam
1965 491 2061 544 ho-

489 596 582 637 mo
609 581 821 650 ejectus
855 591 1001 638 esset
1037 597 1068 636 a
1096 583 1373 653 paradiso,
1398 583 1610 653 gladius
1638 581 1941 647 ﬂammeus,
1962 583 2060 654 qui

489 679 798 730 verteretur
824 713 841 739 ,
864 674 1175 729 destinatus
1209 682 1265 729 et
1303 674 1603 729 collocatus
1645 682 1729 730 est
1765 674 1833 729 ad
1872 682 2060 730 custo-

489 766 749 821 diendum
789 763 1014 819 aditum.
1060 767 1125 819 Et
1166 780 1332 821 causa
1378 767 1502 820 talis
1569 764 1924 835 providentiae
1965 763 2059 820 Dei

489 862 596 918 est,
643 869 711 909 ne
737 854 900 908 homo
945 855 1270 925 irrumperet
1311 855 1379 910 ad
1425 856 1630 927 lignum
1673 857 1834 923 vitae,
1859 872 1924 912 ac
1960 854 2058 911 de-

491 953 774 1012 gustaret,
820 950 877 997 et
935 952 1275 1011 permaneret
1328 944 1674 1001 immortalis.
1736 943 2059 1002 Meministis

491 1047 722 1101 prorsus
763 1047 953 1086 eorum
977 1047 1099 1102 qua:
1134 1034 1364 1103 quaesita
1399 1033 1660 1090 fuerunt:
1692 1037 2060 1093 recordamini

493 1124 645 1189 item,
695 1130 757 1177 ut
799 1138 899 1193 par
936 1132 1060 1189 est,
1107 1126 1270 1180 etiam
1313 1141 1500 1180 eorum
1547 1142 1668 1198 quac
1705 1142 1736 1182 a
1777 1129 1935 1185 nobis
1990 1128 2058 1184 ad

493 1214 547 1268 id
591 1215 736 1284 quod
782 1216 1131 1284 quaerebatur
1166 1217 1384 1270 inventa
1422 1225 1552 1272 sunt
1603 1261 1616 1272 .
1657 1219 1752 1275 sed
1784 1221 1829 1275 si
1876 1221 2057 1275 omnia

493 1305 563 1357 ab
601 1303 760 1358 initio
802 1303 982 1358 denuo
1042 1303 1336 1376 persequi,
1379 1311 1658 1376 totamque
1717 1306 1786 1362 de
1844 1306 2060 1377 integro

492 1395 846 1464 quaestionem
899 1402 1135 1451 tractare
1166 1405 1221 1451 et
1283 1397 1556 1467 explicare
1593 1397 1825 1453 velimus
1859 1437 1874 1462 ,
1917 1397 2056 1454 ultra

493 1502 654 1556 quam
698 1501 935 1556 praesens
975 1486 1116 1541 ratio
1159 1487 1422 1557 temporis
1472 1488 1714 1558 patiatur
1740 1527 1756 1552 ,
1800 1504 1888 1545 res
1929 1504 2055 1559 pro-

492 1575 760 1629 trahetur.
807 1574 886 1629 Ac
924 1575 1156 1646 qumstio
1192 1575 1414 1645 quidem
1460 1576 1575 1633 haac
1624 1584 1868 1631 eratzan
1893 1577 2056 1633 etiam

493 1667 698 1720 sanctis
747 1673 967 1736 propter
1011 1665 1281 1735 gladium.
1325 1666 1418 1737 qui
1458 1667 1728 1735 vertitur,
1767 1669 2057 1739 paradisus

493 1758 815 1812 inaccessus
860 1755 1066 1811 sit?Et
1093 1771 1161 1810 an
1203 1757 1419 1811 athletae
1460 1756 1715 1827 paradiso
1760 1761 2061 1815 excludan-

495 1849 624 1903 tur?
651 1847 911 1914 Quaenam
938 1849 1234 1917 promissio
1259 1849 1514 1918 deinceps
1542 1850 1632 1915 sit,
1667 1850 1826 1920 cujus
1882 1866 2062 1922 respe-

491 1950 582 1994 ctu
606 1956 704 2010 pro
733 1941 927 2011 pietate
951 1941 1251 1996 certamina
1273 1943 1615 2012 suscipiunt?
1637 1943 1789 2008 ltem,
1812 1959 1879 1998 an
1911 1944 2063 2000 dete-

491 2033 638 2088 riore
661 2033 970 2088 conditione
991 2033 1159 2088 futuri
1182 2033 1482 2103 sint,quam
1508 2034 1668 2094 latro,
1694 2034 1758 2088 ad
1781 2050 1941 2104 quem
1965 2034 2064 2091 Do-

489 2125 676 2179 minus
696 2125 852 2187 dixit,
887 2123 1052 2178 Hodie
1072 2140 1271 2178 mecum
1291 2126 1394 2178 eris
1416 2125 1468 2177 in
1499 2123 1751 2194 paradiso
1775 2125 1855 2178 ⁸δῖ
1877 2123 2064 2193 Quan-

491 2231 656 2286 quam
691 2231 799 2270 non
858 2225 1050 2285 sponte
1088 2231 1187 2270 sua
1237 2216 1376 2272 latro
1414 2217 1481 2271 ad
1529 2233 1748 2273 crucem
1787 2223 2059 2293 accessit;

492 2308 587 2362 sed
621 2318 969 2378 posteaquam
1023 2324 1190 2380 prope
1245 2309 1476 2366 salutem
1513 2310 1634 2376 fuit,
1677 2313 2062 2372 animadvertit

491 2408 685 2453 acutus
731 2408 786 2454 et
819 2399 1134 2470 ingeniosus
1166 2400 1253 2454 fur
1280 2400 1620 2465 thesaurum,
1651 2413 1707 2458 ct
1736 2414 1930 2461 nactus
1968 2421 2062 2461 oc—

491 2491 765 2544 casionem
791 2491 956 2544 vitam
995 2491 1176 2560 rapuit
1203 2498 1320 2546 arte
1364 2491 1580 2546 furandi
1641 2491 1866 2562 pulchre
1900 2504 2063 2566 atque

491 2582 722 2637 solerter
757 2583 986 2637 abusus.
1022 2581 1261 2646 Domine,
1295 2594 1551 2638 memento
1583 2587 1704 2649 mei,
1753 2585 1951 2657 inquit,
2005 2588 2062 2644 in

491 2689 648 2743 regno
691 2681 779 2728 tuo
801 2674 864 2727 "’.
890 2673 1041 2728 Tunc
1071 2674 1160 2729 ille
1192 2675 1411 2745 quidem
1436 2677 1746 2745 paradisum
1777 2680 2065 2749 consequi-

492 2770 619 2817 tur:
654 2762 799 2833 quod
825 2771 1005 2817 autem
1042 2762 1110 2816 ad
1139 2772 1358 2818 sanctos
1390 2765 1602 2828 attinet,
1656 2764 1940 2824 ﬂammeus
1965 2784 2064 2825 en-

491 2853 570 2908 sis
595 2852 798 2906 aditum
841 2852 1158 2923 impeditum
1188 2853 1408 2907 reddit?
1446 2852 1590 2910 Sane
1633 2870 1663 2908 a
1703 2857 1883 2926 seipsa
1917 2873 2065 2928 quae-

491 2942 600 2997 stio
619 2942 942 2998 solutionem
970 2941 1284 2998 habet.Nam
1303 2953 1583 3014 proptgea
1616 2961 1724 3001 non
1748 2963 1960 3020 semper
1980 2951 2058 3005 in-

492 3031 864 3100 gredientibus
886 3047 950 3086 ex
980 3031 1210 3088 adverso
1237 3045 1468 3090 Stantem
1495 3035 1733 3106 gladium
1778 3036 2060 3111 Scriptura
2087 3077 2130 3138 ο

492 3120 854 3187 demonstrat,
883 3138 1070 3177 verum
1101 3125 1268 3181 etiam
1301 3126 1435 3181 verti
1489 3127 1642 3199 lingit
1671 3147 1686 3195 ;
1721 3137 1782 3185 ut
1823 3132 2062 3204 indignis

494 3213 715 3282 quidem
783 3213 1048 3270 adversus
1107 3227 1403 3287 appareat:
1436 3220 1616 3290 dignis
1644 3236 1774 3277 vero
1803 3239 1996 3280 versus
2029 3241 2062 3281 a

494 3311 649 3374 tergo
671 3307 920 3370 exsistat,
946 3307 1257 3378 expeditum
1289 3309 1372 3365 eis
1401 3310 1607 3365 aditum
1640 3312 1973 3382 patefaciens
1993 3317 2061 3372 ad

494 3391 698 3456 vitam,
731 3393 874 3448 intra
905 3409 1068 3464 quam
1119 3396 1195 3451 illi
1256 3396 1452 3452 liducia
1489 3401 1848 3457 certaminum
1907 3405 2060 3461 illazsi

493 3479 768 3536 ﬂammam
796 3485 1125 3555 transgressi
1161 3497 1549 3557 penetrarunt:
1610 3507 1715 3562 qua
1769 3493 1932 3548 etiam
1959 3511 2061 3551 nos

495 3572 763 3641 intrepide
794 3585 1048 3644 superata
1068 3616 1084 3639 ,
1125 3577 1266 3631 intra
1298 3579 1613 3648 paradisum
1653 3585 2058 3652 perveniamus,

2163 483 2400 559 θρωπος,
2433 483 2635 557 ἐτάχθη
2680 485 2937 558 φρουρεῖν
2972 485 3070 555 τὴν
3104 483 3304 538 εἴσοδον
3329 485 3554 554 φλογίνη
3598 487 3730 558 ῥομ-

2162 578 2295 648 φαία
2333 579 2368 650 ἡ
2403 577 2766 649 στρεφομένη.
2801 577 2914 630 Καὶ
2957 577 2990 648 ἡ
3025 576 3174 629 αἰτία
3204 570 3303 644 τῆς
3335 575 3590 645 τοιαύτης
3633 575 3729 630 τοῦ

2160 669 2296 724 Θεοῦ
2326 668 2685 742 προμηθείας,
2719 666 2783 722 τὸ
2809 669 2884 740 μὴ
2915 667 3205 737 παρελθεῖν
3241 662 3335 720 ἐπὶ
3367 667 3427 719 τὸ
3462 667 3562 736 τῆς
3584 665 3730 737 ζωῆς

2161 760 2316 827 ξύλον
2351 759 2444 815 τὸν
2490 761 2797 833 ἄνθρωπον,
2837 759 2932 813 καὶ
2985 759 3254 828 ἅψασθαι,
3309 759 3405 811 καὶ
3456 757 3730 829 διαμεῖναι

2159 854 2451 909 ἀθάνατον.
2484 849 2778 922 Μέμνησθε
2812 853 3027 916 πάντως
3049 850 3156 904 τῶν
3177 848 3558 922 ὲζητημένων·
3591 850 3730 921 μέμ-

2159 943 2322 1014 νησθε
2348 945 2422 1011 δὲ,
2454 945 2530 1008 ὡς
2559 943 2704 1009 είκδς
2736 944 2828 998 καὶ
2853 943 2959 997 τῶν
2987 943 3124 1015 πρὸς
3155 943 3218 996 τὸ
3239 941 3569 1014 ζητούμενον
3599 944 3731 1014 ἡμῖν

2159 1037 2479 1108 εὑρημένων
2500 1054 2514 1068 ο
2547 1035 2662 1090 ἀλλ’
2695 1037 2742 1089 εἰ
2782 1035 3068 1106 μέλλοιμεν
3118 1035 3280 1089 πάλιν
3311 1035 3405 1088 ἀπ’
3435 1035 3610 1105 ἀρχῆς
3635 1037 3732 1088 ἐπ-

2159 1129 2379 1196 εξιέναι,
2426 1128 2520 1182 καὶ
2547 1128 2666 1182 ὅλον
2691 1125 3076 1198 διαλαμϐάνειν
3121 1127 3212 1180 τὸν
3258 1126 3431 1196 λόγον,
3461 1124 3601 1192 ὑπὲρ
3639 1126 3731 1180 τὸν

2159 1217 2399 1291 παρόντα
2439 1219 2591 1273 ἔσται
2657 1220 2848 1291 καιρὸν
2909 1221 2943 1291 ἡ
2988 1219 3315 1289 παράτασις.
3364 1215 3438 1272 Τὸ
3495 1217 3595 1288 μὲν
3636 1213 3731 1271 οὖν

2159 1312 2486 1384 ζητούμενον
2512 1309 2668 1366 τοῦτο
2684 1308 2770 1383 ἦν·
2807 1307 2870 1365 Εἰ
2896 1311 2989 1365 καὶ
3012 1311 3126 1374 τοῖς
3156 1309 3331 1380 ἁγίοις
3360 1309 3558 1373 ἄϐατός
3585 1311 3731 1363 ἐστιν

2158 1402 2188 1458 ὁ
2219 1402 2546 1476 παράδεισος
2567 1403 2657 1456 διὰ
2681 1403 2782 1473 τῆς
2805 1403 3181 1474 στρεφομένης
3225 1401 3500 1473 ῥομφαίας
3519 1417 3534 1432 °
3565 1402 3656 1455 καὶ
3679 1402 3729 1454 εί

2158 1490 2251 1548 τοῦ
2278 1495 2606 1565 παραδείσου
2630 1495 2680 1548 οἱ
2710 1494 2942 1564 ἀθληταὶ
2961 1488 3338 1548 ἀποκλείονται
3363 1511 3374 1522 ·
3395 1494 3478 1556 τίς
3500 1494 3532 1563 ἠ
3555 1494 3728 1560 ἐπαγ-

2158 1583 2312 1655 γελία
2335 1581 2520 1638 λοιπὸν
2543 1583 2681 1655 ὑπὲρ
2708 1578 2778 1658 ἦς
2819 1580 3158 1654 ἀναδέχονται
3179 1578 3304 1646 τοὺς
3325 1585 3424 1654 τῆς
3451 1577 3730 1645 εὐσεϐείας

2161 1672 2398 1745 ἀγῶνας,
2427 1675 2523 1730 καὶ
2559 1678 2606 1730 εἰ
2635 1673 2728 1730 τοῦ
2763 1675 2960 1749 λῃστοῦ
2993 1675 3213 1730 ἔλαττον
3260 1675 3463 1741 ἕξουσι,
3507 1673 3644 1742 πρὸς
3671 1674 3731 1726 δν

2162 1758 2313 1817 εἶπεν
2341 1764 2369 1816 ὁ
2389 1763 2590 1832 Κύριος
2620 1803 2634 1826 ,
2670 1763 2751 1816 ὅτι
2781 1763 3049 1831 Σήμερον
3077 1763 3203 1832 μετ’
3229 1761 3375 1830 ἐμοῦ
3408 1763 3526 1830 ἔσῃ
3553 1761 3622 1814 ὲν
3652 1757 3732 1826 τῷ

2159 1851 2543 1922 παραδείσῳ;
2575 1852 2771 1905 Καίτοι
2826 1869 2890 1920 γε
2932 1853 3028 1922 οὐχ
3069 1851 3330 1914 ἑκουσίως
3363 1853 3392 1905 6
3421 1851 3624 1923 λῃστὴς
3653 1850 3733 1922 τῷ

2164 1941 2378 2012 σταυρῷ
2411 1939 2714 2010 προσῆλθεν
2734 1959 2748 1972 ο
2780 1940 2894 1994 ἀλλ’
2918 1940 3104 2012 ἐπειδὴ
3135 1943 3300 2011 ἐγγὺς
3329 1941 3427 2012 τῆς
3458 1939 3731 2011 σωτηρίας

2160 2032 2394 2102 ἐγένετο,
2425 2028 2561 2086 εἶδεν
2589 2033 2618 2085 6
2640 2031 2766 2100 ὀξὺς
2795 2034 2889 2086 καὶ
2911 2033 3119 2105 εὐφυὴς
3147 2031 3384 2100 κλέπτης
3408 2031 3499 2085 τὸν
3531 2031 3732 2103 θησαυ-

2165 2124 2275 2194 ρδν,
2306 2125 2400 2177 καὶ
2425 2123 2696 2194 ἐπιτυχὼν
2731 2121 2924 2195 καιροῦ
2957 2125 3054 2194 τὴν
3091 2123 3234 2193 ζωὴν
3258 2123 3528 2193 ὲληῖσατο,
3552 2121 3733 2186 καλῶς

2159 2217 2226 2286 τῇ
2268 2214 2535 2287 κλεπτικῇ
2570 2216 2664 2268 καὶ
2711 2215 2984 2286 εὐστόχως
3027 2215 3506 2287 ἀποχρησάμενος,
3554 2215 3733 2282 Κύριε

2155 2305 2465 2376 μνήσθητί
2475 2323 2614 2376 μου,
2628 2304 2890 2370 εἰπὼν,ὲν
2901 2304 2976 2374 τῇ
2986 2305 3274 2373 βασιλείᾳ
3289 2319 3427 2360 σου.
3440 2301 3573 2359 Εἶτα
3591 2307 3733 2358 ἐκεῖ·

2161 2415 2250 2458 νος
2273 2397 2370 2468 μὲν
2386 2394 2628 2462 ἀξιοῦται
2652 2394 2746 2450 τοῦ
2780 2397 3108 2467 παραδείσου
3133 2409 3146 2425 ·
3178 2396 3271 2450 ἐπὶ
3291 2395 3346 2450 δὲ
3365 2397 3472 2450 τῶν
3493 2397 3664 2463 ἀγίων
3696 2399 3731 2468 ή

2162 2485 2384 2557 φλογίνη
2422 2486 2664 2558 ῥομφαία
2690 2485 2977 2541 διακωλύει
3014 2487 3112 2558 τὴν
3140 2487 3377 2554 είσοδον;
3401 2481 3478 2541 Ἦ
3499 2488 3725 2541 αὐτόθεν

2161 2576 2278 2646 ἔχει
2321 2576 2420 2649 τὴν
2459 2575 2613 2628 λύσιν
2665 2575 2725 2629 τὸ
2777 2573 3014 2646 ζήτημα.
3050 2576 3150 2630 Διά
3179 2574 3336 2628 τοῦτο
3373 2575 3481 2646 γὰρ
3510 2576 3612 2628 οὐκ
3643 2575 3732 2628 ἀεὶ

2162 2666 2407 2720 ἑστῶσαν
2439 2666 2851 2739 ἀντιπρόσωπον
2879 2669 2991 2730 τοῖς
3021 2665 3245 2720 εἰσιοῦσι
3273 2666 3370 2738 τὴν
3403 2665 3674 2738 ῥομφαίαν
3702 2666 3731 2718 6

2161 2759 2317 2828 λόγος
2363 2759 2584 2826 ἔδειξεν,
2619 2759 2756 2814 ἀλλά
2791 2760 2886 2813 καὶ
2920 2759 3292 2832 στρεφομένην
3325 2759 3599 2828 ἐποίησεν,
3643 2759 3732 2812 ἵνα

2161 2855 2272 2916 τοῖς
2309 2853 2406 2924 μὲν
2442 2851 2680 2917 ἀναξίοις
2712 2851 2852 2906 κατά
2895 2851 3068 2922 στόμα
3100 2852 3460 2924 προφαίνηται
3487 2895 3502 2912 .
3534 2853 3648 2914 τοῖς
3673 2850 3731 2902 δὲ

2163 2945 2335 3012 ἀξίοις
2385 2942 2724 3016 στρεφομένη
2776 2945 2917 2998 κατά
2949 2943 3119 2997 νώτου
3161 2945 3409 3014 γίνηται,
3458 2943 3732 2996 ἀκώλυτον

2164 3037 2346 3102 αὐτοῖς
2389 3035 2486 3108 τὴν
2527 3036 2732 3090 εἴσοδον
2778 3036 2870 3089 ἐπὶ
2899 3035 2998 3106 τὴν
3039 3034 3184 3106 ζωὴν
3231 3035 3633 3104 ύπανοίγουσα⁹
3665 3029 3731 3105 ἧς

2164 3128 2316 3192 ἐντὸς
2354 3129 2553 3182 ἐκεῖνοι
2585 3127 2870 3196 γεγόνασι,
2903 3129 2970 3198 τῇ
3019 3126 3307 3198 παρρησίᾳ
3359 3125 3467 3180 τῶν
3508 3124 3732 3194 ἀγώνιον

2164 3217 2390 3283 ἀπαθῶς
2415 3219 2513 3290 τὴν
2544 3218 2716 3288 φλόγα
2744 3218 3079 3289 περάσαντες
3099 3235 3112 3248 ·
3145 3220 3210 3288 ἣν
3241 3217 3334 3272 καὶ
3371 3217 3530 3288 ἡμεῖς
3561 3215 3731 3280 ἀδεῶς

2164 3311 2504 3385 περάσαντες
2528 3353 2544 3380 ,
2584 3311 2678 3365 τοῦ
2721 3311 3050 3383 παραδείσου
3089 3311 3240 3374 ἐντὸς
3297 3310 3608 3381 γενοίμεθα,
3645 3308 3730 3362 διὰ

2165 3407 2264 3478 τῆς
2283 3406 2576 3478 πρεσϐείας
2603 3406 2782 3460 αὐτῶν
2808 3405 3213 3476 δυναμωθέντες
3241 3403 3376 3474 πρὸς
3399 3403 3496 3475 τὴν
3522 3400 3731 3473 ἀγαθὴν

2165 3499 2453 3570 ὁμολογίαν
2477 3497 2572 3552 τοῦ
2601 3497 2805 3570 Κυρίου
2832 3497 2991 3568 ἡμῶν
3017 3496 3192 3568 Ἰησοῦ
3212 3489 3532 3569 Χριστοῦ,ᾧ
3559 3494 3729 3568 ηδὸξα

2165 3591 2245 3654 είς
2271 3590 2396 3654 τοὺς
2421 3589 2623 3655 αἰῶνας
2646 3590 2755 3644 τῶν
2775 3589 3008 3645 αἰώνων.
3049 3590 3242 3662 ’Δμήν.

498 3679 595 3734 per
620 3664 836 3718 illorum
892 3666 1338 3725 intercessionem
1377 3670 1685 3728 conﬁrmati
1738 3675 1805 3730 ad
1858 3676 2059 3735 bonam
2099 3681 2499 3740 confessionem
2534 3681 2748 3739 Domini
2772 3683 2950 3740 nostri
2995 3682 3126 3741 Jesu
3159 3681 3396 3746 Christi,
3427 3681 3517 3738 cui
3556 3679 3730 3752 gloria

502 3758 554 3810 in
581 3755 778 3810 saecula
809 3757 1150 3814 saeculorum.
1185 3759 1374 3816 Amen.

573 3930 619 3964 “
647 3931 780 3991 Luc.
818 3950 975 4002 um,
1009 3936 1096 3993 45.
1174 3937 1218 3970 ⁸⁵
1244 3937 1377 3995 ibid.
1409 3938 1499 3995 42.
