4132 6356
306 301 308 304 ’
389 303 499 360 715

1500 296 1567 350 IN
1607 293 2112 363 QUADRAGINTA
2160 292 2351 348 MART
2365 292 2562 348 YRES.

3551 286 3654 351 7'14

389 451 2674 478 _____________________________________________..

1670 601 1895 689 ΤΟΥ
2015 602 2390 687 ΑΥΤΟΥ

590 806 830 917 ΕΙΣ
885 803 1275 917 ΤΟΥΣ
1347 804 2554 919 ΤΕΣΣΑΡΑΚΟΝΤΑ
2663 800 3448 920 ΜΑΡΤΥΡΑΣ

1631 1014 1849 1067 ΛΟΓΟΣ
1874 1013 2430 1068 ΕΓΚΩΜΙΑΣΤΙΚΟΣ

1499 1172 1973 1226 ΡΗΘΕΙΣΕΝ
2008 1174 2100 1241 Τῼ
2133 1171 2601 1240 ΜΑΡΤΥΡΙῼ.

1972 1356 2040 1369 -Ω

1770 1508 2313 1600 EJUSDEM

951 1641 1104 1838 tN
1197 1719 2218 1855 QUADRAGINTA
2324 1715 3104 1831 MARTYRES

1658 1938 1921 1995 ORATIO
1966 1937 2104 1994 LAU
2113 1937 2416 1994 DATORIA

1486 2095 1709 2152 DICTA
1746 2094 1832 2151 IN
1869 2095 2133 2152 EORUM
2161 2092 2561 2149 MARTYRIO.

1401 2255 1581 2305 Jacobo
1602 2255 1835 2305 Gretsero
1861 2256 1970 2304 Soc.
2013 2255 2136 2305 Jesu
2158 2253 2331 2304 Theol.
2357 2257 2656 2318 interprete.

1974 2438 2044 2452 —

468 2565 531 2617 Οἱ
563 2563 662 2635 μὲν
681 2562 897 2617 ὁπλῖται
937 2561 1223 2634 Ῥωμαίων
1241 2564 1384 2619 κατὰ
1409 2564 1574 2635 νόμον
1596 2565 1841 2637 πάτριον,
1874 2565 1968 2619 καὶ

2141 2563 2515 2620 Romanorum
2545 2562 2747 2617 milites
2782 2574 2933 2616 more
2966 2561 3165 2631 patrio,
3187 2567 3241 2616 et
3272 2562 3498 2632 antiqua
3534 2578 3639 2618 con

401 2656 688 2726 συνήθειαν
715 2655 972 2719 παλαιὰν,
1007 2655 1074 2727 ἣν
1101 2655 1288 2718 παῖδες
1310 2656 1459 2727 παρὰ
1488 2657 1768 2727 προγόνων
1795 2657 1968 2710 διαδε-

400 2747 622 2818 ξάμενοι
641 2787 654 2809 ,
693 2748 783 2800 καὶ
813 2747 972 2817 μέχρι
1001 2745 1096 2798 τοῦ
1124 2747 1390 2816 παρόντος
1412 2746 1788 2814 φυλάττουσιν,
1816 2747 1874 2798 ὲν
1901 2749 1967 2818 τῇ

400 2842 540 2909 ἀρχῇ
573 2838 665 2891 τοῦ
689 2838 980 2900 ἐνεστῶτος
1010 2837 1176 2907 μηνὸς
1200 2837 1298 2906 τὴν
1328 2837 1628 2890 πανοπλίαν
1648 2835 1970 2900 ἐνσκευαζό-

404 2947 552 3000 μενοι
579 2971 592 2992 ,
633 2931 724 2982 καὶ
750 2929 1054 3000 χωροῦντες
1079 2929 1170 2981 ἐπί
1201 2945 1253 2980 τι
1290 2929 1473 2982 πεδίον
1503 2929 1822 2998 ήπλωμὲνον
1852 2931 1971 2981 ἱκα-

401 3022 507 3084 νῶς
545 3022 638 3074 καὶ
708 3021 916 3084 ὕπτιον,
957 3021 1191 3092 ἔνθαπερ
1222 3023 1395 3086 ἔξεστι
1427 3024 1522 3076 καὶ
1565 3022 1759 3093 δρόμον
1791 3023 1972 3076 ἵππων

401 3113 658 3174 ἐκτεῖναι,
704 3112 797 3163 καὶ
829 3111 1119 3182 μελετῆσαι
1145 3114 1214 3165 τὰ
1241 3115 1496 3179 τακτικὰ,
1524 3115 1619 3168 καὶ
1667 3116 1847 3167 πᾶσαν
1882 3130 1974 3183 γυο

405 3204 709 3274 μνασθῆναι
750 3205 849 3274 τὴν
881 3204 1125 3257 ἐνόπλιον
1154 3205 1382 3274 ἄσκησιν
1403 3245 1418 3266 ,
1459 3206 1762 3276 ἀνάμνησίν
1788 3223 1846 3257 τε
1876 3205 1970 3258 τοῦ

400 3295 550 3359 ἔτους
580 3296 885 3359 ποιοῦνται,
921 3297 1014 3349 καὶ
1046 3297 1143 3366 τὴν
1171 3299 1384 3368 ἡμέραν
1418 3297 1686 3368 ἐπίσημον
1725 3299 1968 3367 ἄγουσιν.

413 3387 552 3455 Ἐγὼ
581 3389 637 3441 δὲ
679 3390 898 3458 μνήμην
941 3388 1232 3459 μαρτύρων
1271 3389 1478 3455 τελῶν,
1513 3390 1608 3441 καὶ
1655 3389 1859 3461 ταύτην
1904 3393 1970 3462 τῇ

401 3478 698 3548 προτεραίᾳ
733 3478 972 3550 κηρύξας
999 3479 1146 3547 ὑμῖν.
1175 3481 1301 3542 τοὺς
1329 3480 1422 3532 τοῦ
1451 3480 1685 3551 Χριστοῦ
1714 3483 1974 3553 στρατιῶ-

399 3585 495 3632 τας
526 3570 652 3633 τοὺς
676 3577 748 3640 μ’,
770 3571 895 3633 τοὺς
929 3571 1108 3624 πᾶσαν
1134 3571 1443 3640 προθυμίαν
1475 3572 1970 3642 ὑπερϐαλομένους,

400 3666 458 3715 ἐν
487 3664 599 3725 τοῖς
641 3661 846 3730 ἀγῶσιν
885 3662 1112 3726 ὁπλίσας
1172 3663 1261 3714 διὰ
1303 3663 1400 3732 τῆς
1449 3664 1669 3733 μνήμης
1734 3662 1973 3734 σήμερον

402 3755 749 3825 θαυμαστοὺς
781 3757 892 3816 τοῖς
924 3755 1240 3825 δυναμένοις
1269 3755 1485 3824 βλέπειν
1516 3755 1815 3825 προῖστημι
1836 3773 1848 3785 ·
1882 3755 1974 3808 κός

401 3848 535 3917 σμὸν
561 3847 658 3916 τῆς
696 3845 1038 3918 Ἑκκλησίας,
1065 3848 1157 3900 καὶ
1185 3847 1328 3900 λαῶν
1354 3846 1808 3917 εὐφροσύνην,καὶ
1838 3847 1970 3900 Θεοῦ

2071 2654 2386 2720 suetudine,
2429 2668 2594 2723 quam
2648 2667 2681 2706 a
2714 2650 3019 2721 majoribus
3043 2663 3393 2721 acceperunt,
3413 2662 3466 2707 et
3497 2671 3660 2724 nsan

2071 2747 2136 2801 ad
2163 2747 2264 2801 hoc
2293 2755 2506 2815 tempus
2534 2751 2890 2809 conservant,
2932 2744 3086 2798 initio
3139 2744 3398 2800 instantis
3435 2748 3662 2809 mensis,

2073 2841 2243 2894 armis
2272 2839 2445 2893 induti
2477 2839 2542 2892 ad
2574 2853 2828 2907 campum
2860 2837 2996 2892 satis
3023 2838 3244 2906 planum
3267 2844 3323 2892 et
3345 2837 3662 2907 aequabilem

2073 2947 2131 2986 se
2152 2929 2464 2995 conferunt,
2507 2929 2599 2984 ubi
2626 2936 2684 2989 α
2711 2944 2979 2998 equorum
3008 2944 3232 2983 cursum
3263 2931 3578 2994 extendere,
3613 2939 3662 2983 et

2072 3037 2162 3078 res
2221 3023 2486 3076 militares
2550 3022 2847 3084 instruere,
2878 3029 2932 3075 et
2985 3021 3168 3075 omnia
3226 3037 3418 3091 pugnae
3465 3039 3662 3092 genera

2073 3115 2227 3169 obire
2279 3113 2387 3167 illis
2426 3114 2553 3168 licet
2588 3131 2600 3165 :
2634 3113 2794 3167 simul
2826 3113 2988 3166 etiam
3025 3113 3152 3166 anni
3195 3116 3657 3168 commemoratio-

2074 3218 2196 3256 nem
2241 3201 2467 3264 faciunt,
2502 3207 2787 3269 totumque
2818 3200 2968 3254 illum
3001 3199 3143 3254 diem
3170 3200 3455 3270 splendide
3475 3210 3646 3272 agunt

2074 3292 2188 3364 Ego
2208 3308 2338 3347 vero
2362 3293 2678 3346 memoriam
2707 3301 3007 3362 martyrum
3039 3291 3346 3358 celebrans,
3371 3309 3532 3363 quam
3565 3295 3646 3364 pri

2075 3383 2162 3437 die
2188 3382 2350 3436 etiam
2382 3382 2538 3437 vobis
2573 3382 2766 3445 indixi,
2813 3383 3177 3454 quadraginta
3208 3382 3409 3439 Christi
3441 3387 3662 3447 milites.

2075 3473 2221 3528 omni
2277 3474 2445 3528 animi
2511 3474 2798 3528 alacritate
2849 3476 3199 3544 superiores,
3255 3477 3322 3530 ad
3385 3487 3662 3533 certamen

2076 3579 2317 3630 armare,
2363 3573 2417 3619 et
2479 3579 2642 3635 qnam
2702 3565 3055 3621 admirabiles
3111 3568 3245 3631 sint,
3307 3585 3403 3638 per
3453 3586 3661 3623 mento-

2075 3655 2213 3709 riam
2251 3656 2318 3710 iis
2350 3659 2443 3726 qui
2490 3672 2718 3712 cernere
2764 3668 2974 3728 queunt
3009 3671 3408 3730 repraeSentare
3454 3666 3658 3718 consu-

2076 3749 2178 3812 tui,
2223 3749 2316 3816 qui
2353 3763 2480 3804 vere
2517 3757 2647 3804 sunt
2702 3760 3086 3806 ornamentum
3141 3752 3422 3819 Ecclesiae,
3475 3756 3660 3810 laatitia

2076 3840 2429 3909 populorum,
2457 3850 2509 3895 et
2539 3842 2708 3912 gloria
2757 3842 2871 3908 Dei,
2905 3844 2999 3913 qui
3046 3844 3155 3901 illis
3193 3847 3365 3900 robur
3401 3849 3658 3919 suppedi-

397 3938 552 4005 δόξαν
597 3937 688 3991 τοῦ
725 3939 1127 4008 ὲνισχύσαντος.
1181 3941 1437 4010 Ἀριστον
1481 3939 1537 3991 δὲ
1583 3940 1796 4003 πάντως
1823 3978 1838 4003 ,
1881 3939 1968 3992 καὶ

2077 3931 2232 3985 tavit.
2290 3929 2568 4000 Optimum
2637 3941 2818 3988 autem
2893 3942 2978 3989 est
3042 3943 3096 3990 et
3155 3936 3660 3995 fructuosissimum

395 4030 533 4098 ἄγαν
564 4031 838 4094 λυσιτελὲς
871 4034 985 4095 τοῖς
1017 4031 1113 4102 τῆς
1152 4033 1355 4102 ἀρετῆς
1393 4033 1726 4104 διηγήμασι,
1762 4030 1886 4095 τούς
1910 4048 1970 4084 τε

396 4123 548 4186 νέους
596 4118 984 4194 ὲντρέιρεσθαι,
1037 4124 1130 4176 καὶ
1175 4123 1542 4195 συνακμάζειν
1584 4125 1711 4188 τοὺς
1748 4125 1966 4196 ἄνδρας.

406 4213 470 4266 ΊΙ
510 4215 683 4284 ἀκοή,
723 4216 886 4286 μέρος
931 4214 1294 4286 καιριώτατόν
1337 4219 1453 4268 ἐστι
1483 4215 1591 4270 τῶν
1641 4217 1968 4287 αἰσθήσεων,

397 4303 617 4374 καὶτῆς
650 4306 823 4374 ὅψεως
865 4307 962 4378 οὺχ
991 4304 1152 4379 ἧττον
1196 4309 1524 4363 διδακτικόν.
1561 4308 1659 4360 Διὰ
1707 4308 1815 4379 γὰρ
1860 4308 1970 4362 τῶν

396 4391 550 4447 ὢτων
577 4397 821 4466 ἐναργῶς
857 4398 1138 4466 ἐπεισάγει
1180 4399 1278 4468 τὴν
1315 4398 1550 4469 μάθησιν
1583 4401 1702 4462 ταῖς
1730 4398 1928 4468 ψυχαῖς
1950 4412 1968 4430 ⁸

399 4484 491 4537 καὶ
517 4485 756 4549 κίνδυνος
784 4488 844 4540 οὑ
889 4489 1082 4559 μικρὸς
1120 4489 1259 4543 καλὰ
1285 4491 1590 4560 τυγχάνειν,
1624 4490 1656 4560 ἦ
1694 4490 1872 4559 φαῦλα
1899 4491 1970 4544 τὰ

397 4575 728 4646 διηγήματα.
756 4576 854 4631 Οἷα
869 4579 976 4649 γὰρ
998 4583 1178 4633 ἐκεῖνα
1195 4580 1428 4650 λέγεται,
1454 4582 1706 4653 τοιαύτην
1731 4583 1970 4651 ἐπάναγ-

395 4685 490 4731 κες
525 4671 635 4732 τοῖς
667 4669 948 4740 λογισμοῖς
980 4675 1278 4741 φαντασίαν
1305 4673 1618 4743 ἐγγίνεσθαι
1644 4690 1657 4702 ο
1683 4674 1862 4728 ἔννοια
1887 4675 1966 4737 δὲ,

394 4761 488 4814 καὶ
520 4759 723 4832 Θεωρία
761 4761 856 4815 τοῦ
885 4759 976 4815 νοῦ
1006 4765 1263 4836 συνεχὴς,
1309 4769 1387 4830 είς
1413 4766 1706 4844 ἐπιθυμίαν
1731 4768 1853 4836 ἄγει
1876 4767 1966 4821 τὸν

393 4850 679 4922 ἄνθρωπον
711 4851 805 4904 τοῦ
845 4855 1019 4906 ποιεῖν
1048 4853 1083 4908 ἃ
1109 4856 1401 4924 λογίζεται.
1425 4859 1514 4910 Διό
1541 4876 1631 4928 μοι
1650 4859 1748 4930 τὴν
1765 4859 1967 4929 ἁκρόα⁸

395 4959 479 4997 σιν
510 4943 832 5014 γαληνῶσαν
882 4947 975 4998 καὶ
1007 4947 1407 5019 ἀμετεὼριστον
1440 4949 1794 5021 εὑτρεπίσατε
1817 4970 1829 4982 ·
1880 4951 1966 5006 ἵνα

393 5035 485 5088 καὶ
515 5037 563 5089 οἱ
599 5037 860 5107 μακάριοι
918 5037 1196 5110 μάρτυρες
1224 5041 1495 5111 τιμηθῶσι
1542 5043 1611 5095 τὰ
1653 5044 1962 5114 πρέποντα,

390 5125 485 5178 καὶ
510 5126 670 5196 ὑμεῖς
696 5125 783 5180 διὰ
807 5127 906 5197 τῆς
939 5127 1159 5198 μνήμης
1184 5127 1503 5200 παιδευθῆτε
1529 5131 1588 5185 τὸ
1612 5130 1833 5194 εὐσεϐὲς
1869 5130 1965 5185 καὶ

393 5218 658 5285 φιλόθεον.

472 5492 622 5562 Ἐμοὶ
647 5494 704 5546 δὲ
728 5495 1011 5564 πρόκειται
1039 5492 1258 5561 διπλοῦς
1291 5497 1462 5564 ἀγὼν,
1481 5501 1573 5552 καὶ
1593 5499 1708 5564 δέος
1732 5503 1805 5574 μὴ
1832 5501 1964 5564 καθ-

389 5583 596 5654 υϐρίσω
643 5585 742 5656 μὲν
771 5587 870 5658 τὴν
917 5588 1172 5641 ὑπόθεσιν
1219 5592 1286 5661 τῇ
1315 5590 1568 5663 ἀσθενείᾳ
1618 5594 1719 5662 τῆς
1761 5596 1962 5667 ἐξηγή-

388 5691 544 5738 σεως.
597 5678 720 5730 Εἴτε
766 5679 874 5749 γὰρ
920 5682 1188 5750 ὲννοήσειέ
1243 5701 1325 5746 τις
1364 5683 1528 5737 αὑτοῦ
1576 5685 1669 5738 τοῦ
1719 5689 1774 5739 ὲν
1809 5692 1962 5756 χερσὶ

389 5772 710 5841 πράγματος
745 5770 839 5842 τὴν
870 5773 1362 5846 μεγαλοπρέπειαν,
1391 5778 1533 5832 κατὰ
1575 5780 1768 5843 παντὸς
1801 5779 1958 5848 λόγου

2081 4021 2490 4078 narrationibus
2522 4023 2740 4079 virtutis
2769 4033 2823 4079 et
2871 4041 3053 4080 rerum
3087 4029 3348 4096 praeclare
3377 4040 3659 4101 gestarum

2074 4112 2303 4181 juvenes
2353 4114 2634 4179 innutriri,
2684 4124 2737 4169 et
2782 4115 2849 4170 ad
2899 4117 3114 4172 virilem
3167 4128 3383 4174 aetatem
3412 4122 3659 4178 educari.

2078 4202 2210 4258 Nam
2246 4208 2467 4260 auditus
2507 4210 2972 4277 opportunissima
2999 4225 3128 4279 pars
3153 4220 3238 4266 est
3271 4213 3416 4267 inter
3439 4229 3659 4280 sensus,

2077 4310 2181 4349 nec
2229 4297 2412 4352 minus
2461 4298 2525 4351 ad
2568 4298 2897 4353 discendum
2956 4316 3117 4370 quam
3175 4302 3332 4356 visus
3395 4304 3657 4360 confert:

2078 4383 2299 4440 auditus
2333 4387 2478 4440 enim
2511 4387 2815 4442 doctrinam
2860 4389 2916 4444 in
2954 4391 3169 4446 animos
3205 4407 3301 4461 per
3332 4409 3495 4451 aures
3537 4412 3658 4465 per-

2077 4478 2270 4546 spicue
2335 4479 2677 4545 introduxit,
2749 4497 2851 4536 nec
2913 4499 3108 4554 parum
3179 4486 3410 4543 interest
3468 4492 3659 4560 quales

2077 4570 2190 4624 sint
2244 4572 2615 4638 narrationes,
2649 4574 2807 4627 bona;
2852 4589 2921 4628 an
2975 4577 3152 4642 make,
3199 4579 3384 4647 probae
3435 4595 3501 4634 an
3557 4582 3658 4635 im-

2075 4661 2264 4730 probae
2301 4678 2313 4716 :
2349 4677 2474 4717 nam
2522 4665 2714 4734 quales
2755 4666 2861 4721 illa:
2908 4677 3058 4731 sunt,
3109 4669 3245 4725 tales
3281 4671 3334 4724 in
3369 4672 3658 4741 phantasia

2073 4770 2294 4825 quoque
2341 4756 2607 4827 imagines
2655 4760 2886 4829 produci
2917 4765 3292 4818 necessarium
3346 4774 3430 4820 est
3466 4786 3478 4821 :
3509 4771 3658 4839 cogi-

2074 4848 2209 4902 tatio
2239 4857 2420 4905 autem
2451 4859 2504 4905 et
2551 4855 2815 4907 continua
2851 4856 3051 4910 mentis
3100 4859 3520 4928 contemplatio,
3562 4862 3656 4914 lto-

2072 4941 2276 4996 minem
2323 4942 2598 4997 desiderio
2645 4945 2947 5000 incendunt
2986 4948 3054 5002 ad
3106 4950 3379 5020 agendum
3436 4968 3498 5007 ca
3536 4969 3656 5023 quae

2072 5032 2407 5104 cogitatione
2452 5036 2837 5104 apprehendit.
2869 5037 3140 5104 Quocirca
3177 5043 3340 5112 cupio
3379 5051 3438 5097 ut
3472 5046 3656 5115 quiete

2072 5135 2127 5179 et
2177 5125 2386 5194 absque
2440 5126 2673 5197 strepitu
2737 5143 2822 5183 me
2874 5129 3146 5190 dicentem
3196 5135 3453 5202 audiatis,
3501 5147 3560 5191 ut
3603 5147 3655 5193 et

2071 5213 2219 5269 beati
2266 5223 2559 5285 martyres,
2609 5226 2772 5285 prout
2815 5218 2994 5284 decet,
3035 5221 3398 5290 honorentur,
3449 5243 3656 5298 vosque

1991 5319 2033 5378 ο
2065 5321 2164 5377 per
2195 5318 2497 5378 martyrum
2543 5309 2986 5367 recordationem
3037 5313 3106 5368 ad
3152 5317 3411 5386 pietatem
3451 5319 3655 5393 Deique

2068 5398 2278 5452 cultum
2319 5400 2714 5457 informemini.

2140 5507 2222 5562 Me
2253 5524 2384 5563 vero
2432 5509 2636 5581 duplex
2675 5515 2824 5569 lucta
2870 5526 2924 5572 et
2970 5529 3150 5577 metus
3201 5535 3420 5590 manet,
3470 5545 3540 5584 ne
3567 5528 3655 5584 di-

2067 5601 2226 5655 cendi
2271 5602 2539 5659 tenuitate
2575 5619 2957 5677 argumentum
3013 5615 3256 5671 deterant
3296 5621 3454 5676 :sive
3505 5624 3652 5678 enim

2065 5695 2190 5764 quis
2233 5696 2334 5758 rei,
2370 5713 2491 5766 quae
2531 5716 2640 5768 pra:
2683 5705 2942 5761 manibus
2990 5720 3267 5778 versatur,
3319 5717 3652 5784 tnagnitudi-

2063 5803 2185 5842 nem
2226 5798 2280 5844 et
2328 5790 2668 5860 majestatem
2711 5802 3046 5870 perpendat,
3101 5819 3166 5858 ea
3215 5812 3365 5862 tanta
3413 5817 3540 5877 est,
3590 5818 3652 5866 ut
