4132 6356
514 318 618 376 775

1744 313 1801 367 S.
1853 311 2182 370 GREGORII
2217 312 2515 371 NYSSENI

3666 315 3774 372 776

510 442 758 496 omnium
803 439 1159 497 sermonibus
1190 438 1558 509 prmdicetur;
1588 437 1707 493 sive
1753 439 1880 506 quis
1918 437 2085 490 virum

2202 436 2359 508 φέρει
2395 438 2465 492 τά
2512 438 2840 509 νικητήρια·
2892 436 3005 491 εἴτε
3043 436 3134 490 τὸν
3184 435 3290 506 πρὸ
3337 433 3495 506 ήμῶν
3540 435 3627 489 διὰ
3672 436 3773 507 τῆς

520 536 677 590 illum
710 535 1012 600 intueatur,
1041 533 1132 602 qui
1159 538 1286 586 ante
1308 546 1410 585 nos
1442 531 1629 585 beatos
1654 530 1807 600 ipsos
1840 529 2096 584 laudibus

510 628 726 691 extulit,
770 634 824 681 et
867 627 1031 697 quasi
1077 623 1365 678 coronavit
1395 641 1408 677 :
1438 621 1524 675 vir
1552 623 1598 675 is
1628 636 1923 676 commune
1970 620 2096 674 uni-

512 719 791 775 versitatis
837 716 1162 772 miraculum
1208 721 1314 779 est,
1352 712 1683 769 eruditionis
1730 712 2093 775 Christianae,

511 819 567 865 et
607 824 730 881 quae
760 809 829 863 ah
883 810 1131 863 externis
1184 805 1386 859 tradita
1437 812 1544 866 est,
1574 811 1830 857 accurata
1878 817 2093 870 nonna,

513 901 877 973 philosophiae
933 901 1135 970 imago,
1181 899 1567 966 episc0pornm
1620 895 1795 949 forma
1841 905 1894 949 et
1933 893 2095 960 libra,

510 1002 695 1047 rector
750 1008 1032 1047 consonus
1084 1006 1311 1060 operum
1357 988 1522 1044 simul
1574 997 1629 1041 et
1658 986 1950 1040 verborum
1992 985 2092 1055 ta),

510 1086 600 1140 cui
637 1084 780 1156 apud
827 1098 1020 1139 omnes
1070 1083 1329 1137 mortales
1378 1080 1556 1152 gloria
1609 1077 1922 1134 indelebilis
1964 1093 2097 1132 con-

510 1183 654 1241 stat,
704 1178 956 1248 exceptis
1009 1185 1192 1232 tamen
1250 1175 1363 1230 illis
1425 1174 1520 1245 qui
1580 1188 1759 1243 neque
1811 1172 2092 1227 Christum

508 1269 869 1334 hlasphemiis
953 1269 1235 1324 incessere
1308 1269 1558 1321 horrent.
1623 1265 2092 1331 Quemadmodum

507 1361 655 1415 enim
710 1362 894 1415 nullus
962 1360 1238 1430 reperitur
1299 1358 1394 1430 qui
1452 1358 1624 1415 solem
1667 1357 1991 1413 illuminare
2039 1362 2094 1407 et

508 1452 816 1507 calefacere
862 1452 1071 1505 abnuat
1103 1470 1116 1505 :
1150 1450 1231 1505 sic
1266 1464 1430 1504 nemo
1463 1447 1798 1502 inliciahitur
1833 1461 2090 1515 magnum

508 1543 774 1600 Basilium
826 1545 1072 1598 omnium
1104 1542 1368 1596 virtutum
1410 1539 1821 1609 pulchritudine
1864 1537 2094 1591 decora-

510 1646 627 1691 tum
674 1651 798 1692 esse
831 1655 844 1690 :
877 1636 1133 1690 sublimis
1177 1634 1345 1705 igitur
1394 1633 1488 1687 ille
1537 1629 1854 1685 sublimium
1904 1629 2095 1683 lauda-

508 1738 620 1794 tor,
667 1737 1005 1799 sanctusque
1060 1736 1377 1783 sanctorum
1425 1725 1626 1788 cultor,
1675 1737 1777 1792 pro
1829 1722 2094 1777 facultate

2197 528 2393 583 ἑαυτοῦ
2425 530 2617 598 σοφίας
2652 528 3072 598 στεφανώσαντα
3101 529 3228 592 τοὺς
3263 528 3487 596 ἀγίους⁶
3537 527 3676 600 ἀνὴρ
3707 522 3771 582 οὗ

2194 621 2257 675 τὸ
2305 621 2490 692 θαῦμα
2531 622 2631 692 τῆς
2677 621 3002 692 οἰκουμένης
3037 621 3213 675 κοινόν
3236 639 3250 653 ·
3281 620 3529 685 παιδείας
3566 621 3669 689 τῆς
3707 637 3773 675 τε

2199 716 2349 786 παρὰ
2370 717 2715 787 Χριστιανοϊς
2735 757 2749 780 ,
2791 720 2884 768 καὶ
2914 714 3015 785 τῆς
3048 714 3266 780 ἔξωθεν,
3297 716 3478 769 κανὼν
3511 715 3766 785 ἀκριϐὴς,

2197 806 2512 877 φιλοσοφίας
2549 808 2791 879 ἄγαλμα,
2820 809 3133 861 ἐπισκόπων
3169 808 3339 871 τύπος
3368 807 3463 862 καὶ
3505 807 3765 869 κίνδυνος,

2195 898 2512 963 διδάσκαλος
2544 900 2721 970 ἔργων
2746 900 2841 953 καὶ
2870 900 3043 968 λόγων
3073 899 3360 970 σύμφωνος
3378 913 3394 929 ⁸
3426 899 3579 970 παρὰ
3607 900 3770 952 πᾶσιν

2196 990 2504 1061 ἀνθρώποις
2556 991 3023 1061 ἀνανταγώνιστον
3061 991 3199 1061 ἔχων
3249 990 3347 1061 τὴν
3394 991 3765 1062 εὐδοκίμησιν,

2196 1082 2334 1153 πλὴν
2374 1085 2421 1136 εἰ
2455 1083 2529 1154 μὴ
2561 1084 2688 1155 παρ’
2712 1078 2793 1147 οἷς
2819 1083 2938 1137 οὐδὲ
2970 1083 3203 1153 Χριστός
3233 1084 3380 1135 ἐστιν
3402 1082 3766 1152 ἀϐλασφήμη-

2194 1192 2305 1239 τος.
2347 1176 2434 1238 Ὠς
2464 1176 2573 1247 γὰρ
2601 1176 2774 1238 οὐδεὶς
2813 1174 3093 1243 ἀντιλέγει
3125 1175 3378 1243 φωτίζειν
3421 1176 3513 1227 καὶ
3541 1173 3768 1244 θερμαί-

2195 1286 2305 1321 νειν
2343 1267 2432 1321 τὸν
2471 1268 2641 1339 ἥλιον,
2674 1265 2845 1331 οὕτως
2872 1267 2993 1320 οὐδὲ
3038 1266 3128 1320 τὸν
3159 1267 3331 1336 μέγαν
3361 1266 3638 1319 Βασίλειον
3672 1266 3768 1318 ἀν-

2194 1359 2342 1428 τερεῖ
2373 1375 2454 1421 τις
2476 1397 2490 1418 ,
2534 1357 2609 1428 μὴ
2634 1359 2799 1411 ’παντὶ⁸
2826 1357 2905 1429 τῷ
2928 1348 3112 1411 κάλλει
3134 1359 3231 1427 τῆς
3257 1358 3457 1428 ἀρετῆς
3488 1356 3767 1427 κεκοσμῆ-

2196 1449 2339 1503 σθαι.
2376 1449 2611 1520 ’Υψηλδς
2636 1450 2735 1520 μὲν
2762 1447 2855 1504 οὖν
2880 1451 2987 1504 τῶν
3017 1448 3239 1521 ὑψηλῶν
3265 1452 3552 1521 ἐπαινέτης
3574 1490 3590 1515 ,
3614 1449 3768 1518 ἅγιος

2193 1540 2303 1593 τῶν
2336 1540 2506 1609 ἁγίων
2545 1541 2885 1613 θεραπευτής
2904 1558 2919 1574 ·
2956 1542 3099 1596 κατὰ
3131 1541 3229 1613 τὴν
3274 1541 3581 1614 προσοῦσαν
3608 1542 3767 1596 δύνα-

2197 1651 2287 1704 μιν
2318 1633 2723 1705 ἀποπληρώσας
2755 1638 2864 1699 τοῖς
2894 1635 3178 1707 ἀριστεῦσι
3200 1635 3261 1688 τὸ
3288 1634 3478 1706 γέρας.
3515 1635 3666 1704 Ἐμοὶ
3706 1633 3764 1686 δὲ

2193 1729 2253 1781 ού
2296 1728 2385 1781 διὰ
2432 1727 2590 1781 τοῦτο
2634 1728 2970 1799 σιωπητέον
3016 1728 3315 1800 ἐπειδήπερ
3360 1728 3429 1780 τὰ
3476 1726 3766 1798 θαυμαστά

507 1838 616 1892 qua
660 1794 935 1894 pollebat.
967 1822 1191 1893 inclytis
1241 1819 1548 1874 victoribus
1596 1817 1840 1871 debitum
1888 1829 2085 1869 munus

2199 1820 2449 1889 μεγάλως
2491 1820 2520 1872 ὁ
2557 1794 2845 1888 προλαϐών
2880 1794 3216 1890 διεκήρυξεν.
3253 1794 3328 1872 Oi)
3361 1820 3470 1890 γάρ
3511 1794 3626 1871 ἐστι
3669 1816 3764 1870 νῦν

505 1915 786 1985 dependit.
839 1914 1108 1969 Creterum
1151 1929 1238 1969 me
1290 1928 1398 1967 non
1445 1911 1568 1965 ideo
1618 1918 1803 1963 tacere
1850 1914 2088 1979 Oportet,

505 2009 640 2080 quia
675 2009 765 2063 ille
806 2008 958 2078 prius
993 2005 1286 2078 magnifice
1314 2013 1616 2074 martyrum
1654 2000 1972 2056 admiranda
2008 1998 2091 2052 fa-

504 2112 596 2157 cta
641 2100 1050 2171 deprardicavit,
1095 2116 1205 2155 non
1247 2099 1393 2152 enim
1437 2099 1489 2150 in
1529 2099 1784 2164 praesenti
1825 2109 1948 2149 cum
1998 2094 2091 2147 illo

505 2203 725 2250 certare
789 2194 1173 2260 instituimus,
1214 2193 1309 2246 sed
1357 2193 1413 2245 in
1462 2188 1516 2243 id
1565 2188 1974 2249 incumbimus,
2035 2192 2092 2238 ut

505 2291 669 2346 vobis
706 2289 1054 2346 auditoribus
1082 2289 1287 2359 aliquid
1322 2286 1576 2342 utilitatis
1606 2282 1902 2338 aﬂ‘eramus
1945 2300 1959 2336 :

2193 1914 2220 1965 ὁ
2258 1912 2458 1976 σκοπὸς
2501 1912 2704 1982 ἀμιλλα
2732 1912 2864 1982 πρὸς
2899 1913 2989 1966 τὸν
3023 1913 3302 1983 εἰρηκότα,
3330 1911 3444 1965 ἀλλ’
3489 1909 3642 1980 ὑμῶν
3664 1908 3764 1980 τῆς

2191 2003 2299 2058 τῶν
2325 2006 2630 2058 ἀκουόντων
2661 2004 2929 2072 ὠφελείας
2957 2005 3246 2075 ἐπιμέλεια
3264 2021 3279 2034 ·
3309 2004 3509 2073 ώυρελεί
3541 2003 3599 2055 δὲ
3635 2002 3764 2055 ἕκα-

2194 2112 2318 2157 στος
2345 2094 2562 2158 πάντως
2596 2095 2671 2158 ὡς
2697 2094 2939 2161 δύναται,
2976 2095 3079 2165 τῆς
3113 2095 3463 2158 ἀπολαύσεως
3503 2093 3610 2148 τῶν
3641 2110 3763 2164 μει-

2197 2187 2364 2251 ζόνων
2389 2187 2539 2258 παρά
2565 2186 2675 2240 τῶν
2703 2187 3116 2259 πλουσιωτέρων
3145 2186 3577 2260 χορηγουμένης.

2016 2281 2165 2351 capit
2204 2293 2386 2338 autem
2437 2283 2972 2354 qualibet‘omnino
3008 2294 3169 2355 prout
3216 2292 3419 2357 potest,
3471 2298 3535 2339 cx
3598 2281 3764 2338 rebus

506 2387 833 2443 melioribus
872 2386 1201 2449 utilitatem,
1252 2384 1472 2454 quando
1525 2383 1595 2438 ab
1645 2379 2080 2453 opulentioribus
2120 2379 2588 2435 subministratur.

579 2479 750 2550 Igitur
789 2477 1151 2550 quadraginta
1201 2476 1292 2531 isti
1328 2474 1511 2530 officio
1556 2475 1792 2544 vitaaque
1820 2470 2083 2526 instituto

502 2572 709 2627 milites
755 2581 939 2634 erant,
985 2568 1233 2623 Romano
1281 2565 1595 2635 imperatori
1634 2563 1924 2626 auctorati,
1979 2561 2084 2615 fide

504 2657 810 2717 Christiani
840 2697 855 2723 ,
881 2666 935 2714 et
979 2658 1247 2729 religione
1283 2655 1380 2726 pii.
1420 2655 1718 2726 Postquam
1751 2668 1884 2708 vero
1912 2653 1960 2707 is
1989 2649 2083 2720 qui

504 2753 617 2808 illis
634 2754 978 2824 temporibus
1010 2751 1305 2821 imperium
1336 2749 1579 2813 tenebat,
1609 2763 1755 2803 unus
1783 2762 1848 2801 ex
1884 2758 2079 2801 eorum

506 2859 740 2902 numero
787 2845 881 2915 qui
940 2844 1127 2914 plures
1193 2842 1329 2897 deos
1383 2841 1673 2905 colebant,
1741 2836 2081 2894 daemonibus

502 2939 760 2994 acerbum
801 2938 853 2993 ei
877 2936 1171 2992 consilium
1216 2945 1271 2989 et
1313 2933 1595 2989 decretum
1641 2928 2077 3002 suggerentibus,

501 3045 644 3086 nova
682 3031 800 3100 lege
848 3036 903 3083 et
941 3041 1087 3082 novo
1128 3022 1313 3080 edicto
1345 3024 1693 3080 Christianos
1741 3019 2079 3090 exagitabat,

507 3121 781 3176 mandans
811 3127 873 3174 ut
904 3132 1098 3173 omnes
1140 3115 1370 3178 subditi,
1415 3126 1508 3169 aut
1535 3112 1881 3170 daemonibus
1915 3110 2079 3166 thura

501 3209 806 3272 adolerent,
853 3214 948 3261 aut
1010 3206 1116 3260 hoc
1155 3204 1336 3260 facere
1377 3202 1773 3268 detrectantes,
1829 3200 1950 3254 neci
1996 3198 2085 3254 de-

500 3294 779 3359 derentur,
808 3304 864 3349 et
897 3303 1025 3348 ante
1059 3301 1292 3348 mortem
1336 3300 1453 3346 toto
1495 3306 1732 3362 corpore
1770 3291 1926 3345 omni
1961 3305 2085 3345 cru-

500 3386 910 3458 ciatus'genere
954 3386 1525 3453 excarttillcarentur;
1566 3395 1699 3439 tunc
1736 3382 2083 3454 tyrannicam

500 3476 890 3531 truculentiam
941 3474 1158 3545 Deoqtte
1189 3474 1423 3528 invisam
1465 3475 1636 3543 legem
1670 3486 1770 3542 pro
1803 3468 2084 3525 fortitudi-

501 3569 590 3625 nis
648 3568 1006 3624 ostendendie
1062 3582 1198 3621 ansa
1262 3567 1405 3621 beati
1452 3567 1543 3620 isti
1610 3564 1976 3633 arripientes,
2028 3570 2084 3618 et

502 3662 738 3718 seorsim
772 3662 843 3716 ab
873 3662 998 3716 aliis
1030 3659 1298 3716 militibus
1333 3658 1593 3712 eximiam
1626 3667 1683 3711 et
1714 3656 1941 3711 Christo
1986 3655 2084 3711 de-

501 3754 671 3809 ditam
707 3751 988 3807 cohortem
1034 3750 1467 3809 constituentes.
1510 3762 1632 3817 quae
1677 3747 1880 3800 virtute
1918 3744 2085 3817 spiri-

502 3857 594 3905 tus
626 3848 910 3909 militaret,
967 3856 1155 3917 aperte
1187 3860 1309 3901 sese
1354 3842 1699 3899 detestandis
1740 3840 1944 3897 litteris
1986 3856 2084 3911 op-

503 3947 836 4011 posuerunt,
899 3946 954 3993 et
1010 3935 1360 3992 concorditer
1401 3950 1615 3995 omnes,
1658 3932 1808 3988 velut
1856 3948 1923 3987 ex
1972 3947 2084 3987 uno

500 4048 620 4096 ore,
652 4032 815 4088 fidem
851 4041 1094 4086 nostram
1123 4028 1358 4100 professi
1391 4035 1541 4091 sunt,
1574 4026 1843 4088 dicentes,
1876 4032 2084 4079 morta-

501 4128 608 4184 lem
642 4127 785 4181 hanc
811 4131 867 4181 et
903 4124 1169 4180 caducam
1195 4123 1364 4177 vitam
1395 4134 1583 4192 parum
1626 4119 1732 4175 sibi
1760 4134 1908 4173 curae
1937 4132 2080 4181 esse.

502 4233 676 4288 seque
704 4216 941 4272 libenter
970 4229 1204 4285 corpora
1236 4227 1334 4268 sua
1360 4211 1526 4267 variis
1559 4217 1954 4264 tormentorum
1985 4222 2081 4278 ge-

502 4310 732 4365 neribus
795 4306 1174 4377 exposituros.
1244 4305 1596 4374 Quapmpter
1656 4301 1895 4356 crudelis
1948 4301 2082 4370 legis

2250 2471 2589 2542 Στρατιῶται
2615 2472 2714 2543 μὲι⁹
2739 2466 2833 2525 οὗν
2859 2472 2908 2525 oi
2948 2471 3379 2543 τεσσαράκοντα,
3406 2472 3500 2525 τοῦ
3525 2472 3641 2543 βίου
3662 2492 3762 2546 την

2178 2560 2333 2627 τάξιν
2373 2561 2581 2632 βασιλεῖ
2623 2563 2731 2617 τῶν
2773 2563 3061 2635 Ῥωμαίων
3104 2564 3410 2618 ὁπλιτεύειν
3461 2566 3758 2637 λαχόντες,

2180 2651 2494 2723 Χριστιανοὶ
2510 2655 2567 2709 δὲ
2587 2654 2684 2726 τὴν
2707 2655 2916 2721 πίστιν,
2942 2657 3036 2709 καὶ
3056 2656 3300 2720 εὐσεϐεῖς
3313 2657 3410 2728 τὴν
3433 2657 3756 2730 θρησκείαν.

2192 2745 2410 2811 Ἐπειδὴ
2447 2746 2504 2799 δὲ
2540 2748 2569 2800 ὁ
2607 2746 2908 2818 τηνικαῦτα
2953 2747 3203 2819 κρατῶν,
3233 2745 3312 2813 εἷς
3354 2748 3428 2803 ὣν
3455 2750 3566 2804 τῶν
3596 2752 3760 2805 πολύ-ε

2188 2834 2346 2899 θέων,
2380 2837 2650 2909 δαιμόνων
2694 2837 2842 2909 αὐτῷ
2882 2839 2942 2892 τὸ
2971 2838 3164 2911 πικρὸν
3208 2839 3555 2911 ὑποθεμένων
3585 2844 3761 2897 ὲκεῖνο

2190 2927 2495 3000 βούλευμα,
2524 2928 2695 3000 καινῷ
2742 2930 2893 3001 νόμῳ
2932 2931 3026 2985 καὶ
3081 2931 3368 3003 γράμματι
3402 2933 3760 3004 Χριστιανοὺς

2187 3021 2384 3092 ἧλαυνε
2405 3061 2419 3077 .
2451 3019 2709 3084 κελεύσας
2738 3020 2947 3084 πάντας
2973 3022 3097 3084 τοὺς
3128 3022 3400 3091 ὑπηκόους
3424 3060 3437 3084 ,
3459 3021 3493 3093 ἢ
3524 3025 3586 3077 τὸ
3612 3023 3759 3078 λιϐα-

2183 3112 2352 3165 νωτὸν
2377 3110 2647 3181 ἐναγίζειν
2670 3113 2783 3175 τοῖς
2814 3111 3083 3184 δαίμοσιν,
3125 3111 3158 3184 ἣ
3184 3113 3344 3167 τοῦτο
3370 3114 3444 3186 μὴ
3473 3116 3760 3181 ποιοῦντας

2186 3203 2400 3297 θανάτῳ
2430 3201 2907 3269 καταδικάζεσθαι,
2954 3205 3047 3257 καὶ
3077 3204 3184 3277 πρό
3218 3221 3280 3273 γε
3316 3206 3415 3276 τῆς
3463 3206 3716 3278 τελευτῆς
3739 3245 3757 3272 ,

2185 3294 2348 3349 παντὶ
2373 3296 2451 3366 τῷ
2484 3294 2698 3366 σώματι
2722 3297 2923 3361 πολλὰς
2958 3298 3250 3368 ὑπομένειν
3274 3298 3372 3363 τὰς
3396 3298 3573 3365 λώϐας
3598 3318 3612 3330 ·
3633 3303 3756 3355 τότε

2168 3388 2246 3459 ,δὴ
2274 3389 2419 3454 τότε,
2455 3387 2553 3459 τὴν
2576 3388 2905 3459 τυραννικὴν
2935 3388 3215 3460 ὠμότητα,
3245 3391 3338 3444 καὶ
3372 3391 3462 3444 τὸν
3507 3392 3756 3463 μισόθεον

2184 3481 2366 3550 νόμον.
2392 3480 2755 3551 ἀνδραγαθίας
2781 3478 2989 3534 ἑαυτῶν
3011 3482 3058 3533 οἱ
3084 3482 3342 3553 μακάριοι
3366 3485 3752 3555 ποιησάμενοι,

2184 3572 2278 3625 καὶ
2315 3570 2423 3624 τῶν
2455 3569 2629 3624 ἄλλων
2680 3569 2778 3641 μὲν
2814 3570 3218 3643 ἀπορραγέντες
3248 3573 3618 3643 στρατιωτῶν,
3653 3576 3757 3644 φά-

2182 3662 2362 3732 λαγγα
2390 3663 2663 3735 ἐξαίρετον
2693 3664 2788 3719 καὶ
2818 3663 3162 3735 φιλόχριστον
3193 3667 3667 3743 συγκροτήσαντες
3687 3670 3754 3739 τῇ

2181 3756 2407 3829 δυνάμει
2454 3758 2936 3830 στρατηγουμένην
2979 3759 3072 3813 τοῦ
3112 3760 3465 3832 Πνεύματος,
3507 3762 3758 3833 φανερῶς

2182 3852 2411 3915 ἑαυτοὺς
2434 3854 2544 3915 τοῖς
2574 3853 2792 3924 μιαροῖς
2817 3851 3281 3922 άντικατέστησαν
3304 3854 3597 3924 γράμμασι
3616 3871 3630 3885 ’
3662 3855 3758 3909 καὶ

2185 3940 2473 4011 σύμφωνον
2504 3941 2734 4006 πάντες,
2758 3939 2834 4003 ὡς
2876 3942 2940 3994 ὲκ
2972 3943 3100 4012 μιᾶς
3130 3941 3376 4014 γλώττης
3399 3982 3415 4007 ,
3440 3943 3541 4017 τήν
3572 3943 3755 3997 πίστιν

2182 4028 2338 4099 ήμῶν
2395 4028 2710 4100 ἐξεϐόησαν,
2766 4030 2960 4101 μικρὸν
3008 4033 3314 4103 φροντίζειν
3362 4032 3613 4101 λέγοντες
3652 4034 3758 4104 τῆς

2182 4119 2519 4192 προσκαίρου
2552 4120 2756 4192 ταύτης
2796 4123 2974 4193 ζωῆς,
3006 4125 3101 4177 καὶ
3150 4123 3411 4195 παρέχειν
3455 4124 3646 4179 ἔκδοτα
3686 4125 3756 4178 τὰ

2182 4212 2411 4282 σώματα
2452 4212 2724 4276 ποικίλαις
2765 4213 3036 4267 κολάσεων
3088 4213 3276 4279 ἰδέαις.
3331 4216 3390 4269 '0
3428 4216 3607 4269 τοίνυν
3654 4215 3754 4271 τοῦ

2184 4302 2358 4374 βιαίου
2389 4304 2554 4375 νόμου
2589 4303 3054 4377 τυραννικώτερος
3084 4305 3361 4378 ὑπηρέτης
3380 4347 3395 4372 ,
3420 4307 3754 4378 καταμαθὼν

502 4400 785 4456 crudelior
815 4405 1112 4454 exsecutor
1147 4405 1202 4452 et
1246 4397 1596 4457 administer,
1635 4393 1912 4449 intellecta
1953 4408 2082 4448 san-

2187 4395 2294 4449 τῶν
2325 4396 2498 4464 ἁγίων
2543 4396 2641 4467 τὴν
2678 4396 2950 4462 ἔνστασιν,
2989 4398 3276 4470 ἰσόρροπον
3318 4397 3550 4465 ἔσπευσε
3578 4417 3756 4471 μηχα-

502 4502 719 4548 ctornm
743 4502 946 4555 mente,
969 4490 1102 4544 illud
1124 4487 1433 4550 contendit,
1454 4494 1515 4539 ut
1537 4485 1807 4540 alacritati
1828 4495 1880 4539 et
1896 4500 2080 4555 prom—

506 4583 766 4655 ptitudini
806 4583 962 4652 paria
1003 4581 1275 4652 supplicia
1305 4579 1614 4644 adhiberet,
1646 4584 1701 4634 et
1742 4578 1954 4631 animos
1990 4578 2077 4632 in-

504 4673 752 4746 trepidos
785 4683 841 4729 et
871 4674 1274 4744 imperterritos
1318 4684 1460 4724 novo
1494 4681 1552 4725 et
1588 4670 1854 4725 inusitato
1885 4669 2076 4723 formi-

504 4767 652 4822 dinis
708 4766 1042 4820 ineutienda:
1083 4763 1246 4818 modo
1292 4761 1673 4816 terrelaceret.
1721 4760 1778 4816 Si
1816 4760 2081 4831 gladium,

504 4858 721 4931 inquit,
770 4855 880 4911 illis
920 4857 1256 4919 comminer,
1322 4869 1512 4924 parum
1563 4854 2082 4917 commovebuntur,

505 4965 688 5022 neque
723 4963 923 5003 manus
971 4946 1204 5009 dabunt,
1264 4952 1394 4999 sunt
1437 4944 1584 4997 enim
1614 4943 1717 4998 viri
1760 4942 1832 4998 ab
1865 4943 2086 4998 ineunte

502 5051 664 5105 aetate
695 5042 750 5096 in
795 5039 968 5094 armis
1010 5036 1227 5092 educati
1272 5044 1326 5090 et
1366 5051 1516 5088 arma
1559 5035 1702 5091 ferre
1749 5035 1976 5090 assueti.
2027 5032 2084 5087 Si

505 5139 611 5191 alia
659 5143 1059 5191 tormentorum
1072 5144 1311 5216 “genera
1367 5129 1476 5184 illis
1522 5129 1777 5195 inferam,
1816 5143 2083 5199 generose

506 5229 844 5293 tolerabunt,
890 5234 1079 5295 utpote
1122 5224 1215 5293 qui
1263 5222 1543 5292 plagarum
1567 5230 1621 5276 et
1643 5221 1928 5276 vulnerum
1961 5220 2085 5275 diu-

508 5330 729 5376 turnam
784 5316 1181 5390 experientiam
1231 5316 1491 5370 habeant.
1534 5312 1726 5384 Neque
1780 5313 1922 5384 ignis
1968 5312 2082 5366 for-

509 5411 703 5468 midini
752 5419 837 5465 est
890 5411 1024 5469 illis.
1082 5409 1177 5478 qui
1228 5408 1323 5472 ita,
1381 5414 1440 5459 ut
1472 5406 1586 5470 isti,
1642 5404 1914 5460 obdurato
1954 5411 2085 5458 sunt

510 5517 750 5578 peetore.
789 5503 922 5557 Eam
960 5501 1031 5557 ob
1072 5516 1296 5563 causam
1350 5499 1775 5570 excogitandum
1823 5506 1908 5553 est
1948 5513 2080 5567 sup-

510 5599 757 5673 plicium,
787 5596 934 5669 quod
963 5606 1020 5652 et
1051 5595 1504 5650 molestissimum
1543 5593 1845 5649 cruciatum
1878 5592 2076 5664 pariat,

2184 4487 2449 4558 νήσασθαι
2479 4486 2579 4556 τῆς
2619 4486 2926 4558 προθυμίας
2964 4487 3064 4558 τὴν
3093 4490 3387 4560 τιμωρίαν,
3423 4490 3516 4544 καὶ
3555 4491 3756 4562 ψυχαῖς

2185 4582 2485 4644 ἀνενδότοις
2512 4581 2705 4653 καινὴν
2733 4582 2830 4634 καὶ
2862 4581 3162 4654 παράδοξον
3209 4585 3501 4656 ἐπινοήσας
3528 4585 3749 4640 δειλίαν.

2186 4671 2284 4726 Ἂν
2319 4672 2378 4725 τὺ
2407 4672 2560 4742 ξίφος
2585 4674 2765 4736 αὐτοῖς
2792 4674 3091 4745 ἀπειλήσω,
3131 4676 3285 4745 φησὶ,
3329 4676 3526 4746 μικρὸς
3548 4679 3627 4739 είς
3661 4695 3755 4729 κα-

2178 4763 2444 4832 τάπληξιν
2467 4764 2496 4815 ὁ
2525 4763 2706 4832 φόϐος,
2735 4764 2828 4818 καὶ
2852 4765 3100 4836 οὐδαμῶς
3131 4766 3528 4836 ὑποκύψουσιν·
3560 4767 3752 4840 ἄνδρες

2179 4854 2289 4920 γάρ
2321 4857 2460 4906 εἰσιν
2484 4856 2541 4907 ὲν
2574 4854 2756 4918 ὅπλοις
2779 4858 2843 4908 ὲκ
2865 4855 3070 4909 παίδων
3098 4857 3379 4926 ζήσαντες,
3412 4859 3506 4910 καὶ
3537 4858 3752 4930 σίδηρον

2182 4943 2369 5012 φέρειν
2424 4942 2739 5013 εἰθισμένοι.
2806 4944 2934 4999 Ἐὰν
2982 4946 3147 5010 ἄλλας
3188 4947 3370 5011 αὐτοῖς
3417 4952 3752 5020 προσαγάγω

2183 5035 2448 5099 κολάσεις,
2488 5036 2751 5102 γενναίως
2810 5036 3328 5110 ἐγκαρτερήσουσιν,
3376 5042 3475 5092 οὐκ
3513 5039 3752 5111 ἀπείρως

2183 5127 2399 5198 ἔχοντες
2436 5126 2681 5198 πληγῶν,
2716 5129 2810 5182 καὶ
2841 5132 3186 5201 τραυμάτων
3235 5130 3356 5184 οὐδὲ
3393 5131 3456 5184 τὸ
3488 5130 3601 5202 πῦρ
3632 5132 3753 5186 ἐστι

2185 5221 2415 5293 φοϐερὸν
2443 5224 2553 5284 τοῖς
2580 5223 2928 5287 ὲνστατικῶς,
2959 5222 3033 5286 ώς
3065 5218 3228 5287 οὗτοι,
3257 5223 3639 5294 διακειμένοις.
3663 5223 3753 5276 Διὸ

2185 5315 2461 5386 προσῆκεν
2482 5314 2831 5386 ἐξευρεθῆναι
2852 5316 3141 5387 τιμωρίαν,
3170 5316 3204 5387 ἢ
3238 5316 3333 5369 καὶ
3358 5316 3457 5386 τὴν
3476 5315 3751 5386 ἐνέργειαν

2184 5405 2294 5472 ἕξει
2325 5407 2422 5477 τῆς
2442 5406 2731 5477 ἀλγηδόνος
2750 5406 3034 5479 ὀδυνηρὰν,
3066 5408 3161 5461 καὶ
3187 5406 3278 5459 τὸν
3300 5408 3489 5479 χρόνον
3522 5405 3751 5477 μακρὸν,

2185 5501 2281 5553 καὶ
2319 5498 2684 5570 παρέλκοντα.
2717 5498 2783 5552 Τί
2813 5494 2906 5553 οὖν
2936 5498 3211 5570 ἐπιμελῶς
3233 5498 3589 5554 ἐϐουλεύσατο
3615 5497 3752 5553 κατὰ

2184 5592 2306 5645 τῶν·
2321 5591 2493 5661 ἁγίων
2516 5593 2545 5644 ὀ
2562 5590 2672 5645 τῶν
2695 5590 2882 5646 κακῶν
2908 5592 3194 5665 σοφιστής;
3229 5590 3339 5646 Καὶ
3370 5592 3714 5664 μεριμνήσας
3737 5630 3753 5657 ,

583 5782 659 5855 (α)
701 5782 971 5855 Loquitur
1008 5785 1074 5842 de
1110 5782 1168 5841 S.
1204 5782 1431 5855 Basilio,
1462 5784 1622 5855 cujus
1658 5785 1836 5860 etiam
1865 5791 2043 5842 exstat
2079 5780 2269 5857 Oratio
2296 5783 2350 5839 in
2383 5798 2452 5838 si.
2491 5780 2801 5853 Martyres.-
