4132 6356
428 335 529 390 777

1521 336 1586 390 IN
1624 334 2125 403 QUADRAGINTA
2187 328 2594 394 marshes.

3585 336 3689 399 7‘78

424 446 584 523 εὗρεν
623 448 864 518 ἐναέριον
889 447 1153 510 κίνδυνον,
1178 448 1235 503 ὃν
1261 449 1548 523 πρόχειρον
1574 449 1722 521 αὐτῷ
1748 454 1992 523 παρεῖχε-,κ

2106 458 2162 506 et
2198 460 2444 524 tempore
2494 454 2632 509 satis
2672 454 2838 527 longo
2868 454 3051 512 duret.
3090 455 3237 525 Quid
3273 457 3441 531 igitur
3469 463 3691 516 consilii

421 544 453 599 ὁ
474 541 690 613 καιρὸς,
722 540 816 594 καὶ
838 542 870 611 ἡ
892 540 1064 611 χώρα.
1100 541 1163 594 '0
1187 542 1285 610 μὲν
1309 545 1417 614 γὰρ
1446 543 1655 614 καιρὸς,
1683 538 1749 613 ἦν
1772 542 1976 614 χειμών
1992 560 2005 574 ·

422 636 452 686 ό
476 635 532 687 δὲ
566 633 733 696 τόπος
752 672 767 695 ,
813 630 1072 702 ’Λρμενία
1092 673 1107 696 ,
1140 633 1171 699 ἡ
1205 634 1496 705 πρόσοικος
1537 632 1688 706 χώρα
1708 674 1721 696 ,
1754 634 1829 697 ὡς
1857 634 1969 687 ἴστε
1990 678 2005 701 ,

422 723 800 795 δυσχείμερος·
828 722 947 775 οὐδὲ
972 722 1069 793 τὴν
1099 722 1193 775 τοῦ
1221 723 1410 795 θέρους
1443 724 1591 798 ὥραν
1622 725 1869 797 ἀλεεινὴν
1894 727 2007 789 τοῖς

424 814 696 869 ἐνοικοῦσι
730 814 1044 885 παρέχουσα
1069 855 1084 879 ,
1113 813 1249 868 ἀλλὰ
1276 816 1528 870 τοσοῦτον
1559 817 1859 887 ἀγαπητῶς
1886 816 2006 869 θαλ-

425 907 637 976 πομένη
660 946 674 967 .
709 907 834 960 ὅσον
860 906 1121 977 ἐκθρέψαι
1143 908 1235 962 τὸν
1267 907 1540 979 ἄσταχυν·
1578 909 1824 980 ἀμπέλου
1859 909 1914 961 δέ
1945 911 2004 962 τδ

423 994 588 1063 φυτὸν
627 995 754 1065 παρ’
786 994 969 1057 αὐτοῖς
1016 993 1111 1046 καὶ
1144 994 1405 1065 ἠγνόηται
1427 1012 1439 1025 ·
1482 995 1576 1048 καὶ
1601 999 1629 1049 ό
1662 995 1737 1066 μὴ
1787 997 2004 1067 μακρὰν

421 1085 764 1156 ἐκδημήσας,
795 1084 989 1156 βότρυν
1012 1086 1113 1139 οὐκ
1140 1081 1279 1139 οἶδεν
1300 1101 1312 1114 °
1341 1087 1600 1159 ἐρωτᾷδέ
1637 1089 1766 1157 περὶ
1807 1104 2002 1157 σταφυι

420 1174 520 1248 λῆς
548 1169 707 1241 οὗτος
730 1219 746 1242 ,
778 1176 854 1241 ὡς
882 1179 1042 1247 ἡμεῖς
1072 1178 1203 1249 περὶ
1235 1177 1345 1231 τῶν
1374 1180 1504 1249 παρ’
1562 1179 1744 1242 Ἰνδοῖς
1783 1182 2005 1251 γινομέο

419 1286 549 1323 νων.
565 1270 715 1322 Ἐκεῖ
736 1268 915 1340 χιόνος
938 1267 1105 1339 οὔσης
1131 1262 1424 1340 ἀνατέμνει
1445 1271 1544 1341 τὴν
1566 1270 1669 1341 γῆν
1686 1271 1717 1324 ὁ
1741 1273 1999 1343 σπείρων,

419 1361 517 1414 καὶ
543 1360 636 1413 τὸν
665 1359 881 1431 ἄμητον
914 1358 1330 1431 καταλαμϐάνει
1361 1360 1556 1432 νιφάςο
1598 1360 1694 1415 καὶ
1734 1361 1827 1415 τὸν
1864 1361 2003 1433 θερι-

421 1453 555 1523 στὴν
600 1452 927 1506 ἀποδύουσιν
972 1451 1201 1523 ἄνεμοι,
1236 1451 1301 1505 ἂν
1336 1452 1412 1523 μὴ
1446 1453 1651 1524 σφόδρα
1692 1455 2001 1524 καταδήσας

418 1545 611 1596 ἑαυτὸν
653 1545 767 1606 τοῖς
802 1542 1037 1614 ἱματίοις
1057 1582 1071 1606 ,
1102 1543 1239 1615 πρὸς
1264 1543 1362 1615 τὴν
1389 1543 1511 1613 βίαν
1540 1544 1649 1599 τῶν
1676 1546 2000 1616 πνευμάτων

415 1635 829 1707 διαγωνίσηται.
862 1635 1198 1705 Μετόπωρον
1231 1634 1287 1687 δέ
1315 1635 1409 1688 καὶ
1441 1634 1543 1707 ἔαρ
1583 1636 1770 1707 σχεδὸν
1798 1636 1900 1689 ούκ
1930 1638 2000 1689 εἰ·

419 1730 526 1793 σίν,
559 1728 634 1790 ὡς
655 1728 806 1798 παρὰ
829 1727 1001 1780 κακοῦ
1032 1727 1270 1795 γείτονος
1299 1726 1395 1781 τοῦ
1439 1727 1705 1798 χειμῶνος
1744 1726 1877 1798 πρὸς
1899 1725 1998 1798 τὴν

416 1820 628 1873 ἐκείνου
657 1819 979 1874 δυναστείαν
1015 1820 1467 1890 παρασυρόμενα.

2112 546 2305 594 contra
2357 550 2583 596 sanctos
2643 544 2789 613 cepit
2838 546 3109 601 malorum
3162 547 3267 602 iste
3320 555 3573 619 repertor
3631 559 3688 605 et

2110 630 2349 685 artifex?
2377 630 2626 688 Sollicite
2674 636 3128 706 cireumSpiciens
3159 638 3370 693 invenit
3401 640 3560 710 quasi
3608 654 3692 696 ae-

2112 723 2255 775 rium
2285 721 2658 792 supplicium,-
2681 725 2825 795 quod
2872 727 2920 782 ei
2964 728 3349 798 suppeditabat
3378 738 3598 800 tempus
3636 741 3691 786 et

2108 814 2278 883 regio.
2307 814 2569 885 Tempus,
2609 816 2786 872 hiems
2834 824 2990 884 erat;
3026 819 3203 884 locus,
3235 820 3519 885 Armenia,
3566 821 3690 875 fini-

2106 905 2241 959 tima
2290 907 2454 963 nobis
2484 909 2792 978 provincia,
2834 926 2955 981 qua:
2985 925 3162 982 neque
3208 920 3453 967 testatem
3492 914 3688 970 incolis

2106 997 2227 1052 sine
2263 996 2491 1068 frigoris
2532 1000 2825 1056 afflictione
2874 1003 3114 1073 praebet,
3150 1002 3247 1057 sed
3294 1018 3362 1058 eo
3389 1005 3574 1059 calore
3606 1006 3687 1060 fo-

2107 1099 2282 1156 vetur,
2319 1091 2412 1161 qui
2445 1092 2514 1147 ad
2544 1093 2880 1148 frumentum
2928 1096 3405 1165 progenerandum
3432 1094 3636 1153 sufficit
3669 1117 3683 1153 :

2103 1188 2160 1233 at
2186 1182 2311 1237 vitis
2340 1186 2483 1252 apud
2517 1184 2641 1240 illos
2666 1185 2945 1256 incognita
2979 1196 3085 1252 est,
3116 1195 3171 1242 et
3201 1188 3292 1258 qui
3326 1201 3434 1243 non
3466 1184 3684 1259 longius

2102 1273 2488 1343 peregrinatus
2517 1285 2623 1339 est,
2673 1275 2893 1331 botrum
2938 1292 3034 1333 seu
3070 1293 3230 1332 uvam
3268 1292 3549 1348 nunquam
3601 1280 3687 1334 vi-

2101 1363 2186 1417 dit
2214 1383 2229 1418 :
2258 1365 2329 1420 de
2358 1380 2462 1420 uva
2497 1375 2683 1421 autem
2713 1368 2842 1422 talis
2886 1382 2995 1423 non
3032 1368 3194 1423 aliter
3236 1371 3455 1439 qtnerit,
3487 1385 3552 1427 ac
3581 1387 3685 1426 nos

2101 1454 2169 1509 de
2204 1455 2314 1511 illis
2346 1473 2472 1526 quae
2522 1470 2829 1515 nascuntur
2857 1460 3000 1529 apud
3045 1459 3230 1515 Indos.
3270 1462 3351 1516 lbi
3389 1463 3516 1519 nive
3546 1480 3685 1519 non-

2100 1543 2229 1598 dum
2298 1546 2595 1617 liquefacta
2656 1558 2858 1603 terram
2904 1550 3214 1619 proscindit
3275 1554 3514 1622 agricola
3564 1572 3577 1608 :
3627 1564 3684 1608 et

2101 1651 2340 1691 messem
2403 1638 2596 1693 bruma
2660 1640 2899 1711 excipit,
2966 1651 3366 1713 ventorumque
3422 1642 3681 1699 violentia

2100 1742 2403 1785 messorem
2454 1732 2699 1789 vestibus
2766 1734 2941 1797 exuit,
2991 1735 3098 1789 nisi
3140 1745 3334 1789 contra
3390 1745 3679 1790 ventorum

2033 1812 2070 1869 li
2103 1819 2502 1876 vehementiam
2553 1825 2770 1879 fortiter
2821 1826 3150 1883 vestimenta
3193 1828 3504 1898 col!igando
3560 1844 3683 1884 sese

416 1913 651 1967 muniat.
704 1913 1017 1967 Autumnus
1056 1924 1109 1966 et
1149 1928 1245 1966 ver
1280 1910 1678 1983 propemodum
1724 1910 1801 1965 ibi
1847 1910 1998 1964 nulla
2033 1922 2182 1979 sunt,
2224 1924 2411 1984 utpote
2445 1931 2473 1970 a
2512 1918 2655 1971 man
2705 1919 2910 1984 vicino,
2979 1921 3174 1975 hiemis
3248 1922 3460 1977 scilicet
3507 1923 3681 1978 inele-

416 2004 646 2068 mentia,
677 2003 987 2073 proﬂigata.

497 2095 612 2150 Ἐπ’
637 2094 854 2166 ἐκείνης
888 2095 1063 2149 τοίνυν
1110 2094 1209 2164 τῆς
1241 2093 1423 2165 χώρας
1453 2096 1545 2147 καὶ
1579 2091 1673 2146 τοῦ
1705 2091 1997 2155 ἐνεστῶτος

416 2190 585 2261 μηνὸς
610 2188 883 2250 ἀποδύσας
915 2188 1044 2250 τοὺς
1073 2187 1283 2256 ἁγίους.
1332 2186 1653 2257 ὑπαιθρίους
1682 2186 1909 2257 ἔστησεν
1940 2186 1998 2239 ἐν

409 2279 730 2349 ὁλογύμνοις
760 2280 871 2340 τοῖς
935 2276 1180 2347 σώμασιν
1219 2276 1278 2340 ἐξ
1318 2276 1564 2338 ἐναντίας
1600 2274 1694 2328 τοῦ
1735 2274 1999 2345 βασιλέως

410 2370 521 2422 τῶν
568 2369 868 2440 Ἀσσυρίων
911 2368 1131 2439 καὶτῆς
1186 2366 1535 2431 Βαϐυλωνίας
1576 2368 1839 2438 καμίνου,
1870 2366 1997 2428 τοὺς

409 2462 508 2532 τῆς
530 2460 809 2522 εὐσεϐείας
837 2458 1084 2530 μαθητὰς
1119 2456 1481 2529 ἀμυνόμενος.
1524 2457 1690 2511 Οὐδὲν
1722 2457 1779 2510 δέ
1816 2474 1996 2529 παρα-

409 2552 635 2622 πλήσιον
671 2552 750 2614 είς
777 2551 1064 2621 ἀλγηδόνα,
1090 2549 1202 2621 πῦρ
1227 2549 1445 2619 φλέγον,
1482 2550 1576 2603 καὶ
1617 2548 1825 2620 κρυμὸς
1853 2566 1992 2620 συμ-

412 2644 623 2715 πηγνὺς
678 2643 771 2696 καὶ
809 2641 1088 2712 μαραίνων
1106 2657 1122 2673 ο
1144 2640 1207 2694 τὸ
1237 2641 1334 2712 μὲν
1359 2640 1466 2714 γὰρ
1487 2637 1564 2710 τῷ
1596 2639 1798 2711 σιδήρῳ
1822 2656 1995 2710 προσ-

405 2737 561 2807 ῆκεν,
588 2734 756 2801 ὀξέως
797 2733 928 2802 ἄγον
954 2733 1045 2786 ἐπὶ
1065 2733 1155 2787 τδν
1193 2732 1454 2787 θάνατον’
1484 2730 1545 2785 τὸ
1580 2731 1637 2784 δὲ
1664 2731 1763 2803 τὴν
1792 2730 1985 2802 ὀδύνην

407 2828 530 2897 ἔχον
562 2826 870 2896 ἰσόρροπον,
901 2824 1210 2895 παρατείνει
1239 2824 1338 2896 τὴν
1375 2822 1652 2894 τελευτήν.
1687 2822 1988 2895 Ἀργότερα

407 2918 518 2989 γὰρ
548 2915 777 2970 καθόλου
804 2914 874 2968 τὰ
912 2914 1018 2968 ὑπὸ
1048 2914 1257 2986 ψυχροῦ
1281 2914 1541 2985 γινόμενα
1576 2912 1745 2985 πάθη,
1771 2910 1881 2967 οἷον
1900 2930 1990 2966 τε-

408 3007 673 3077 ταρταῖοι,
709 3005 803 3059 καὶ
834 3006 1100 3073 καρκῖνοι,
1135 3006 1230 3058 καὶ
1257 3005 1546 3076 ἄνθρακες,
1578 3006 1671 3057 καὶ
1710 3006 1810 3058 ὅσα
1839 3004 1989 3073 φιλο-

2176 2091 2234 2144 In
2281 2091 2387 2147 hac
2433 2090 2601 2161 igitur
2642 2094 2885 2164 regione,
2927 2095 3171 2152 instante
3210 2112 3418 2161 mense,
3456 2113 3681 2157 sanctos

2101 2180 2361 2235 omnibus
2392 2180 2733 2236 indumentis
2774 2182 3040 2251 spolians,
3064 2183 3169 2238 sub
3207 2184 3299 2238 dio
3343 2185 3521 2240 nudos
3566 2195 3681 2239 toto

2101 2284 2334 2339 corpore
2361 2270 2678 2335 constituit,
2703 2270 2987 2325 contrario
3014 2273 3305 2341 supplicio,
3362 2288 3529 2344 quam
3583 2291 3680 2330 res

2100 2361 2453 2431 Assyriorum
2492 2375 2618 2414 eum
2640 2376 2739 2415 sua
2780 2362 3114 2433 Babylonica
3167 2363 3389 2420 fornace
3435 2366 3681 2434 discipu-

2102 2453 2185 2506 los
2206 2452 2429 2522 pietatis
2458 2450 2720 2508 alliciens.
2770 2449 2919 2507 Nihil
2961 2469 3090 2508 vero
3129 2456 3312 2511 simile
3359 2456 3427 2510 ad
3467 2459 3681 2513 crucia-

2098 2551 2212 2596 tum
2276 2540 2624 2597 inferendum
2680 2541 2866 2606 habet,
2918 2543 3061 2613 ignis
3103 2545 3342 2610 ardens,
3393 2546 3679 2619 frigusque

2098 2633 2457 2704 compingens
2482 2642 2536 2689 et
2560 2634 2925 2702 tabefaeiens;
2966 2652 3089 2690 nam
3145 2638 3289 2707 ignis
3325 2636 3474 2694 ferro
3521 2655 3676 2695 com-

2100 2724 2257 2795 petit,
2291 2727 2634 2797 celeremque
2672 2735 2904 2782 mortem
2956 2730 3119 2798 parit,
3164 2729 3340 2801 frigus
3387 2746 3514 2787 vero
3550 2746 3677 2789 cum

2102 2816 2281 2871 dolori
2308 2817 2651 2887 procreanda
2694 2835 2881 2889 parem
2924 2820 3033 2872 vim
3060 2820 3280 2887 habeat,
3329 2833 3561 2877 mortem
3593 2832 3679 2879 ta-

2102 2924 2226 2963 men
2276 2909 2531 2979 protelet.
2578 2909 2718 2963 Nam
2778 2910 3143 2967 durabiliores
3189 2921 3319 2968 sunt
3377 2917 3679 2985 generatim

2100 3013 2295 3053 omnes
2341 3000 2444 3053 illre
2489 2999 3004 3070 alfectiones,,.qum
3039 3017 3069 3055 a
3108 3004 3311 3073 frigore
3338 3003 3675 3071 efficiuntur,

408 3095 701 3167 σοφοῦντες
736 3095 971 3166 ίατρικοὶ
994 3094 1091 3165 τὴν
1119 3095 1331 3167 ψυχρὰν
1354 3095 1486 3165 ὓλην
1515 3095 1864 3165 ἀπεφήναντο
1883 3097 1992 3158 τοῖς

2103 3098 2163 3142 ιιι
2185 3100 2313 3145 sunt
2334 3090 2511 3146 febres
2546 3101 2849 3161 quartanae,
2884 3106 3105 3157 cancer,
3141 3095 3485 3162 carbunculi,
3527 3107 3582 3153 et
3624 3099 3679 3153 id

409 3184 658 3254 σώμασιν
695 3185 963 3253 ἐμποιεῖν.
1006 3182 1193 3248 Οὕτως
1237 3185 1287 3237 οἱ
1330 3184 1655 3256 ψυχρότεροι
1703 3185 1798 3238 καὶ
1833 3202 1993 3254 πιμε-

409 3273 619 3339 λώδεις,
648 3273 973 3346 νωθρότεροι
1002 3274 1099 3328 καὶ
1126 3274 1463 3346 δύσχρηστον
1484 3275 1695 3345 ἔχοντες
1717 3276 1778 3328 τὸ
1804 3275 1992 3345 σωμά-

2098 3196 2271 3251 genus
2326 3182 2455 3247 alia,
2517 3200 2640 3253 quae
2687 3198 2719 3238 a
2770 3182 2967 3254 frigida
3006 3187 3237 3240 materia
3263 3187 3317 3241 in
3344 3190 3677 3259 corporibus

2096 3272 2249 3328 nasci
2281 3274 2620 3328 medicorum
2648 3274 2743 3330 filii
2777 3276 3019 3330 tradunt.
3054 3275 3177 3343 Quo
3212 3278 3268 3332 fit
3300 3290 3360 3333 ut
3396 3282 3488 3350 qui
3534 3281 3679 3353 frigi-

413 3384 525 3420 τιον
542 3381 554 3394 ·
579 3368 673 3420 καὶ
692 3367 760 3420 τὰ
791 3366 960 3435 ἄλογα
984 3365 1040 3418 δὲ
1063 3366 1172 3419 τῶν
1200 3366 1353 3431 ζώων
1376 3368 1593 3436 ὁμοίως.
1634 3367 1716 3421 Τὰ
1742 3366 1840 3437 μὲν
1870 3368 1992 3439 θερ·

2094 3362 2249 3418 diore
2299 3371 2353 3418 et
2396 3365 2650 3420 obesiore
2712 3367 3111 3423 constitutione
3156 3380 3319 3433 sunt,
3373 3372 3486 3424 sint
3539 3389 3678 3441 quo-

412 3458 619 3529 μὸτερα
648 3497 665 3523 ,
692 3457 862 3527 ταχέα
897 3458 992 3511 καὶΙ
1038 3458 1173 3528 πρὸς
1215 3457 1313 3529 τὴν
1337 3456 1659 3525 ἐπείγουσαν
1683 3457 1871 3529 χρείαν
1899 3458 1991 3510 εὑ-

410 3548 605 3618 κίνητα
626 3566 640 3580 ·
668 3548 736 3601 τέι
780 3550 837 3603 δὲ
880 3549 1136 3613 ἐναντίως
1172 3550 1383 3620 ἔχοντα,
1432 3549 1651 3621 βραδέα,
1688 3552 1780 3604 καί
1815 3549 1993 3621 νάρκῃ

408 3638 779 3708 πεπεδημένα.
818 3637 1004 3702 Οὖτως
1049 3640 1214 3703 ἵππος
1256 3640 1446 3710 ταχὺς,
1483 3638 1733 3713 συριγμῷ
1768 3639 1873 3710 πρὸ
1892 3640 1990 3710 τῆς

412 3729 673 3799 μάστιγος
722 3728 1118 3799 διεγειρόμενος
1165 3728 1301 3799 πρὸς
1348 3729 1438 3781 τὸν
1465 3728 1663 3800 δρόμον
1685 3745 1698 3757 ’
1735 3727 1934 3799 βραδὺς
1962 3729 1990 3783 ὁ

407 3822 547 3886 ὄνος,
599 3821 691 3874 καὶ
753 3821 905 3891 μόλις
953 3822 1043 3874 διὰ
1084 3820 1191 3875 τῶν
1246 3819 1495 3892 ῥοπάλων
1543 3820 1641 3892 τὴν
1680 3820 1989 3891 ὁδοιπορίαν

407 3914 604 3969 ἀνύων.
645 3914 823 3979 Ὀξεῖα
858 3915 890 3984 ἡ
937 3912 1222 3985 πάρδαλις,
1255 3911 1406 3983 ξηρῷ
1433 3912 1527 3965 καὶ
1559 3909 1745 3982 θερμῷ
1772 3910 1850 3980 τῷ
1880 3909 1987 3963 σώ-

412 4027 542 4078 ματι
572 4006 896 4078 διιπταμένη
920 4006 1017 4070 τὰς
1065 4004 1241 4069 νάπας
1262 4020 1275 4034 ⁸
1307 4007 1341 4072 ἡ
1375 4004 1593 4076 ἄρκτος,
1626 4002 1685 4055 τὸ
1722 4001 1987 4055 ἀνάπαλιν

410 4100 734 4171 παχυτέροις
755 4101 867 4161 τοῖς
888 4097 1104 4168 μέλεσιν
1126 4093 1556 4168 ὲμΰραδύνουσα.
1578 4093 1765 4147 Ταῦτα
1783 4093 1840 4146 δὲ
1859 4094 1987 4163 ὑμῖν

407 4193 507 4246 οὐκ
543 4192 649 4245 ἀπὸ
701 4188 893 4261 καιροῦ
934 4188 1360 4258 ἐφυσιολόγησα,
1393 4186 1506 4240 ἀλλ’
1545 4186 1632 4238 ἶνα
1662 4185 1759 4254 τὴν
1788 4201 1987 4255 καρτε-

410 4284 531 4355 ρίαν
559 4283 667 4336 τῶν
696 4281 905 4353 ἀνδρῶν
933 4280 1308 4351 καταμάθητε,
1338 4277 1429 4331 τὸν
1466 4278 1664 4348 τρόπον
1692 4274 1791 4345 τῆς
1813 4291 1986 4344 τιμωο

410 4375 531 4447 ρίας
569 4372 1012 4442 ἐπισκεψάμενοι.
1052 4370 1273 4443 Χειμὼν
1299 4371 1443 4423 ποιεί
1484 4367 1763 4437 ποταμοὺς
1801 4381 1985 4419 ναυσι-

2093 3469 2202 3525 que
2272 3455 2543 3511 tardiores
2604 3466 2663 3511 et
2723 3456 3030 3528 pigriores,
3093 3475 3327 3531 corpore
3386 3462 3454 3517 ad
3514 3479 3674 3517 usuin

2096 3562 2205 3599 non
2235 3561 2407 3616 usque
2434 3546 2570 3601 adeo
2599 3547 2786 3601 habili.
2826 3546 2983 3614 Quod
3026 3549 3192 3604 etiam
3239 3551 3296 3605 in
3345 3553 3675 3609 animalibus

2094 3637 2332 3692 rationis
2376 3637 2695 3708 expertibus
2735 3654 2963 3694 cernere
2996 3639 3121 3693 licet
3155 3659 3169 3695 :
3222 3656 3351 3697 nam
3387 3645 3672 3709 calidiora,

2092 3729 2355 3784 celeriora
2396 3739 2450 3784 et
2506 3729 2575 3783 ad
2601 3737 2883 3800 urgentem
2908 3731 3295 3787 necessitatem
3328 3734 3672 3805 expeditiora

2092 3832 2261 3891 sunt;
2314 3836 2434 3892 quae
2462 3837 2592 3876 vero
2651 3823 2928 3876 contraria
2968 3824 3346 3894 complexione
3382 3837 3670 3893 constant,

2090 3912 2248 3965 tarda
2273 3920 2402 3967 sunt
2438 3922 2491 3965 et
2544 3920 2763 3982 torpore
2784 3913 2944 3982 quasi
2970 3911 3174 3967 vincta.
3233 3913 3311 3969 Ita
3367 3933 3543 3988 equus
3588 3935 3676 3975 ce-

2090 4005 2173 4058 ler
2208 4011 2293 4060 est
2331 4004 2454 4060 solo
2486 4001 2682 4071 ﬂagelli
2716 4003 2897 4059 sonitu
2933 4003 2999 4058 ad
3038 4021 3263 4059 cursum
3316 4008 3531 4063 incitari
3578 4026 3672 4067 so-

2090 4095 2263 4163 litus;
2305 4096 2497 4151 tardus
2543 4106 2726 4149 autem
2793 4105 2879 4150 est
2920 4096 3138 4160 asinus,
3183 4107 3237 4151 et
3285 4099 3372 4151 vix
3434 4099 3671 4157 fustibus

2090 4187 2235 4260 adigi
2292 4195 2486 4258 potest,
2519 4194 2583 4263 ut!
2626 4195 2869 4257 emptum
2928 4188 3034 4242 iter
3080 4197 3299 4244 teneat:
3349 4193 3540 4262 pernix
3586 4205 3671 4249 est

2090 4279 2349 4349 pardalis,
2378 4279 2527 4333 sicco
2560 4286 2613 4344 et
2630 4278 2807 4333 calido
2838 4293 3069 4348 corpore
3107 4280 3280 4335 saltus
3302 4283 3667 4351 pervolitans;

2092 4385 2254 4425 ursus
2285 4384 2317 4424 e
2352 4366 2634 4423 contrario
2675 4368 3026 4424 densioribus
3075 4371 3337 4426 membris
3383 4382 3666 4438 constans,

407 4466 609 4536 πόρους
639 4463 978 4529 πεζεύεσθαι,
1009 4463 1105 4517 καὶ
1131 4462 1276 4532 ὕδωρ
1306 4460 1365 4514 τὸ
1390 4460 1513 4531 ῥέον
1531 4460 1610 4521 είς
1643 4458 1742 4529 τὴν
1768 4456 1875 4511 τῶν
1905 4456 1985 4509 λί-

2094 4460 2280 4514 tardus
2302 4466 2406 4515 est.
2445 4459 2569 4514 Haec
2593 4467 2777 4515 autem
2813 4476 2877 4513 ex
2912 4469 3121 4515 natura:
3150 4462 3330 4531 adytis
3360 4465 3527 4535 petita
3558 4483 3669 4522 non

403 4556 515 4609 θων
554 4554 876 4625 μεταϐάλλει
929 4552 1270 4623 σκληρότητα
1295 4566 1313 4583 ο
1343 4550 1437 4603 καὶ
1489 4548 1693 4616 πέτρας
1743 4545 1984 4609 διαλύει,

406 4647 533 4699 ὅταν
562 4644 657 4697 τοῦ
689 4644 884 4715 βάθους
916 4643 1209 4713 καθίκηται
1230 4660 1241 4671 ·
1266 4642 1359 4695 καί
1379 4640 1489 4702 τοῖς
1522 4636 1782 4700 ἐναντίοις
1807 4635 1989 4707 σώμα-

409 4754 492 4790 σιν
517 4736 701 4806 ἐξίσης
760 4734 1077 4805 λυμαίνεται
1099 4772 1115 4797 ,
1143 4734 1213 4787 τὰ
1238 4734 1337 4804 μὲν
1369 4732 1551 4786 ἁπαλὰ
1574 4730 1862 4785 λιθοποιῶν
1881 4769 1896 4794 ,
1920 4730 1988 4785 τὰ

403 4828 462 4882 δὲ
498 4826 710 4898 σκληρά
736 4826 988 4879 διαλύων.
1039 4824 1225 4886 Οὕτως
1260 4826 1288 4877 ό
1333 4818 1473 4888 οἶνος
1505 4824 1630 4877 ὅταν
1662 4824 1812 4895 παγῇ
1850 4838 1985 4892 μορ-

406 4919 600 4988 φοῦται
647 4918 783 4989 πρὸς
815 4917 907 4970 τὸν
965 4916 1285 4987 περιέχοντα
1330 4914 1507 4978 πίθον,
1551 4917 1646 4969 καὶ
1682 4914 1742 4965 τὸ
1778 4912 1987 4966 ἁπαλὸν

403 5012 580 5065 ἔλαιον
603 5011 817 5063 ἵσταται
884 5009 1102 5079 στερεὸν
1136 5009 1271 5079 πρὸς
1297 5007 1387 5060 τὸν
1419 5007 1584 5059 τόπον
1622 5005 1715 5059 τοῦ
1756 5004 1982 5073 ἀγγείου

407 5101 813 5174 σχηματισθέν-
876 5102 910 5172 ή
961 5099 1116 5164 ὖελος
1165 5100 1220 5151 δὲ
1284 5097 1377 5151 καὶ
1413 5096 1679 5165 ὄστρακον
1714 5097 1983 5167 περιρρα-

402 5192 569 5258 γέντα
620 5192 735 5254 τοῖς
770 5191 957 5262 ὑγροῖς
1008 5186 1416 5258 διαθρύπτεται.
1485 5185 1610 5239 Ζὼα
1663 5184 1719 5237 δὲ
1768 5185 1839 5236 τὰ
1887 5182 1988 5254 τὴν

399 5282 578 5352 ὄρειον
612 5281 757 5351 ζωὴν
808 5280 1041 5350 λαχόντα
1095 5279 1191 5333 καὶ
1255 5276 1549 5348 ὕπαιθρον,
1595 5274 1665 5329 τὰ
1712 5275 1809 5346 μὲν
1847 5274 1985 5329 διόλ-

402 5371 579 5437 λυται,
611 5371 680 5424 τὰ
706 5372 762 5424 δέ
803 5374 868 5442 τῇ
918 5370 1193 5443 ὑπερδολῇ
1220 5368 1315 5422 τοῦ
1358 5367 1528 5420 κακοῦ
1572 5366 1986 5423 ἐπιλανθάνεται.

404 5461 500 5514 καὶ
550 5461 650 5529 τῆς
699 5462 1040 5532 ἀγριότητος.
1093 5460 1320 5528 Ἐλαεροι
1383 5457 1493 5529 γὰρ
1554 5459 1648 5510 καὶ
1717 5457 1975 5528 δορκάδες

403 5550 462 5602 ἐν
497 5550 755 5620 μάνδραις
784 5550 1126 5614 αὐλίζονται·
1169 5550 1291 5603 οὔτε
1333 5548 1499 5611 κύνας
1540 5546 1657 5598 τότε
1689 5546 1981 5608 δειλιῶσαι,

405 5641 528 5695 οὔτε
569 5645 694 5705 τοὺς
728 5642 1041 5709 ἐγγίζοντας
1083 5642 1508 5711 ἀποφεύγουσαι.
1550 5639 1623 5691 Τὸ
1657 5638 1764 5707 γὰρ
1800 5637 1983 5706 μεῖζον

404 5734 493 5789 ἀεὶ
543 5734 713 5788 δεινὸν
764 5735 872 5787 τῶν
938 5734 1339 5803 ὑποδεεστέρων
1398 5731 1578 5801 φόϐων
1634 5728 1982 5799 τῆν’δειλίαν

730 5828 1002 5888 Parnm.
1061 5828 1178 5887 Gn.
1209 5826 1426 5887 XLVI.

2088 4551 2187 4604 abs
2216 4564 2275 4604 re
2302 4547 2456 4604 vobis
2492 4548 2771 4619 pr0posui,
2810 4548 2905 4603 sed
2936 4559 2994 4602 ut
3032 4549 3370 4620 intelligatis,
3394 4554 3667 4623 quodnam

2089 4641 2345 4711 supplicii
2405 4657 2579 4712 genus
2647 4642 2903 4711 generosi
2956 4642 3046 4697 isti
3111 4644 3666 4721 pugilcssubierint.

2086 4731 2275 4788 Hiems
2327 4732 2481 4797 facit,
2531 4741 2590 4787 ut
2622 4732 2849 4786 ﬂuniina
2888 4733 3223 4801 navigabilia
3274 4734 3505 4804 pedibus
3547 4753 3673 4806 per-

2087 4833 2462 4889 transeantur,
2494 4833 2661 4896 utque
2694 4840 2835 4896 aqua
2868 4826 3072 4896 alioqui
3104 4827 3275 4882 ﬂuere
3305 4829 3466 4883 solita
3497 4830 3549 4882 in
3590 4832 3667 4882 la-

2087 4917 2274 4987 pidum
2299 4915 2554 4971 duritiem
2585 4924 2941 4972 couerescat:
2982 4917 3118 4987 quin
3152 4926 3209 4974 et
3250 4928 3435 4988 petras
3470 4921 3670 4974 dissol-

2086 5007 2186 5067 vit,
2228 5004 2449 5074 quando
2484 5004 2552 5059 ad
2591 5004 2924 5076 profundum
2959 5022 3132 5077 usque
3161 5010 3528 5079 penetraverit
3564 5025 3576 5061 :
3614 5018 3669 5061 et

2086 5095 2382 5148 contrariis
2412 5094 2738 5165 corporibus
2765 5095 3018 5150 similiter
3048 5096 3254 5163 officit;
3302 5113 3428 5152 nam
3483 5108 3667 5154 tenera

2090 5184 2147 5240 in
2182 5183 2392 5254 lapides
2419 5186 2606 5249 vertit,
2634 5184 2773 5238 dura
2808 5192 2991 5240 autem
3008 5182 3297 5242 ’dissolvit.
3332 5184 3423 5242 Sic
3454 5188 3662 5254 vinum,

2088 5275 2309 5346 quando
2352 5275 2706 5345 congelascit,
2744 5275 2973 5330 formam
3009 5277 3140 5332 dolii
3177 5278 3234 5332 in
3271 5294 3382 5349 quo
3414 5281 3666 5337 contine-

2088 5380 2198 5433 tur,
2225 5367 2426 5433 induit,
2458 5367 2749 5435 oleumque
2775 5365 3044 5436 liquidum
3075 5369 3306 5424 firmiter
3322 5372 3576 5426 consistit
3594 5374 3665 5428 ad

2086 5459 2314 5530 ﬁguram
2342 5459 2487 5513 vasis
2521 5456 2964 5525 conformatum;
2998 5461 3199 5515 vitrum
3232 5478 3398 5532 porro
3436 5472 3493 5520 et
3520 5473 3664 5520 testa

2089 5551 2315 5604 humore
2343 5548 2791 5619 confringuntur.
2817 5550 3254 5623 Animalia,quae
3288 5555 3341 5607 in
3385 5557 3664 5612 montibus

2085 5647 2137 5694 et
2159 5640 2261 5693 sub
2283 5638 2375 5692 dio
2404 5639 2631 5709 degunt,
2660 5640 2859 5708 partim
2885 5640 3106 5710 quidem
3137 5643 3435 5707 intereunt,
3464 5651 3660 5715 partim

2087 5730 2465 5803 magnitudine
2518 5730 2670 5798 mali,
2719 5731 2954 5789 feritatis
3000 5737 3269 5791 naturalis
3320 5737 3658 5794 obliviscun-

3248 5829 3328 5890 25
