4132 6356
486 279 590 335 779

1703 269 1764 331 3.
1797 266 2125 327 GREGOBII
2149 267 2455 324 NYSSEM.

3608 224 3741 327 ’τεο

486 406 593 452 tur.
620 392 780 450 Cervi
809 391 955 447 enim
976 397 1035 447 et
1054 405 1271 462 capreae
1301 389 1354 445 in
1389 388 1636 444 mandris
1684 402 1780 443 seu
1828 386 2032 443 ovilibu

2168 386 2437 441 ἐκϐάλλει.
2473 385 2720 456 Ὄρνιθες
2760 385 2817 439 δέ
2874 385 3003 455 παρ’
3057 383 3365 456 ἀνθρώποις
3416 383 3731 448 εἰσοικίζονο

484 486 853 548 stabulantur,
878 497 1058 552 neque
1082 496 1251 537 canes
1273 488 1408 536 tunc
1445 487 1733 548 metuunt;
1769 495 1946 550 neque
1979 494 2064 534 ae-

485 581 792 636 cedentium
826 576 1117 633 formidine
1146 574 1474 644 aufugiunt:
1509 589 1727 644 setuper
1759 574 1915 630 enim
1941 588 2063 644 gra-

484 671 607 725 vius
653 669 857 723 malum
897 666 1177 721 minorum
1210 665 1481 718 malorum
1529 663 1782 718 timorem
1815 663 2057 733 expellit.

485 759 631 814 Aves
665 765 847 812 autem
894 769 1020 810 cum
1065 753 1382 809 hominibus
1423 753 1690 818 habitant,
1730 760 1786 808 et
1824 754 1928 819 sub
1962 768 2059 809 eo-

485 848 609 903 dem
661 855 804 903 tecto
844 853 1094 899 manent.
1133 845 1204 898 At
1251 844 1503 899 homines
1539 859 1691 898 mare
1728 842 1973 911 fodiunt,
2002 852 2057 900 et

485 937 862 994 instrumentis
892 936 1094 1007 quibus
1118 935 1321 1005 alioqui
1347 935 1556 1005 lapides
1584 934 1822 1000 caedunt,
1855 950 2052 1004 aquam

485 1028 835 1098 percutiunt:
880 1035 935 1082 et
976 1027 1174 1082 vicinis
1217 1042 1439 1097 quoque
1488 1027 1710 1083 sedibus
1744 1027 1955 1093 dissiti,
1993 1043 2054 1083 sc

483 1128 676 1176 nuituo
721 1119 875 1175 adire
911 1125 1208 1189 nequeunt.
1252 1117 1532 1188 Ejusmodi
1574 1128 1790 1189 tempus
1819 1125 2052 1190 tyranno

484 1226 635 1266 arma
685 1210 949 1266 adversus
996 1219 1265 1281 martyres
1305 1210 1690 1280 suppeditavit.
1754 1208 2052 1280 Oportebat

483 1302 657 1367 enim,
691 1310 753 1357 ut
781 1308 1026 1372 apparet,
1048 1300 1261 1355 beatam
1283 1301 1439 1356 istam
1474 1301 1750 1356 cohortem
1775 1317 1896 1357 οιυη
1912 1317 2050 1355 novo

483 1387 736 1462 supplicii
783 1406 980 1461 genere
1020 1389 1353 1460 depugnare,
1417 1397 1477 1444 ut
1542 1406 1652 1459 pra:
1701 1391 1889 1446 multis
1926 1392 2047 1446 aliis

479 1482 814 1556 martyribus
854 1482 1185 1553 singularem
1216 1489 1271 1537 et
1315 1483 1570 1537 eximiam
1603 1482 1832 1552 gloriam
1868 1483 2045 1554 adipi.

476 1581 785 1631 scercotur.
830 1572 1064 1627 Stabant
1118 1570 1286 1642 igitur
1339 1578 1657 1634 trementes,
1707 1579 1762 1625 ct
1805 1572 2044 1626 membra

479 1664 928 1734 congelahantur,
955 1671 1011 1715 at
1051 1670 1234 1718 mente
1278 1661 1498 1715 immota
1547 1670 1601 1715 et
1653 1661 2043 1730 imperturbata

2161 494 2280 541 ται,
2321 478 2414 530 καὶ
2457 477 2711 548 μένουσιν
2747 476 3067 548 ὑπωρόφιοι.
3105 473 3414 544 Ἄνθρωποι
3447 472 3505 526 δέ
3539 472 3731 527 πόντον

2157 567 2459 638 ὀρύττουσι,
2481 567 2573 620 καὶ
2592 565 2894 636 λιθουργοϊς
2915 565 3166 635 ὀργάνοις
3208 564 3269 616 τὺ
3284 563 3425 635 ὕδωρ
3448 562 3731 616 κόπτουσιθ

2156 657 2249 710 καὶ
2268 657 2318 710 οἱ
2343 655 2568 726 πλησίον
2587 655 2836 724 ἀλλήλοις
2865 655 2964 707 οὐκ
2992 655 3393 724 ἐπιμίγνυνται.
3419 653 3476 706 Ὀ
3490 649 3731 715 τοιοῦτος

2154 747 2345 819 καιρὸς
2401 746 2563 801 ὅπλον
2590 745 2669 818 τῷ
2695 744 2943 817 τυράννῳ
2986 743 3126 798 κατά
3147 743 3254 797 τῶν
3287 742 3575 815 μαρτύρων
3607 743 3729 811 ἐγὲι

2152 855 2294 893 νετο.
2322 838 2466 892 Ἔδει
2497 838 2628 911 γὰρ,
2655 838 2731 901 ὡς
2764 837 2928 898 ἔοικε,
2950 836 3051 906 τὴν
3087 835 3329 906 μεγάλην
3381 835 3474 888 καὶ
3503 832 3728 904 σύμφω-

2152 947 2241 984 νον
2260 928 2366 983 τῶν
2409 929 2694 1002 μακαρίων
2740 928 2993 999 φάλαγγα
3030 926 3200 997 καινῷ
3224 929 3412 996 τρόπῳ
3453 925 3733 996 τιμωρίας

2151 1020 2599 1090 ἐναγωνίσασθαι,
2619 1020 2704 1073 ἵνα
2730 1018 2867 1092 πρδς
2882 1019 3006 1082 τοὺς
3034 1018 3261 1082 πολλοὺς
3279 1017 3387 1070 τῶν
3433 1016 3733 1088 μαρτύρων

2148 1109 2477 1182 ἀσύγκριτον
2493 1111 2798 1183 κτήσωνται
2811 1110 2909 1179 τῆς
2920 1108 3198 1172 εὐσεϐείας
3219 1107 3317 1179 τῆν
3340 1107 3725 1177 δόξαν.Ἕστη·

2149 1218 2248 1255 σαν
2276 1198 2390 1265 οὖν,
2425 1201 2520 1256 καὶ
2564 1202 2871 1272 ἐπήγνυντο
2901 1200 2969 1254 τά
3001 1199 3138 1271 μέλη
3162 1200 3473 1270 τρέμοντες,
3499 1196 3593 1251 καὶ
3622 1197 3732 1268 τὴν

2146 1293 2369 1366 γνώμην
2394 1292 2687 1364 ἀκλόνητον
2721 1292 2954 1363 ἔχοντες,
2996 1291 3122 1345 θέαν
3156 1289 3484 1362 παρέχοντες
3517 1288 3728 1356 ἐναγώ-

2146 1400 2279 1448 νιον,
2338 1383 2612 1453 ἀγγέλοις,
2653 1382 2961 1456 ἀνθρώποις
3006 1382 3099 1436 καὶ
3145 1382 3430 1453 δαίμοσι...
3462 1378 3730 1449 Ἄγγελοι·

2148 1476 2247 1547 μὲν
2278 1476 2369 1529 τὸν
2400 1476 2676 1547 χωρισμδν
2698 1474 2805 1528 τῶν
2829 1472 3014 1547 ψυχῶν
3042 1474 3300 1545 ἀνέμενον
3318 1512 3336 1538 ,
3359 1474 3444 1525 ἵνα
3475 1470 3722 1544 παραλα-

2143 1564 2327 1627 6όντες
2356 1564 2525 1627 αὑτάς
2550 1562 2693 1634 «ea;
2716 1563 2806 1616 τὴν
2836 1562 2962 1615 ἴδιον
3000 1561 3322 1630 ἅναγάγωσι·
3348 1557 3566 1629 κλῆρον.
3595 1557 3728 1610 ’Λνο

2144 1654 2351 1725 θρωποι
2372 1653 2428 1706 δὲ
2454 1653 2515 1706 τὸ
2545 1653 2697 1717 τέλος
2741 1650 3129 1724 ἐκαραδόκουν,
3160 1650 3260 1720 τῆς
3289 1647 3475 1717 κοινῆς
3505 1647 3727 1718 φύσεως

430 1820 431 1823 η
479 1755 726 1826 angelis.
786 1753 1098 1809 hominibus
1167 1760 1221 1806 et
1274 1750 1614 1806 daemonibus
1671 1752 2035 1821 spectaculum

2141 1746 2241 1817 τὴν
2273 1744 2500 1815 δύναμιν
2525 1742 2950 1815 δοκιμάζοντεςν
2982 1744 3030 1795 εί
3054 1742 3142 1795 διά
3172 1740 3334 1810 φόϐον
3383 1740 3475 1793 καί⁵
3528 1737 3723 1792 ἐλπίδα

475 1843 827 1900 exhibebant.
887 1843 1074 1912 Angeli
1105 1841 1250 1896 enim
1295 1842 1690 1912 separationem
1742 1842 2043 1896 animarum

477 1933 859 2002 acorporibus
913 1932 1335 2002 exspectabant,
1384 1938 1444 1986 ut
1488 1929 1610 1987 illas
1662 1932 1717 1985 in
1770 1932 2042 2002 propriam

475 2028 682 2076 sortem
723 2028 778 2076 ct
823 2021 1114 2076 Stationem
1160 2020 1510 2075 deducerent.
1561 2016 1819 2075 Homines
1863 2027 2044 2074 autem

476 2110 930 2183 prtestolabantur
965 2110 1122 2163 liuent
1145 2149 1163 2174 ,
1210 2110 1515 2165 communis
1539 2119 1749 2164 natura:
1790 2108 1955 2165 robur
1990 2117 2045 2165 et

475 2202 774 2274 potentiam
812 2200 1147 2272 probantes;
1193 2213 1315 2268 qua:
1385 2205 1609 2269 propter
1674 2198 1925 2253 timorem
1986 2206 2041 2253 et

475 2307 628 2364 spem
661 2276 943 2347 futuri'tot
972 2305 1035 2345 ac
1062 2289 1227 2345 tantis
1252 2287 1591 2348 cruciatibus
1641 2287 1892 2360 superior
1919 2302 2042 2343 esse

473 2395 678 2456 posset.
705 2384 775 2437 At
801 2367 1096 2448 daemones,
1122 2380 1340 2445 curiose
1360 2378 1428 2433 ad
1450 2393 1533 2442 ea,
1550 2394 1670 2448 qua:
1684 2378 2036 2449 gerebantur,

472 2473 853 2538 intendebant,
874 2487 999 2528 cum
1027 2486 1227 2542 magno
1265 2458 1539 2526 desiderio
1566 2470 1784 2524 videndi
1819 2470 2035 2524 ruinam

472 2562 806 2621 athletarum
863 2570 920 2618 et
994 2550 1361 2632 periculomm
1409 2559 1876 2616 detrectationem.
1929 2558 2037 2616 Sed

471 2670 597 2725 spes
625 2654 841 2711 illorum
875 2652 1101 2708 confusa
1127 2659 1231 2716 est,
1267 2658 1491 2722 propter
1523 2650 1697 2714 illum,
1751 2652 1843 2721 qui
1886 2658 2036 2705 mar-

470 2751 618 2815 tyres
652 2743 806 2797 intus
839 2740 1220 2797 confirmabat.
1268 2739 1587 2794 lntuebatur
1629 2739 1775 2795 enim
1812 2741 2033 2796 mutila-

469 2836 646 2889 tiones
676 2834 905 2904 quilibet
931 2832 1204 2903 proprias,
1234 2839 1290 2885 et
1315 2832 1567 2897 aliorum,
1591 2847 1802 2888 omnes.
1846 2830 1912 2886 Et
1944 2831 2035 2887 hic

466 2922 686 2993 quidem
711 2921 923 2993 iacebat
950 2919 1086 2991 pede
1106 2928 1198 2975 aut
1236 2921 1422 2991 digitis
1455 2921 1859 2989 difﬂuentibus;
1890 2922 2032 2979 alius

2142 1837 2238 1892 τοῦ
2271 1836 2554 1908 μέλλοντος
2589 1834 2920 1907 τηλικούτων
2965 1832 3385 1904 κατευμεγεθείν
3413 1830 3728 1902 ἀλγηδόνων

2147 1930 2445 2001 ίσχύοιμεν.
2476 1926 2738 1999 Δαίμονες
2770 1926 2825 1980 δὲ
2871 1925 3074 1997 σφόδρα
3110 1926 3396 1996 προσεῖχον
3427 1925 3540 1986 τοῖς
3569 1939 3717 1992 γινο·

2148 2021 2354 2091 μένοις,
2378 2016 2768 2088 ἐπιθυμοῦντες
2797 2015 2923 2069 ίδεῖν
2949 2016 3048 2086 τὴν
3085 2014 3288 2069 πτῶσιν
3313 2013 3420 2068 τῶν
3448 2013 3717 2083 ἀθλητῶν,

2140 2112 2237 2166 καὶ
2267 2111 2367 2182 τὴν
2395 2107 2532 2181 πρὸς
2557 2109 2683 2172 τοίὸς
2716 2106 2993 2171 κινδύνους
3022 2105 3282 2178 ἄνανδρον
3326 2105 3713 2176 ἀπαγόρευσιν.

2148 2202 2215 2255 Ἦ
2238 2202 2295 2255 δέ
2318 2200 2468 2265 ἐλπὶς
2494 2199 2672 2255 αὖτῶν
2697 2198 3064 2272 κατῃσχύνθη,
3083 2197 3168 2251 διὰ
3199 2199 3290 2251 τδν
3317 2195 3723 2267 ἐνδυναμοῦντα

2138 2291 2291 2347 Θεόν.
2333 2291 2598 2345 Ἔϐλεπον
2629 2291 2739 2363 γὰρ
2757 2290 2886 2354 τοὺς
2917 2288 3427 2361 ἀκριητηριασμοῦς,
3458 2286 3553 2340 καὶ
3588 2287 3716 2350 τοὺς

2143 2384 2304 2448 ίδίους
2324 2384 2573 2448 ἕκαστος,
2619 2383 2868 2447 καὶτοὺς
2909 2381 3151 2453 ἀλλήλων
3192 2382 3243 2434 οἱ
3269 2381 3489 2444 πάντες.
3529 2381 3586 2433 ’0
3614 2380 3714 2451 μὲν

2136 2472 2313 2526 ἔκειτο
2339 2472 2497 2537 ποδὸς
2537 2472 2571 2544 ἢ
2600 2472 2875 2527 δακτύλων
2895 2470 3301 2544 περιρρυέντων
3319 2487 3333 2501 ·
3355 2469 3514 2533 ἄλλος
3538 2454 3727 2524 ἔκειτό

2132 2563 2232 2635 τῆς
2289 2562 2529 2635 ἐμφύτου
2582 2563 2914 2636 θερμότητος
2948 2561 3390 2633 κατωψυχθείπης
3415 2561 3495 2624 εἰς
3533 2561 3709 2624 τέλος.

2135 2655 2345 2727 Ὥσπερ
2364 2655 2486 2727 δέιοί
2514 2654 2982 2726 σφοδρότατοιτῶν
3007 2644 3245 2725 ἀνέμων,
3264 2654 3426 2707 τόπον
3454 2653 3711 2707 ἐπιπνεύ-

2134 2765 2327 2812 σαντες
2358 2748 2638 2821 σύμφυτον
2661 2787 2677 2814 ,
2710 2743 2830 2801 εἶτα
2852 2747 2919 2800 τὰ
2942 2744 3121 2816 ὑψηλὰ
3150 2744 3258 2797 τῶν
3285 2743 3513 2815 δένδρων
3542 2762 3717 2799 κατα,

2134 2840 2430 2904 σείσαντες,
2483 2841 2565 2904 είς
2598 2839 2702 2911 γῆν
2769 2837 3137 2909 καταφέρουσι
3177 2835 3481 2907 πρόρριζαν
3536 2836 3719 2898 οὕτως

2133 2930 2473 3004 ἐστορέ[σ]θη
2492 2930 2642 3002 παρὰ
2657 2930 2750 2985 τοῦ
2765 2931 3030 3001 χειμῶνος
3052 2930 3085 3000 ἡ
3109 2928 3216 2982 τῶν
3234 2926 3518 2998 μακαρίων
3531 2926 3711 2998 παρά-

408 3052 413 3057 .
462 3009 680 3080 jaeebat
721 3010 889 3065 insito
931 3008 1114 3065 calore
1163 3009 1275 3078 jam
1327 3011 1547 3081 penitus
1599 3011 1923 3082 refrigerato
1975 3018 2031 3068 et

2135 3021 2283 3088 ταξις
2303 3037 2316 3051 ’
2347 3020 2417 3074 τὰ
2444 3021 2638 3091 εὐγενῆ
2677 3019 2821 3091 φυτά
2857 3018 2952 3073 τοῦ
2999 3017 3350 3090 παραδείσου,
3383 3015 3476 3071 τοῦ
3518 3017 3711 3085 γένους

465 3103 756 3157 exstincto.
785 3100 1250 3168 Quemadmodum
1274 3099 1455 3158 autem
1473 3103 1855 3160 violentissimi
1883 3103 2027 3159 venti

2206 3072 2664 3182 ἐγκαλλιδπίσμα,
2758 3072 2903 3181 ῥίζαι
2917 3111 3016 3180 τῆς
3038 3072 3308 3181 ἡμετέρας
3324 3072 3667 3178 βλαστήσεως

465 3208 589 3246 cum
631 3193 809 3246 locum
859 3191 963 3248 sibi
1007 3191 1259 3246 idoneum
1307 3190 1558 3262 perﬂant,
1624 3200 1816 3263 postca
1867 3195 2029 3250 arbo-

466 3297 587 3337 rum
617 3282 861 3338 culmina
889 3283 1287 3347 concutientes,
1314 3284 1581 3340 radicitus
1613 3284 1915 3355 exstirpant
1974 3294 2031 3341 et

465 3373 520 3427 in
546 3382 745 3427 terram
770 3380 1175 3441 prosternunt:
1223 3372 1302 3429 sic
1352 3374 1422 3428 ab
1460 3374 1565 3428 hac
1613 3374 1790 3430 hieme
1830 3377 2030 3434 nobilis

462 3463 568 3519 ista
603 3463 887 3520 beatorum
907 3463 1156 3536 pugilum
1187 3464 1388 3520 cohors
1419 3464 1633 3534 deiecta
1658 3474 1744 3520 est
1767 3505 1783 3530 ,
1816 3467 2028 3523 nobiles

464 3555 713 3611 videlicet
745 3555 982 3625 paradisi
1001 3556 1215 3627 plantae,
1249 3555 1533 3612 societatis
1562 3555 1815 3612 humana:
1839 3557 2028 3624 decus,

2130 3202 2185 3257 οἱ
2236 3201 2449 3257 Παύλου
2499 3201 2735 3263 ὁπλῖται,
2789 3202 2837 3254 οί
2887 3197 3129 3271 Χριστοῦ
3170 3197 3493 3271 δορυφόροι,
3523 3198 3572 3251 οἱ
3598 3194 3707 3248 τῶν

2135 3292 2334 3364 βωμῶν
2361 3292 2660 3347 καταλυταὶ
2681 3332 2697 3356 ,
2726 3294 2776 3345 οἱ
2817 3289 2927 3344 τῶν
2968 3287 3303 3360 Ἐκκλησιῶν
3321 3287 3592 3358 οἰκοδόμοι
3614 3326 3631 3351 ,
3656 3288 3708 3337 of

2134 3385 2275 3439 κατὰ
2302 3383 2592 3457 βαρϐάρων
2617 3383 2921 3439 ὁπλιτεύειν
2942 3382 3412 3454 ἀπογραψάμενοι,
3445 3379 3542 3433 καὶ
3568 3377 3707 3450 πρὸς

2133 3475 2225 3529 τὸν
2254 3475 2428 3529 κοινὸν
2455 3475 2648 3547 ἐχθρὸν
2675 3474 2776 3546 τῆς
2798 3473 3213 3547 ἀνθρωπότητος
3241 3472 3333 3526 τὸν
3361 3470 3544 3541 ἀγῶνα
3558 3469 3714 3522 τελέε-

2139 3578 2349 3625 σαντες.

465 3644 676 3700 radices
705 3652 906 3701 nostra:
934 3645 1351 3716 geminationis
1375 3684 1391 3712 ,
1424 3644 1581 3700 Pauli
1605 3646 1813 3703 milites
1839 3685 1854 3710 ,
1878 3647 2084 3706 Christi
2107 3652 2390 3719 satellites,
2457 3667 2746 3709 eversores
2808 3653 3063 3708 altarium
3124 3654 3513 3726 (ethnicorum)
3540 3692 3557 3717 ,
3602 3652 3692 3705 Er-

463 3738 753 3793 elesiarum
797 3738 1178 3803 aediﬁcatores,
1247 3739 1342 3810 qui
1383 3740 1706 3810 conscripti,
1771 3748 1831 3795 ut
1877 3754 2067 3798 contra
2130 3745 2399 3803 barbaros
2438 3747 2758 3815 militarent,
2815 3756 3090 3804 certamen
3141 3748 3402 3805 adversus
3454 3763 3701 3803 commu-

464 3844 586 3899 nem
615 3827 839 3883 humani
865 3829 1079 3901 generis
1103 3830 1316 3886 hostem
1347 3830 1722 3890 confecerunt.

531 3917 883 3990 Nequaquam
916 3915 1082 3990 porro
1120 3919 1421 3975 lnevitabili
1468 3922 1662 3977 mortis
1697 3921 2030 3979 necessitate

460 4011 999 4081 constringebantur,
1085 4008 1188 4067 sed
1217 4010 1274 4066 in
1328 4025 1518 4066 eorum
1552 4019 1828 4082 potestate
1878 4012 2031 4072 salus

459 4107 600 4165 erat,
632 4100 679 4155 si
730 4116 790 4157 se
826 4100 1065 4171 emolliri
1116 4100 1517 4173 permisissent.
1569 4101 1834 4159 Balneum
1876 4103 2025 4160 enim

459 4202 571 4243 non
606 4191 794 4259 procul
826 4189 1088 4258 distabat,
1120 4191 1266 4262 quod
1300 4190 1483 4247 dedita
1531 4207 1695 4264 opera
1722 4193 1844 4248 loco
1895 4209 2026 4265 sup-

458 4279 607 4349 plicii
641 4281 880 4336 vicinum
911 4291 1064 4349 erat;
1090 4281 1259 4352 jauua
1292 4283 1536 4354 patebat,
1567 4291 1623 4339 et
1659 4285 2025 4339 circumstan-

459 4381 541 4425 tes
564 4370 894 4427 invitabant:
928 4388 1053 4426 nam
1084 4381 1374 4445 tyrannus,
1407 4374 1814 4444 persecutionis
1847 4381 1903 4428 et
1923 4389 2021 4428 va-

458 4461 555 4515 riae
580 4460 938 4531 improbitatis
962 4470 1111 4517 sator
1140 4474 1195 4518 et
1219 4472 1435 4527 auctor,
1485 4479 1654 4535 prope
1712 4472 2024 4534 transgres-

458 4550 632 4605 sionis
657 4564 838 4606 escam
890 4549 1096 4622 frigore
1138 4551 1254 4625 jam
1315 4553 1620 4625 compactis
1667 4564 2021 4626 apposuerat,

457 4637 717 4702 suadens,
752 4646 811 4690 ut
843 4649 1039 4708 sponte
1064 4655 1162 4695 sua
1203 4640 1269 4695 ad
1300 4643 1645 4697 curationem
1670 4650 1725 4697 et
1755 4644 2021 4700 medelam

454 4732 830 4796 properarent,
863 4727 1109 4783 imitatus
1137 4728 1398 4784 nimirum
1442 4741 1650 4800 patrem
1691 4746 1876 4794 suum,
1925 4731 2022 4802 qui

454 4813 523 4868 ad
552 4814 682 4885 ligni
715 4813 864 4870 vetiti
896 4825 1117 4887 gustum
1153 4820 1362 4887 primos
1390 4831 1647 4889 parentes
1702 4820 2022 4875 fraudulen-

455 4911 538 4962 tcr
571 4903 784 4961 induxit
821 4906 861 4962 '.
895 4904 1095 4962 Verum
1129 4907 1207 4962 illi
1252 4907 1627 4965 fortitudinem
1667 4911 1841 4981 magis
1890 4926 2021 4965 exa»

451 5002 705 5061 cuerunt,
732 5010 842 5051 non
882 4996 1053 5069 ignari
1080 4998 1423 5055 tolerantiam
1473 5008 1605 5055 tunc
1641 5001 2015 5070 probationem

450 5084 688 5153 Operari,
720 5086 940 5155 quando
993 5087 1119 5157 quis
1165 5086 1406 5143 abstinet
1437 5088 1504 5142 ab
1531 5089 1652 5157 ejus
1686 5088 1765 5144 rei
1825 5105 1931 5144 usu
1963 5096 2020 5145 et

450 5173 758 5240 commodo,
792 5190 914 5246 quae
942 5176 997 5231 in
1028 5192 1125 5232 sua
1157 5187 1429 5248 pOtestate
1453 5181 1557 5233 sita
1585 5186 1707 5235 est:
1739 5179 1886 5250 quod
1919 5196 2019 5235 sn-

450 5263 757 5332 perioribus
773 5267 934 5320 annis
960 5267 1205 5322 divinum
1224 5267 1499 5325 Danielem
1536 5271 1713 5340 egisse
1737 5271 2015 5341 proditum

446 5358 553 5406 est.
577 5352 713 5407 Nam
743 5370 867 5410 cum
900 5367 1214 5413 moneretur
1244 5367 1302 5413 ut
1330 5361 1552 5430 opipara
1583 5363 1841 5432 lautaque
1856 5377 2015 5418 escu-

447 5442 593 5499 lenta
625 5454 681 5500 et
725 5448 1017 5501 poculenta
1067 5457 1325 5517 sumeret,
1364 5450 1492 5508 odio
1541 5464 1596 5508 et
1652 5453 2012 5513 detestatione

1610 5568 1640 5575 -δ

519 5616 541 5655 ¹
569 5619 703 5679 Gen.
744 5637 825 5688 Ill,
858 5624 883 5678 l
909 5639 1027 5694 sqq.

2216 3917 2455 3988 Ἐγίνετο
2487 3919 2543 3974 δέ
2564 3920 2749 3983 αὐτοῖς
2779 3919 2840 3973 οὐ
2868 3920 3003 3991 πρὸς
3027 3920 3148 3991 βίαν
3198 3923 3292 3976 καὶ
3330 3924 3703 4000 ἀπαραίτητον

2132 4010 2380 4082 ἀνάγκην
2431 4012 2461 4065 ό
2514 4009 2765 4077 θάνατος,
2803 4011 2941 4066 ἀλλά
2985 4013 3080 4066 καὶ
3131 4014 3275 4083 μάλα
3313 4017 3601 4090 πρόχειρος
3629 4017 3707 4093 ἦν

2130 4101 2228 4157 καὶ
2272 4102 2361 4157 ἐπ’
2393 4102 2641 4170 ἐξουσίας
2673 4104 2707 4174 ή
2756 4105 3019 4175 σωτηρία,
3062 4108 3110 4159 εί
3165 4109 3258 4160 καὶ
3296 4109 3696 4185 μαλακισθῆναι

2130 4192 2266 4264 πρὸς
2280 4193 2381 4263 τὴν
2407 4191 2655 4247 ἔνστασιν
2690 4193 3083 4266 ἠϐουλήθησαν.
3117 4198 3352 4269 Λουτρὸν
3378 4200 3487 4272 γάρ
3521 4198 3591 4274 ἦν
3632 4206 3709 4259 ἐκ

2126 4279 2221 4335 τοῦ
2247 4280 2534 4350 σύνεγγυς,
2565 4281 2701 4352 ὅπερ
2745 4280 2980 4348 ἐγειτνία
3016 4283 3141 4335 κατ’
3171 4283 3410 4338 ἐπίνοιαν
3438 4285 3515 4357 τῷ
3546 4288 3698 4361 τόπῳ

2126 4369 2225 4441 τῆς
2251 4369 2521 4442 τιμωρίας
2538 4384 2554 4400 ⁶
2591 4371 2687 4424 καὶ
2709 4372 2742 4439 ἡ
2760 4369 2898 4441 θύρα
2928 4370 3189 4442 ὴνέιρκτο,
3215 4374 3311 4427 καὶ
3345 4377 3699 4446 παρεστῶτες

2119 4461 2364 4515 ἐκάλουν.
2395 4462 2661 4532 Σοφιστὴς
2686 4461 2796 4534 γὰρ
2826 4459 2902 4515 ὣν
2925 4461 3166 4532 διωγμοῦ
3196 4465 3290 4517 καὶ
3317 4467 3571 4539 ποικίλης
3596 4471 3696 4541 pg-

2115 4551 2388 4623 διουργίας
2415 4552 2444 4604 ὁ
2471 4553 2754 4623 τύραννος,
2794 4552 2962 4620 ἐγγὺς
2993 4550 3054 4605 τὸ
3088 4552 3279 4627 δέλεαρ
3309 4556 3408 4626 τῆς
3436 4559 3695 4629 παραδά-

2118 4658 2255 4705 σεως
2281 4644 2393 4705 τοῖς
2454 4641 2820 4713 πηγνυμένοις
2859 4640 3159 4714 παρέθηκε,
3206 4646 3298 4699 καὶ
3343 4648 3691 4705 συνεϐούλευε

2118 4730 2256 4802 πρὸς
2280 4730 2377 4802 τὴν
2400 4729 2692 4803 θεραπείαν
2725 4731 3110 4803 αὐτομολῆσαι,
3145 4734 3221 4799 ὡς
3253 4738 3282 4791 ό
3319 4740 3500 4812 πατὴρ
3526 4742 3695 4797 αὑτοῦ

2120 4820 2248 4883 τοὺς
2275 4819 2730 4888 πρωτοπλάστους
2758 4822 2837 4884 είς
2858 4822 2955 4894 τὴν
2982 4823 3170 4893 γεῦσιν
3211 4818 3304 4880 τοῦ
3336 4828 3513 4896 ξύλου.
3552 4834 3613 4885 Ol
3634 4835 3692 4887 δὲ

2120 4910 2241 4963 τότε
2274 4911 2366 4963 καὶ
2390 4910 2587 4980 μᾶλλον
2609 4911 2706 4981 τὴν
2751 4913 3001 4984 ἀνδρείαν
3028 4916 3333 4985 ἐπέτεινον,
3382 4921 3582 4987 εἰδότες
3614 4924 3691 4988 ὡς

2120 5002 2383 5074 καρτερία
2440 5001 2739 5073 τηνικαῦτα
2778 5005 3007 5077 παρέχει
3029 5006 3127 5078 τὴν
3157 5007 3406 5077 βάσανον,
3436 5014 3594 5082 ἡνίκα
3622 5016 3692 5068 ἂν

2117 5091 2480 5163 προκειμένης
2517 5093 2575 5145 ἐν
2620 5093 2841 5166 ἐξουσίᾳ
2875 5097 2971 5167 τῆς
3007 5084 3359 5164 ἀπολαύσεως
3391 5103 3641 5170 φείσηται
3668 5121 3684 5137 ⁸

2115 5180 2253 5253 ὅπερ
2304 5183 2362 5237 ἐν
2393 5185 2512 5247 τοῖς
2549 5184 2839 5257 ἀνωτέροις
2865 5187 3075 5257 χρόνοις
3099 5191 3296 5261 Δανιὴλ
3340 5193 3369 5243 ό
3400 5192 3689 5260 θεσπέσιος

2115 5271 2817 5344 πεποιηκὼςὲπιδέδεικται.
2839 5278 3158 5349 Παρακαλού
3166 5297 3324 5349 μενος
3348 5282 3456 5353 γὰρ
3476 5284 3683 5352 ἄφθονα

2112 5366 2206 5418 καὶ
2234 5365 2363 5435 ἡδέα
2387 5367 2509 5419 σῖτα
2564 5367 2659 5420 καὶ
2712 5370 2850 5422 ποτά
2886 5371 3327 5441 προσφέρεσθαι.
3375 5374 3520 5444 μίσει
3587 5378 3682 5431 καὶ

2115 5455 2431 5527 ἀποστροφῇ
2458 5456 2566 5511 τῶν
2590 5456 3079 5533 είδωλοθύτων,τὴν
3100 5466 3516 5535 σπερμοφαγίαν
3541 5468 3686 5540 ἠγά-
