4132 6356
420 359 516 418 731

1515 362 1587 419 ιΝ
1641 350 2140 432 QUADRAGINTA
2182 355 2584 423 MARTYRES.

3574 362 3681 432 ’ἳθέ

418 492 561 549 πησε
585 490 599 507 ·
625 476 719 531 καὶ
744 470 1017 549 νηστεύων
1044 467 1215 549 ἤνθει,
1233 482 1325 532 κάι
1342 476 1543 533 ἀσιτῶν
1563 480 1702 552 ὖπέρ
1728 481 1855 543 τοὺς
1878 497 1999 552 τρυ-

2109 493 2324 543 eorum,
2356 497 2478 552 qua:
2527 481 2688 537 idolis
2742 481 3018 537 immolata
3056 481 3290 554 fuerant,
3343 484 3680 556 leguminum

419 570 634 638 φῶντας
684 568 949 639 εῦσαρκος
977 564 1083 641 ἦν’
1148 569 1285 623 Θεοῦ
1344 569 1453 640 γὰρ
1506 569 1665 624 τοῦτο
1702 571 1874 641 δῶρον
1912 572 2003 638 ἐξ·

417 661 656 733 αίρετον,
685 664 799 723 τοῖς
820 664 1034 725 πιστοῖς
1060 661 1268 727 δούλοις
1290 663 1347 714 ἐν
1370 664 1491 725 ταῖς
1516 662 1765 733 ἀπορίαις
1784 662 1853 716 τὰ
1870 664 2003 733 παρ’

420 749 610 808 ἐλπίδα
643 743 988 826 χαρίζεσθαι.

491 938 637 1009 Πλὴν
670 938 855 1009 ἐπειδὴ
894 940 1006 1002 τοῖς
1042 926 1266 1008 ὑψηλοῖς
1304 936 1412 990 τῶν
1441 936 1783 1008 πραγμάτων
1811 935 1860 988 οἱ
1883 934 2004 1004 φθό-

418 1050 505 1086 νοι
529 1012 1013 1102 παραπεπήγασιν,
1037 1029 1375 1083 ἐκινδύνευσε
1402 1028 1710 1099 λωϐηθῆναι
1743 1027 1803 1081 τὸ
1825 1028 2003 1098 μακάο

420 1126 541 1193 ριον
570 1120 875 1191 σύνταγμα,
903 1120 998 1174 καὶ
1022 1119 1219 1192 μικροῦ
1251 1119 1482 1181 δέοντος,
1514 1117 1876 1190 ἀπωλέσαμεν
1905 1120 2002 1189 τῆς

417 1213 686 1284 τετάρτης
712 1213 929 1278 δεκάδος
950 1213 1011 1266 τδ
1040 1213 1331 1283 πλήρωμα.
1368 1206 1461 1275 Εἷς
1486 1210 1593 1282 γὰρ
1620 1209 2003 1281 ἀπαγορεύσας

417 1299 506 1361 διά
522 1303 610 1361 τὸν
634 1296 867 1378 κρυμδν,
895 1296 1033 1377 πρὸς
1053 1298 1201 1375 αύτῷ
1225 1303 1302 1374 τῷ
1315 1304 1457 1357 τέλει
1474 1303 1576 1373 τῆς
1603 1303 1780 1373 νίκης,
1821 1299 1998 1373 οίμοιί

418 1396 544 1459 τοὺς
590 1391 693 1467 μὲν
728 1394 1135 1465 συστρατιώτας
1162 1392 1341 1463 ἀφῆκε
1365 1434 1380 1459 ,
1403 1393 1469 1463 τῇ
1502 1391 1666 1465 τέχνῃ
1699 1391 1756 1446 δέ
1786 1393 1881 1446 τοῦ
1910 1411 2004 1446 τυ-

419 1489 615 1559 ράννου
656 1485 1043 1558 προσεχώρησε
1094 1485 1171 1554 τῷ
1226 1481 1467 1555 λουτρῷ,
1523 1483 1626 1554 ἤδη
1662 1482 1761 1553 τῆς
1802 1483 2003 1554 σαρκὸς

420 1579 793 1651 μαρανθείσης
825 1578 1152 1649 φεισάμενος
1176 1578 1205 1630 ὁ
1233 1575 1495 1644 φιλόζωος
1513 1592 1528 1608 ·
1560 1576 1660 1646 τῆς
1686 1592 1746 1628 τε
1775 1576 1883 1646 γάρ
1914 1574 2001 1627 ἐλ-

417 1670 569 1735 πίδος
603 1671 846 1737 ἐξέπεσε,
876 1671 970 1723 καὶ
997 1672 1095 1740 τῆς
1135 1667 1475 1741 προσκαίρου
1502 1666 1646 1739 ζωῆς
1676 1667 1779 1721 οὐκ
1806 1667 2002 1720 ἐπέτυ-

418 1779 533 1833 χεν,
593 1760 754 1826 εὐθὺς
806 1760 1231 1831 ἐπιτελευτήσας
1274 1762 1341 1831 τῇ
1392 1758 1735 1830 παραϐάσεισ
1802 1758 2002 1822 Ἰούδας

2102 586 2258 627 esum
2281 572 2466 642 elegit,
2495 572 2863 644 jejunansque
2894 574 3126 630 ﬂorebat
3149 584 3203 630 et
3227 576 3464 646 rigebat,
3494 585 3549 633 et
3571 580 3681 633 cibi

2102 678 2297 733 expers
2344 663 2583 719 habitior
2626 672 2679 720 et
2718 663 3100 737 corpulentior
3136 668 3464 738 apparebat,
3513 685 3680 742 quam

2105 755 2214 819 illi,
2245 756 2339 825 qni
2370 755 2426 810 in
2463 755 2675 811 deliciis
2704 757 2959 811 vivebant
2981 760 3002 790 ¹
3034 777 3048 812 :
3086 759 3179 815 Dei
3212 762 3357 814 enim
3387 768 3471 816 est
3505 763 3681 818 ﬁdeli-

2104 846 2207 901 bus
2234 848 2409 902 servis
2442 847 2559 903 suis
2588 847 2719 901 talia
2747 847 2889 902 dona
2915 852 3111 919 praeter
3137 856 3288 919 spem
3316 852 3587 909 conferre.

2173 935 2465 1003 Cancrum,
2505 936 2634 1008 quia
2671 937 2973 1007 grandibus
2995 937 3194 1008 emptis
3233 939 3372 993 li‘vor
3399 941 3680 1000 adhaerere

2104 1026 2264 1091 solet,
2296 1027 2602 1097 periculum
2625 1035 2767 1091 erat,
2802 1042 2870 1082 ne
2914 1027 3074 1083 beata
3127 1029 3231 1085 ista
3270 1031 3471 1087 cohors
3524 1044 3680 1088 trun—

2104 1127 2347 1182 carctnr,
2374 1120 2428 1173 et
2453 1120 2565 1188 jam
2611 1112 2745 1173 ltiibi
2795 1122 3048 1184 reserat,
3082 1128 3142 1175 ut
3190 1133 3401 1192 quartae
3455 1124 3678 1181 dccadis

2103 1211 2506 1281 complemento
2565 1211 2893 1281 privaretur.
2935 1209 3091 1268 Unus
3141 1214 3287 1269 enim
3340 1216 3444 1271 sub
3499 1217 3675 1286 ipsum

2102 1302 2348 1356 victoria:
2375 1301 2693 1367 articulum,
2724 1303 3067 1372 impatientia
3092 1302 3314 1375 frigoris
3362 1311 3673 1364 succubuit.

2104 1392 2201 1447 llei
2241 1391 2405 1447 mihi!
2440 1393 2855 1450 (Zommilitones
2888 1409 3021 1450 suos
3061 1395 3327 1463 deseruit,
3362 1406 3417 1454 et
3446 1400 3676 1455 subdola

2105 1482 2322 1553 tyranni
2352 1489 2472 1537 arte
2503 1483 2740 1538 accessit
2773 1482 2841 1537 ad
2878 1483 3153 1551 balneum,
3190 1488 3343 1541 carni
3384 1488 3496 1557 jam
3528 1491 3679 1545 tabe-

2105 1573 2261 1628 facta:
2290 1588 2521 1642 parcens
2554 1588 2741 1629 amore
2768 1573 2935 1644 hujus
2966 1573 3121 1629 vita:
3170 1590 3298 1631 nam
3342 1586 3398 1632 et
3430 1594 3527 1649 spe
3576 1596 3677 1636 sua

2102 1664 2327 1729 excidit,
2358 1674 2414 1719 et
2452 1664 2740 1720 mortalem
2777 1664 2922 1721 banc
2946 1666 3113 1720 vitam
3147 1682 3258 1722 non
3305 1677 3389 1724 est
3418 1672 3675 1742 adeptus.

2105 1759 2157 1810 in
2190 1756 2307 1826 ipsa
2336 1758 2774 1828 transgressione
2797 1758 3035 1812 animam
3070 1759 3359 1827 exhalans,
3404 1764 3676 1819 miseran—

416 1851 598 1914 ἄθλιος
623 1852 682 1904 ἐν
710 1853 819 1915 τοῖς
853 1850 1122 1922 μάρτυσιν
1143 1891 1157 1916 ,
1203 1848 1324 1902 οὔτε
1370 1848 1635 1919 μαθητὴς,
1664 1847 1789 1903 οὕτε
1830 1848 1993 1902 πλού⁸

2102 1846 2205 1903 dus
2228 1846 2400 1902 Judas
2427 1849 2569 1903 inter
2597 1858 2889 1922 martyres,
2919 1858 2975 1904 et
3013 1866 3191 1922 neque
3222 1850 3548 1923 discipulus,
3577 1871 3677 1910 ne—
3726 1872 3753 1897 π

418 1958 556 2005 σιος,
584 1942 677 1997 καὶ
706 1942 840 2015 πρός
866 1959 928 2011 γε
950 1942 1042 1994 τὸν
1083 1940 1274 2012 βρόχον
1298 1940 1734 2009 ἐφελκυσάμενος
1754 1955 1768 1968 ’
1797 1940 1892 1993 καὶ
1922 1940 1997 2010 μὴ

415 2034 671 2107 θαυμάσῃ
703 2034 910 2106 μηδείς.
932 2034 1172 2106 Σύνηθες
1206 2033 1315 2104 γὰρ
1341 2032 1418 2103 τῷ
1450 2032 1680 2102 διαϐόλῳ
1713 2031 1852 2086 κατὰ
1889 2031 1999 2084 τῶν

417 2125 838 2179 ὖποκυπτόντων
862 2123 1012 2194 αὑτῷ
1048 2125 1108 2177 τὸ
1136 2122 1544 2194 τοιουτότροπον
1582 2119 1959 2193 ῥᾳδιούργημα
1979 2132 1994 2147 ·

414 2219 601 2290 ἀπατᾷ
645 2220 739 2273 καὶ⁹
784 2217 1068 2271 κολακεύει
1110 2215 1389 2278 ποικίλως,
1425 2215 1511 2267 ἵνα
1534 2213 1697 2286 ῥίψῃ·
1727 2212 1889 2283 ῥίψας
1910 2210 1995 2275 δὲ,

415 2310 577 2374 εὐθὺς
609 2309 951 2380 ἐπεμϐαίνει,
988 2310 1082 2362 καὶ
1110 2307 1204 2360 τοῦ
1236 2305 1487 2376 κειμένου
1515 2304 1808 2375 καταγελᾷ.
1850 2304 1998 2358 Ἐπι-

413 2402 665 2473 κωμάζει
686 2402 744 2456 δὲ
765 2404 831 2473 τῇ
866 2401 1120 2472 συμφορᾷ
1145 2400 1243 2471 τὴν
1264 2396 1545 2469 αἰσχύνην,
1566 2397 1662 2450 καὶ
1680 2399 1747 2468 τῇ
1768 2393 2000 2469 αἰσχύνῃ

414 2494 508 2546 τοῦ
536 2486 914 2556 δελεασθέντας
952 2491 1319 2563 εὐφραίνεται.
1364 2491 1457 2544 At?)
1502 2490 1596 2544 καὶ
1636 2491 1666 2543 ὁ
1692 2487 1999 2559 Ψαλμῳδὸς

415 2580 610 2656 ἐχθρὸν
640 2585 738 2638 καὶ
783 2583 1073 2655 ἐκδικητὴν
1107 2583 1514 2656 προσηγόρευσε
1534 2618 1553 2645 ,
1585 2580 1647 2634 τὸ
1676 2578 1773 2634 τοῦ
1796 2579 1996 2652 τρόπου

416 2673 752 2746 παλίμϐολον
789 2676 857 2728 ἐκ
881 2675 978 2744 τῆς
1004 2675 1112 2727 τῶν
1140 2673 1418 2745 ὀνομάτων
1455 2672 1736 2743 σημαίνων
1760 2670 1999 2726 ἐναντιό-

414 2776 599 2837 τητος.
642 2765 970 2840 ’Δνθρώπων
1000 2766 1109 2837 γάρ
1157 2766 1361 2830 ἐκεῖνος
1397 2765 1651 2819 οὐδέποτε
1682 2762 1891 2832 γίνεται
1915 2762 2000 2815 ἐν-

418 2857 641 2920 σπονδός
664 2873 724 2910 τε
750 2855 845 2911 καὶ
873 2856 1047 2926 φίλιος
1071 2873 1086 2887 ·
1117 2855 1466 2926 ὑποκρίνεται
1482 2853 1540 2907 δὲ
1560 2853 1682 2906 τότε
1710 2852 1771 2907 τὸ
1799 2853 1996 2923 φίλιον,

416 2950 543 3001 ὅταν
572 2945 722 3018 αὖτῷ
763 2948 965 3018 θελήσῃ
1008 2949 1347 3018 προσωπεῖον
1393 2944 1610 3015 ἀπάτης
1652 2942 1995 2998 ἐνδύσασθαι.

432 3040 572 3093 Ἀλλ’
603 3043 631 3094 ὀ
668 3042 764 3112 τῆς
816 3040 1100 3102 ἀσθενείας
1131 3040 1231 3109 τῆς
1254 3037 1525 3109 ἡμετέρας
1554 3037 1868 3108 ἐπίκουρος,
1904 3035 1998 3088 καὶ

2099 1955 2205 2010 que
2238 1940 2552 2010 opulentus,
2593 1948 2644 1995 et
2688 1939 2756 1995 ad
2808 1941 3060 2011 laqueum
3119 1949 3374 2001 tractus:
3436 1961 3537 2001 nec
3592 1958 3678 2003 est

2100 2032 2243 2102 quod
2270 2034 2394 2102 quis
2425 2032 2672 2089 miretur.
2715 2030 2987 2089 Usitatnm
3020 2040 3108 2089 est
3139 2033 3358 2091 diabolo
3412 2037 3670 2107 hujusce-

2100 2125 2248 2180 modi
2273 2124 2565 2181 artificium
2606 2132 2797 2181 contra
2842 2126 2988 2192 illos,
3042 2136 3180 2199 qttos
3229 2130 3337 2184 sibi
3393 2130 3672 2202 subjugat.

2100 2216 2312 2289 Decipit
2354 2232 2420 2272 ac
2474 2232 2615 2273 vane
2664 2218 2961 2282 blanditur,
3029 2219 3089 2275 ut
3150 2230 3493 2291 prosternat;
3547 2240 3674 2278 cum

2105 2309 2425 2381 prostravit,
2455 2309 2720 2380 evcstigio
2764 2310 3055 2380 inequitat,
3109 2300 3495 2385 iacentemque
3548 2316 3677 2371 irri-

2099 2400 2211 2467 det,
2243 2409 2300 2456 et
2358 2400 2786 2459 insultabundus
2813 2400 3116 2457 calamitati
3150 2404 3415 2474 pudorem
3449 2415 3503 2462 et
3538 2422 3675 2463 con-

2103 2491 2379 2548 fusionem
2407 2490 2749 2563 superaddit,
2802 2490 2857 2547 et
2885 2491 3183 2561 ignominia
3217 2509 3314 2564 per
3338 2509 3521 2550 escam
3567 2497 3677 2552 cir-

2100 2584 2374 2639 cumventi
2400 2585 2660 2641 exsultat.
2690 2576 2872 2650 Quare
2921 2599 2948 2637 a
2978 2572 3409 2658 Psalmographo
3459 2605 3678 2661 quoque

2099 2676 2358 2732 inimicus
2378 2684 2432 2733 et
2472 2678 2619 2733 ultor
2661 2677 2966 2747 appellatus
3001 2685 3085 2731 est
3110 2677 3149 2738 ⁸.
3194 2679 3397 2750 ingenii
3442 2684 3676 2737 mutabi-

2102 2770 2305 2824 litatem
2333 2769 2653 2825 diversitate
2686 2770 2968 2824 nominum
3002 2764 3355 2842 significans:
3389 2774 3480 2829 ille
3526 2776 3674 2830 enim

2101 2873 2224 2911 eum
2261 2858 2578 2915 hominibus
2621 2874 2899 2931 nunquam
2961 2861 3139 2916 ftedus
3196 2864 3345 2919 serio
3397 2865 3522 2929 init,
3582 2876 3679 2921 aut

2100 2949 2398 3004 amicitiam
2429 2950 2581 3005 colit.
2613 2937 2773 3006 Tunc
2805 2966 2935 3006 vero
2967 2953 3213 3007 animum
3241 2952 3478 3010 amicum
3503 2956 3675 3012 sium-

2102 3043 2196 3105 lat,
2244 3041 2465 3112 quando
2523 3040 2627 3096 sibi
2686 3041 2894 3096 larvam
2959 3044 3180 3099 fallendi
3244 3046 3419 3116 gratia
3472 3048 3671 3104 induit.

416 3133 527 3186 τῶν
552 3133 794 3201 ἀγαθῶν,
826 3132 919 3185 καὶ
948 3132 1138 3200 λόγων,
1170 3132 1263 3184 καὶ
1295 3130 1546 3201 πράξεων
1573 3129 1837 3199 γεωργὸς,
1867 3120 1993 3196 εὗρε

2103 3132 2300 3188 Verum
2330 3141 2536 3188 nostrae
2578 3132 2909 3189 inﬁrmitatis
2948 3134 3185 3203 adjutor,
3219 3137 3595 3207 bonorumque
3621 3150 3679 3193 et

418 3225 558 3279 κατᾶ
580 3222 670 3277 τὸν
710 3223 957 3294 Ἀϐραάμ
983 3222 1159 3293 ἐαυτῷ
1194 3221 1461 3293 πρόϐατον
1485 3222 1564 3285 εἰς
1586 3219 1777 3274 θυσίαν
1804 3219 1868 3272 ἐκ
1887 3218 1995 3272 τῶν

419 3316 799 3386 πολεμούντων
841 3316 1038 3368 οἰκεῖον
1061 3356 1075 3380 ,
1115 3317 1180 3367 ἐκ
1220 3314 1329 3368 τῶν
1371 3312 1831 3384 βλασφημούντων
1859 3313 1998 3381 ὀμο-

417 3400 652 3476 λογητὴν
676 3444 692 3470 ,
752 3404 845 3456 καὶ
906 3404 970 3457 ἐκ
1015 3401 1109 3455 τοῦ
1153 3401 1531 3471 συντάγματος
1559 3399 1668 3453 τῶν
1695 3398 1998 3452 διωκόντων

422 3499 694 3570 μάρτυρα.
733 3490 826 3559 Εἷς
850 3495 958 3566 γὰρ
978 3494 1086 3548 τῶν
1110 3493 1209 3564 τῆς
1236 3493 1548 3563 τυραννίδος
1583 3486 1811 3562 δημίων,
1832 3492 1999 3544 ὀπτα-

421 3590 542 3653 σίας
562 3588 807 3659 ἀγγέλων
840 3586 1088 3654 ἀξιωθεὶς
1130 3589 1239 3641 τῶν
1277 3588 1538 3641 ἐλθόντων
1567 3587 1661 3640 ἐπὶ
1689 3586 1814 3649 τοὺς
1855 3585 1997 3655 μάρ-

417 3690 607 3753 τυρας,
677 3681 771 3736 καὶ
834 3680 1229 3752 περιλαμφθεὶς
1254 3683 1319 3751 τῇ
1369 3679 1659 3749 ἐπιφανείᾳ
1690 3678 1797 3732 τῶν
1829 3676 1999 3745 άγίων

419 3775 765 3846 πνευμάτων,
799 3768 875 3837 ῶς
913 3784 1041 3827 ποτε
1072 3771 1281 3836 Παῦλος
1306 3773 1371 3842 τῇ
1391 3770 1516 3842 δόξῃ
1544 3767 1801 3841 Χριστοῦ,
1838 3758 2000 3840 ἡνίκα

418 3864 628 3938 τὴνέπὶ
651 3865 937 3935 Δαμασκὸν
959 3855 1271 3935 ἐπορεύετο,
1298 3852 1457 3926 εὐθὺς
1478 3862 1574 3934 τὴν
1594 3859 1819 3931 γνώμην
1874 3878 2001 3930 μετ-

420 3952 593 4023 έθετο,
614 3958 709 4011 καὶ
729 3956 1024 4029 γυμνώσας
1053 3955 1243 4010 ἐαυτὸν
1272 3955 1372 4025 τῆς
1395 3956 1640 4027 ἐσθῆτος,
1664 3957 1776 4016 τοῖς
1800 3970 2001 4021 πηγνυ-

422 4047 607 4119 μένοις
636 4047 1022 4119 συνανεμίχθη.
1047 4048 1233 4101 Πάντα
1262 4046 1319 4100 δέ
1350 4048 1409 4099 ἐν
1446 4046 1605 4119 ὀλίγῃ
1633 4044 1826 4117 καιροῦ
1856 4044 1996 4115 ῥοπῇ

422 4137 660 4207 συνάψας
683 4137 919 4206 ἐγένετο,
968 4138 1322 4209 προσήλυτος,
1364 4138 1720 4209 ὁμολογητὴς,
1766 4138 1995 4211 μάρτυς,

418 4228 749 4299 λουσάμενος
780 4231 836 4283 ἐν
869 4231 947 4300 τῷ
981 4229 1094 4299 ίδίῳ
1123 4230 1315 4299 αἵματι
1345 4228 1406 4281 τὸ
1434 4228 1532 4298 τῆς
1571 4228 1999 4297 παλιγγενεσίας

419 4317 663 4390 λουτρὸν,
696 4318 886 4389 αἵματι
931 4318 1009 4389 τῷ
1065 4316 1412 4387 νεκρωθέντι,
1438 4320 1530 4372 καὶ
1575 4320 1649 4391 μὴ
1702 4318 1951 4389 ρεύσαντι
1983 4335 1997 4349 ·

419 4408 560 4481 ἀνὴρ
606 4410 957 4482 στεφανίτης,
992 4411 1127 4483 ἀνὴρ
1179 4409 1273 4464 τοῦ
1328 4410 1527 4476 παντὸς
1562 4404 1710 4477 ἄξιος
1748 4430 1761 4443 ·
1801 4408 1866 4481 τῇ
1908 4404 1999 4464 τοῦ

2103 3240 2414 3280 sermonum
2471 3231 2526 3280 et
2560 3224 2834 3279 actionum
2877 3226 3169 3295 plantator,
3206 3228 3409 3296 reperit
3463 3229 3569 3283 sibi
3607 3231 3675 3283 ad

2101 3315 2394 3371 Abrahami
2425 3316 2733 3386 exemplum
2761 3316 3031 3370 ovieulam
3055 3306 3122 3371 ad
3154 3318 3683 3374 sacrificiumdomc—

2102 3408 2329 3463 sticam:
2362 3422 2426 3461 ex
2463 3395 2970 3476 blasphemantibus
2993 3406 3364 3473 confitentem,
3399 3416 3453 3462 et
3484 3424 3549 3463 ex
3583 3424 3678 3464 eo-

2102 3515 2222 3554 rum
2275 3498 2505 3562 ordine,
2551 3498 2643 3569 qui
2705 3496 3086 3567 persecutores
3139 3508 3320 3561 erant,
3359 3505 3674 3571 martyrem.

2100 3590 2336 3657 Quidam
2366 3589 2511 3645 enim
2564 3594 2633 3643 ex
2682 3589 2992 3660 tyrannidis
3047 3589 3415 3656 administris,
3464 3592 3680 3647 visione

2100 3681 2412 3753 angelorum
2459 3680 2526 3735 ad
2581 3678 2850 3751 martyres
2908 3680 3242 3735 Venientium
3298 3681 3577 3749 dignatus,
3625 3696 3678 3737 et

2100 3772 2472 3828 circumfusus
2530 3785 2815 3827 sacrorum
2868 3771 3162 3842 spirituum
3194 3773 3556 3841 apparitione,
3618 3782 3683 3835 nt

2100 3863 2227 3915 olim
2255 3853 2464 3916 Paulus
2495 3850 2782 3931 majestate
2809 3860 3036 3925 Christi,
3077 3862 3301 3931 quando
3350 3861 3675 3919 Damascum

2101 3952 2574 4025 proﬁciscebamr,
2622 3946 2805 4007 statim
2850 3961 3086 4007 mentem
3129 3953 3382 4019 mutavit,
3425 3961 3480 4007 et
3510 3955 3678 4009 vesti-

2101 4039 2299 4097 mentis
2327 4042 2568 4111 seipsum
2608 4055 2816 4096 exuens
2852 4039 3053 4110 frigore
3091 4042 3365 4097 concretis
3417 4059 3540 4098 sese
3583 4049 3677 4097 atl-

2102 4122 2321 4186 miscuit
2366 4130 2404 4181 ⁵.
2468 4128 2531 4181 Et
2579 4128 2776 4197 exiguo
2830 4129 3092 4198 temporis
3150 4138 3427 4184 momento
3491 4134 3676 4187 omnia

2104 4221 2279 4276 factus
2316 4225 2421 4285 est,
2459 4219 2787 4290 proselytus,
2833 4220 3137 4285 confessor,
3175 4230 3405 4292 martyr,
3446 4222 3677 4279 abluens

2102 4313 2322 4383 pr0prio
2378 4311 2644 4381 sanguine
2698 4311 3129 4381 regenerationis
3190 4312 3488 4378 lavacrum,
3545 4331 3676 4384 pro-

2103 4404 2243 4474 prio,
2278 4402 2524 4472 inquam,
2575 4402 2841 4473 sanguine
2875 4410 3093 4455 mortuo
3119 4440 3135 4467 ,
3190 4418 3297 4456 non
3327 4401 3515 4457 fluido.
3582 4403 3677 4459 Vir

420 4501 558 4556 θεοῦ
600 4501 892 4573 Ἐκκλησία
918 4502 985 4556 δι’
1016 4504 1220 4557 ἐκεῖνον
1254 4502 1361 4573 ἔχω
1386 4503 1511 4565 τοὺς
1550 4509 1622 4573 μ’.
1652 4502 1749 4555 Διά
1770 4501 1860 4556 τὸν
1886 4519 1999 4568 γεν-

2102 4510 2359 4549 coronam
2391 4491 2743 4563 promeritus,
2776 4492 2859 4545 vir
2892 4490 3040 4546 omni
3073 4491 3283 4547 honore
3309 4492 3539 4564 dignus:
3581 4512 3679 4565 per

421 4596 571 4647 ναῖον
632 4593 694 4647 οὐ
742 4592 961 4658 κολοϐὸς
991 4595 1023 4665 ἡ
1056 4594 1162 4647 τῶν
1214 4591 1506 4665 μαρτύρων
1537 4592 1862 4664 παράταξις.
1896 4592 1995 4645 Διά

2102 4587 2251 4641 illum
2307 4584 2471 4639 habet
2522 4582 2768 4637 Ecclesia
2826 4581 2922 4637 Dei
2973 4585 3370 4655 quadraginta;
3405 4601 3500 4653 per
3532 4587 3678 4641 hunc

421 4683 515 4738 τὸν
558 4683 897 4757 προσήλυτον
946 4683 1153 4737 τελείαν
1196 4684 1402 4755 ἀγομεν
1442 4685 1527 4737 ἐπ’
1549 4682 1767 4754 ἀριθμῷ
1805 4682 1997 4753 τελείῳ

2102 4692 2422 4750 generosum
2452 4691 2559 4730 nou
2597 4685 2681 4728 est
2713 4674 2903 4728 mutila
2938 4682 3238 4746 martyrum
3266 4684 3503 4731 caterva.
3546 4676 3680 4731 Pro-

424 4776 751 4847 πανήγυριν.
784 4775 842 4829 ὐ
880 4774 938 4828 δὲ
988 4774 1231 4839 διάϐολος
1275 4775 1467 4846 χαρίεν
1508 4774 1709 4828 ἔπαθεν
1762 4775 1998 4844 πρᾶγμα

423 4869 519 4923 καὶ
572 4868 807 4938 γέλωτος
838 4866 984 4933 ἀξιον
1009 4879 1024 4897 ⁶
1049 4865 1124 4928 ώς
1139 4866 1244 4937 γὰρ
1266 4866 1490 4919 ἔκλεπτε
1522 4864 1612 4919 τὸν
1630 4864 1997 4937 στρατιώτην,

422 4960 659 5032 ἐσυλήθη
678 4959 770 5013 τὸν
789 4958 1021 5029 διώκτην
1066 4958 1162 5011 καὶ
1188 4958 1402 5028 δήμιον.

446 5156 447 5159 ‘
490 5139 626 5198 Εἶτα
643 5142 697 5195 τί
717 5139 786 5195 τὰ
814 5140 906 5194 ἐπί
933 5136 1177 5203 τούτοις;
1206 5137 1271 5192 Οἱ
1304 5136 1405 5207 μὲν
1428 5137 1815 5209 τρισμακάριοι
1841 5137 2002 5207 5:90a-

425 5250 544 5299 σαν,
580 5235 713 5289 ὅπου
744 5232 1022 5287 ἔσπευδον.
1058 5232 1117 5286 '0
1149 5230 1207 5285 δέ
1239 5230 1339 5301 τῆς
1366 5230 1632 5303 τιμωρίας
1671 5229 1879 5302 κύριος,
1898 5231 2001 5283 οὐκ

424 5324 664 5394 ἐνεγκὼν
701 5324 942 5387 ἀνεκτῶς
965 5323 1074 5378 τῶν
1115 5320 1408 5394 μαρτύρων
1434 5320 1534 5393 τὴν
1562 5319 1737 5391 νίκην,
1763 5324 1870 5384 τοῖς
1911 5338 1999 5374 νε-

425 5421 578 5488 κροῖς
610 5418 864 5489 ἐπολέμει
886 5416 1100 5488 σώμασι
1136 5430 1151 5445 ·
1188 5414 1448 5477 κελεύσας
1472 5414 1605 5485 πυρὶ
1633 5414 2002 5484 παραδοθῆναι

426 5510 525 5574 τάς
554 5509 730 5573 οἰκίας
757 5510 864 5562 τῶν
890 5508 1060 5577 ἁγίων
1084 5506 1291 5578 ψυχῶν,
1320 5507 1413 5560 καὶ
1437 5504 1504 5559 δι’
1533 5504 1647 5567 ἐνὸς
1684 5505 2004 5574 πράγματος

429 5604 678 5674 ἐμιμεῖτο
719 5600 886 5672 ἄγρια
930 5600 1094 5672 θηρία
1134 5600 1225 5653 καὶ
1263 5597 1494 5670 πικροὺς
1524 5595 1739 5667 ἄνδρας.
1780 5596 1860 5646 Td:
1906 5594 2003 5663 μὲν

577 5782 713 5836 Dan.
754 5797 815 5848 tt,
858 5781 892 5835 4
927 5797 1048 5852 sqq.

2101 4778 2222 4839 pter
2266 4767 2415 4821 hune
2462 4765 2797 4837 proselytum
2838 4765 3133 4836 perfectam
3178 4766 3391 4836 agimus
3436 4767 3679 4836 perfecto

2104 4872 2335 4913 numero
2373 4859 2713 4928 panegyrim.
2745 4855 2810 4911 Et
2839 4856 3063 4911 diabolo
3104 4873 3193 4912 res
3244 4857 3421 4927 lepida
3456 4865 3511 4911 et
3560 4858 3680 4913 risu

2105 4952 2268 5024 digna
2301 4950 2504 5006 accidit
2538 4966 2551 5003 :
2587 4949 2717 5003 dmn
2763 4938 2910 5002 enim
2962 4948 3187 5002 militem
3230 4947 3531 5003 sulfuratus
3570 4958 3679 5013 est,

2105 5044 2289 5099 amisit
2317 5048 2722 5111 persecutorem
2748 5046 2799 5093 et
2817 5038 3151 5093 carnificem.

2175 5134 2316 5201 Quid
2346 5148 2477 5188 vero
2508 5139 2631 5202 post
2670 5130 2827 5184 luce?
2859 5127 2966 5184 Ter
3001 5129 3146 5184 beati
3187 5129 3261 5183 illi
3293 5140 3682 5200 pervenerunt,

2107 5242 2217 5297 quo
2258 5224 2646 5297 properabant.
2699 5221 2770 5274 At
2799 5220 3057 5291 supplicii
3099 5236 3301 5291 praeses
3336 5220 3686 5291 impatienter

2109 5320 2293 5375 ferens
2323 5325 2625 5387 martyrum
2658 5313 2967 5374 victoriam,
2999 5328 3125 5368 cum
3156 5312 3425 5369 cadavere
3482 5314 3682 5368 bellum

2108 5411 2351 5483 gerebat,
2394 5409 2657 5463 mandans
2687 5413 2746 5459 ut
2778 5413 3094 5461 sanctarum
3122 5405 3430 5461 animarum
3479 5407 3688 5461 habita-

2111 5501 2233 5555 cula
2266 5499 2375 5569 igni
2405 5493 2965 5557 traderentur,hacin
2999 5509 3059 5550 re
3086 5495 3411 5553 etetl'eratas
3445 5497 3684 5555 belluas.

2112 5599 2166 5648 et
2197 5589 2538 5645 truculentos
2578 5585 2827 5643 homines
2865 5587 3131 5651 imitatus,
3156 5602 3390 5658 quarum
3420 5588 3527 5643 illae
3551 5585 3688 5642 etfu-

1126 5779 1151 5817 ³·
1180 5778 1326 5837 Psal.
1365 5796 1484 5844 vm,
1520 5778 1575 5832 5.
1654 5776 1674 5807 "
1706 5777 1827 5829 Act.
1866 5788 1945 5841 ις,
1979 5772 2003 5825 l
2041 5788 2163 5843 sqq.
