4132 6356
444 314 554 369 785

1583 313 1652 369 IN
1680 315 2180 383 QUADRAGINTA
2223 317 2625 377 MARTYRES.

3607 314 3709 371 786

444 423 553 495 ἐμή
588 437 602 451 ·
636 438 776 492 αυτη
818 438 928 495 γαρ
971 416 1043 493 ἦν
1085 423 1119 492 ἡ
1166 422 1244 493 τῷ
1273 421 1394 494 Θεῷ
1439 409 1744 497 συνάγουσα
1799 429 1894 484 καὶ
1937 448 2028 486 κο-

2159 434 2321 504 hujus
2345 435 2490 490 enim
2526 435 2632 489 vita
2665 449 2790 488 cum
2830 435 2939 492 Deo
2969 440 3113 498 erat,
3141 447 3264 504 qum
3292 429 3457 484 etiam
3491 427 3708 479 omnem

448 513 661 580 σμοῦσα
677 513 776 585 τὴν
803 514 1016 585 ἐορτήν·
1037 517 1093 585 ή⁹
1112 515 1172 568 δέ
1199 517 1355 587 ἥκειν
1375 534 1442 588 με
1465 518 1600 589 πρὸς
1621 518 1719 592 τὴν
1745 523 2032 593 μετουσίαν

445 606 554 659 τῶν
587 605 881 677 δρωμένων
908 607 1182 674 ἐκέλευσε,
1208 608 1400 680 πόρῤω
1429 626 1486 663 τε
1525 609 1801 681 διάγοντα,
1832 615 1927 669 καὶ
1956 616 2037 669 ἔτι

448 697 568 751 νέον
589 696 737 760 ὄντα,
753 697 855 752 κάν
869 699 983 762 τοῖς
1007 697 1216 763 λαῖκοῖς
1241 698 1668 772 ἀριθμούμενον.
1691 698 1792 757 Οἴα
1815 705 1870 758 δὲ
1893 705 2038 776 φιλεῖ

449 789 693 859 γίνεσθαι
727 787 821 843 ἐπὶ
850 791 1141 862 πράγμασι
1194 795 1646 862 κατεπείγουσιν,
1677 796 1904 869 ἄσχολος
1937 798 2035 862 ὢν,

454 879 752 952 βαρύτερον
778 882 806 934 6
834 881 1060 952 ἀνόητος
1089 881 1356 954 ἐδεξάμην
1387 883 1485 955 τὴν
1521 885 1733 958 κλῆσιν,
1782 889 2037 960 ὑπομεμ-

449 972 694 1043 ψάμενος
720 974 785 1044 τῇ
817 973 1006 1044 μητρὶ.
1029 975 1111 1028 ὅτι
1144 976 1218 1046 μή
1247 971 1326 1039 είς
1353 975 1510 1030 ἄλλον
1532 979 1724 1050 καιρὸν
1745 980 2040 1054 ὑπερέθετο

451 1065 552 1136 τὴν
585 1064 925 1134 πανήγυριν,
957 1064 1094 1119 ἀλλά
1125 1083 1194 1138 με
1233 1067 1442 1121 πολλῶν
1470 1071 1846 1142 ἀποκινήσασα
1879 1090 2041 1145 φρον-

451 1155 628 1219 τίδων,
661 1155 982 1226 μεθείλκυσε
1013 1158 1213 1230 ταύτῃ,
1251 1160 1346 1212 καὶ
1382 1161 1490 1232 πρὸ
1519 1161 1646 1232 μιᾶς
1666 1163 1767 1234 τῆς
1800 1165 2038 1218 συνόδου.

467 1247 768 1318 Ἀφικόμην
813 1251 896 1313 εὶς
939 1248 999 1303 τὸ
1048 1251 1249 1322 χωρίον
1277 1269 1290 1282 ο
1330 1254 1655 1324 παννυχίδος
1687 1256 1744 1308 δὲ
1769 1256 1936 1328 οὐσης
1984 1259 2041 1310 ἐν

455 1340 617 1410 κήπῳ
640 1376 657 1401 .
689 1339 818 1392 ἔνθα
877 1341 974 1394 καὶ
1036 1341 1105 1394 τά
1155 1342 1384 1412 λείψανα
1420 1345 1530 1398 τῶν
1565 1346 1736 1414 ἁγίων
1778 1347 2042 1418 ἐτύγχανε

453 1430 795 1501 ψαλμῳδίαις
827 1434 1136 1503 τιμώμενα,
1170 1434 1296 1504 ἐμοὶ
1355 1436 1581 1507 πλησίον
1625 1437 1716 1491 ἐπί
1749 1456 1893 1503 τινος
1937 1435 2042 1493 δω-

460 1519 649 1588 ματίου
707 1519 1022 1574 καθεύδοντι
1090 1523 1342 1591 φαίνεται
1397 1523 1532 1596 ὐναρ
1599 1526 1722 1596 ὄψις
1771 1525 1995 1597 τοιαύτη
2026 1543 2040 1556 ·

457 1607 710 1665 Ἐδᾶκουν
730 1610 1255 1694 βούλεσθαιείσιὲναι
1285 1617 1342 1668 ἐν
1366 1614 1444 1687 τῷ
1474 1617 1657 1688 κήπῳ,
1683 1616 1808 1671 ἔνθα
1839 1615 1986 1689 ὕπαρ
2011 1617 2044 1688 ἡ

460 1703 720 1774 παννυχὶς
751 1704 1002 1762 ἐτελεῖτο.
1027 1707 1306 1778 Γενομένῳ
1340 1708 1397 1762 δέ
1444 1727 1535 1780 μοι
1565 1709 1693 1781 περὶ
1714 1709 1814 1780 τὴν
1853 1709 2041 1779 θύραν,

459 1793 662 1864 πλῆθος
680 1794 835 1866 ὤφθη
861 1798 1208 1868 στρατιωτῶν
1243 1799 1698 1870 προσκαθήμενον
1725 1802 1792 1871 τῇ
1817 1798 2041 1869 είσόδῳ·
2077 1785 2119 1842 Β

458 1886 654 1957 ἀθρόον
675 1886 732 1941 δὲ
765 1890 813 1941 οί
843 1887 1044 1952 πάντες
1067 1888 1476 1958 διαναστάντες,
1506 1891 1735 1964 ῥάϐδους
1762 1892 2048 1946 ἐπανατει-

458 1980 708 2050 νόμενοι,
741 1981 836 2035 καὶ
867 1981 1238 2054 ἀπειλητικῶς
1295 1984 1676 2058 ὲφορμῶντες,
1711 1983 1774 2038 οὐ
1809 1980 2048 2054 συνεχώ-

461 2087 589 2140 ρουν
620 2071 720 2140 τὴν
757 2071 960 2124 εἴσοδον
986 2089 1001 2102 ·
1026 2072 1216 2128 ἔλαϐον
1242 2074 1287 2126 δ’
1303 2074 1368 2128 ἂν
1407 2076 1502 2128 καὶ
1533 2073 1768 2143 πληγάς,
1796 2075 1845 2126 εί
1875 2073 1952 2144 μή
1981 2089 2048 2144 με

461 2157 560 2224 εἷς,
578 2161 653 2226 ὡς
673 2161 908 2224 ἐδόκουν,
932 2164 1341 2236 φιλανθρωπότε
1350 2183 1440 2239 ρος
1468 2165 1782 2238 ἐξῃτήσατο.
1802 2167 1890 2230 Ὠς
1907 2165 1963 2218 δέ
1982 2182 2050 2235 με

459 2255 488 2307 6
519 2253 686 2318 ὕπνος
715 2255 917 2326 ἀφῆκε,
945 2256 1040 2309 καὶ
1091 2251 1252 2328 ἦλθον
1299 2259 1378 2321 είς
1418 2257 1786 2329 ἀναλογισμὸν
1814 2257 1912 2329 τῆς
1958 2257 2051 2309 ἐπὶ

459 2349 527 2418 τῇ
563 2346 750 2420 κλήσει
805 2347 1201 2420 πλημμελείας,
1233 2350 1482 2422 ᾐσθόμην
1521 2350 1620 2422 μὲν
1653 2353 1734 2415 είς
1763 2349 1815 2404 τί
1855 2348 2049 2420 ἔφερεν

459 2442 494 2509 ἡ
539 2440 648 2494 τῶν
695 2441 1042 2514 στρατιωτῶν
1095 2441 1357 2512 ἐπίφοϐος
1406 2443 1643 2497 ὀπτασία
1671 2460 1685 2475 ·
1733 2441 1948 2504 πολλοῖς
1982 2439 2050 2493 ’δέ

462 2531 681 2604 θρήνοις
696 2533 986 2606 ὼδυρόμην
1007 2533 1107 2606 τὴν
1123 2534 1364 2606 ἐμαυτοῦ
1399 2536 1738 2607 ματαιότητα
1762 2550 1775 2563 ·
1796 2531 1890 2585 καὶ
1914 2530 2048 2601 αὐτῇ

460 2640 524 2693 γε
543 2626 608 2696 τῇ
641 2623 782 2698 θήκῃ
807 2623 918 2680 τῶν
940 2623 1210 2696 λειψάνων
1235 2626 1433 2698 πικρὸν
1455 2627 1766 2698 ἐπέῤῥευσα
1794 2623 2050 2693 δάκρυον,

463 2717 552 2770 ἵνα
581 2734 672 2789 μοι
703 2720 733 2772 6
760 2719 894 2784 Θεός
923 2735 983 2772 τε
1007 2719 1252 2791 εὐμενῶς
1275 2718 1507 2791 inurat
1536 2723 1586 2774 οί
1606 2721 1752 2790 ἀγιόι
1783 2713 2048 2788 στρατιῶ-

463 2823 553 2864 ται
581 2811 680 2881 τὴν
707 2812 1019 2883 ἀμνηστίαν
1048 2813 1405 2886 χαρίσωνται.

535 3003 724 3060 ταῦτα
749 2998 925 3070 εἷπον,
960 3003 1048 3058 ἵνα
1082 2977 1415 3074 πισθῶμεν,
1441 2999 1521 3058 ὅτι
1556 3003 1722 3069 ζῶσιν
1768 3006 1818 3058 οί
1849 3005 2050 3078 μάρτυο

2136 525 2279 580 diem
2311 525 2510 581 festum
2534 526 2730 581 eximie
2751 525 3004 598 ornabat)
3052 522 3221 596 jussit
3277 534 3364 574 me
3418 515 3483 570 ad
3527 529 3708 568 rerum

2137 620 2498 689 gerendarum
2529 618 2999 688 participationem
3059 616 3268 672 venire.
3313 613 3382 666 At
3415 625 3538 665 cum
3586 623 3709 676 pro-

2137 711 2224 764 cul
2265 711 2537 774 abessem,
2595 709 2777 766 adhuc
2828 709 3073 780 juvenis,
3113 709 3244 764 etin
3298 704 3568 760 laicorum
3621 712 3710 750 or-

2137 803 2284 865 dine,
2317 810 2479 873 prout
2508 801 2620 857 fieri
2653 801 2940 857 consuevit
2964 800 3018 854 in
3045 798 3208 854 rebus
3248 792 3592 864 urgentibus,
3619 797 3712 842 oc-

2138 893 2527 964 cupationibus
2569 893 2858 956 distentus,
2902 892 3126 962 gravius
3184 887 3522 944 vocationem
3577 878 3713 935 iusi-

2139 987 2295 1058 pieus
2321 986 2529 1056 accepi,
2557 986 2935 1041 subaccusans
2970 996 3220 1044 matrem,
3244 977 3389 1050 quod
3415 973 3708 1030 hanccele-

2141 1079 2393 1134 britatem
2421 1078 2475 1132 in
2501 1078 2645 1132 aliud
2682 1087 2894 1148 tempus
2943 1092 3052 1130 non
3103 1073 3450 1134 distulisset,
3480 1066 3574 1122 sed
3627 1079 3712 1118 me

2141 1189 2171 1225 a
2205 1171 2371 1226 variis
2423 1171 2656 1239 negotiis
2707 1170 3044 1224 abstractum
3098 1165 3204 1221 huc
3260 1162 3598 1221 abduxisset,
3659 1163 3714 1208 ει

2140 1263 2359 1333 quidem
2394 1273 2518 1317 ante
2549 1262 2714 1315 ullam
2757 1260 3049 1332 synodum.
3087 1257 3221 1313 Veni
3255 1270 3384 1326 ergo
3408 1254 3462 1306 in
3493 1266 3711 1320 pagum.

2140 1353 2210 1408 Et
2237 1371 2361 1419 eum
2392 1355 2735 1426 pervigilium
2779 1354 3025 1408 obiretur
3064 1352 3118 1406 in
3169 1349 3350 1408 horto,
3405 1344 3493 1398 ubi
3551 1343 3714 1397 edam

2144 1445 2471 1501 Sani-torum
2514 1445 2759 1515 reliquis:
2807 1445 3035 1515 psalmis
3097 1439 3530 1500 honorabantur,
3582 1430 3714 1485 mihi

2143 1541 2198 1595 in
2230 1540 2414 1594 vicina
2443 1538 2675 1594 aedicula
2723 1537 3014 1593 dormienti
3051 1530 3365 1603 lmjusmodi
3415 1527 3714 1584 secundum

2145 1632 2380 1704 quietem
2401 1632 2537 1686 visio
2553 1631 2732 1686 oblata
2748 1638 2855 1686 est:
2891 1627 3132 1683 Videbar
3164 1626 3368 1679 intrare
3391 1621 3444 1675 in
3476 1619 3718 1678 hortum,

2147 1726 2239 1780 ubi
2286 1724 2630 1798 pervigilium
2673 1723 2955 1793 agebatur.
3002 1719 3066 1772 Et
3095 1733 3220 1772 cum
3247 1715 3314 1769 ad
3349 1715 3490 1768 fores
3517 1724 3715 1765 essem

2148 1816 2399 1888 apparuit
2454 1812 2742 1868 multitudo
2795 1809 3025 1866 militum
3091 1807 3160 1861 ad
3216 1804 3497 1859 introitum
3557 1813 3719 1855 excu-

2149 1909 2419 1969 bantium,
2477 1905 2570 1976 qui
2629 1920 2660 1959 e
2717 1901 2946 1973 vestigio
2999 1904 3374 1966 assurgentes,
3432 1893 3723 1960 virgasque

2148 1996 2478 2067 quatientes,
2514 2003 2569 2048 et
2597 1991 2917 2048 minabundi
2955 1990 3009 2043 in
3052 2004 3141 2043 me
3173 1988 3464 2048 irruentes,
3514 1980 3721 2034 aditum

2150 2103 2257 2141 non
2287 2084 2692 2140 concedebant:
2731 2082 2864 2152 quin
2895 2088 2949 2134 et
2989 2080 3178 2150 plagas
3212 2075 3574 2144 accepissem,
3614 2067 3722 2123 nisi

2149 2167 2547 2246 deprecationc'
2573 2175 2758 2236 unius,
2796 2172 2912 2239 qui,
2944 2179 3004 2224 ut
3033 2168 3342 2232 ridebatur,
3383 2164 3597 2219 caeteris
3630 2159 3726 2213 hu-

2151 2268 2363 2321 manior
2398 2273 2539 2329 erat,
2591 2273 2812 2334 ereptus
2844 2263 3089 2318 fuissem.
3150 2257 3256 2314 Ubi
3327 2272 3456 2311 vero
3497 2266 3725 2308 somnus

2152 2377 2237 2416 me
2261 2360 2501 2430 reliquit,
2551 2359 2717 2428 inque
2745 2357 3065 2412 memoriam
3123 2351 3396 2414 revocavi,
3429 2364 3549 2418 qua:
3575 2346 3721 2400 circa

2151 2455 2489 2508 vocat'onem
2521 2451 2886 2520 deliquerant,
2928 2457 3043 2502 tum
3093 2444 3228 2513 quid
3275 2443 3512 2498 terrifica
3579 2438 3724 2491 mili--

2149 2555 2263 2600 tum
2289 2543 2562 2614 apparitio
2596 2541 2700 2597 sibi
2731 2540 2914 2604 vellet,
2975 2534 3254 2592 intellexi:
3312 2531 3496 2586 multis
3543 2537 3724 2582 autem

2148 2632 2406 2705 lacrymis
2437 2629 2628 2686 deflevi
2658 2644 2836 2684 meam
2875 2626 3276 2697 insipientiam,
3311 2621 3598 2692 ipsamque
3635 2631 3726 2670 sa-

2146 2739 2368 2780 crarum
2395 2724 2754 2793 reliquiarum
2779 2720 2992 2774 thecam
3023 2717 3280 2789 lacrymis
3307 2713 3508 2767 amaris
3537 2725 3725 2777 asper-

2148 2821 2217 2879 si.
2252 2825 2311 2872 ut
2340 2825 2394 2870 et
2429 2815 2597 2872 Deum
2634 2813 2767 2868 mihi
2810 2810 3187 2882 pr0pitiarem,
3228 2814 3284 2862 ct
3314 2820 3344 2860 a
3374 2803 3582 2860 sanctis
3625 2799 3728 2854 mi-

2152 2910 2342 2964 litibus
2363 2906 2643 2964 commissi
2677 2904 3006 2959 oblivionem
3041 2901 3370 2956 obtinerent.

2220 3000 2345 3055 "me
2381 2996 2770 3061 recensuerim,
2809 3003 2869 3050 ut
2902 2992 3192 3049 credamus
3225 2996 3492 3060 martyres
3519 2986 3725 3050 virere,

466 3113 583 3168 ρες,
609 3096 705 3150 καὶ
736 3096 844 3150 εἰσὶ
883 3095 1028 3186 γΘεοῢ
1065 3095 1386 3166 δορυφόροι,
1435 3094 1530 3148 καὶ
1559 3094 1838 3166 πάρεδροι,
1867 3095 1916 3148 οί
1957 3095 2053 3165 σή-

2153 3103 2206 3150 et
2240 3092 2333 3148 Dei
2364 3092 2522 3162 quasi
2557 3089 2852 3160 stipatores
2885 3095 2943 3142 et
2967 3097 3282 3140 assessores
3313 3097 3454 3146 esse,
3495 3079 3586 3150 qui
3631 3079 3728 3131 ho-

470 3204 635 3259 μεερον
656 3186 812 3257 ἡμῶν
839 3185 939 3258 τὴν
970 3185 1298 3258 Ἐκκλησίαν
1325 3185 1704 3256 ὠφελήσαντες
1725 3186 1818 3239 καὶ
1847 3187 2055 3257 κοσμήτ

469 3297 663 3343 σαντες
691 3295 708 3310 ο
756 3277 1116 3350 λαμπροτέρα
1163 3278 1221 3332 δὲ
1259 3277 1354 3332 καὶ
1388 3275 1590 3348 μείζων
1619 3277 1758 3350 αὐτη
1795 3280 1829 3350 ἡ
1861 3293 2056 3333 τεσσα-

471 3367 709 3442 ρακοστὴ
735 3369 844 3423 τῶν
871 3375 922 3440 μ’
960 3367 1257 3440 μαρτύρων
1278 3368 1380 3441 τὴν
1403 3371 1623 3440 μνήμην
1651 3368 1872 3440 ἔχουσα,
1895 3368 1992 3423 καὶ
2024 3369 2056 3422 6

472 3462 579 3530 μὴν
623 3460 1048 3532 ἐπιφανέστερος
1076 3460 1184 3513 τῶν
1241 3459 1451 3531 μηνῶν,
1470 3459 1566 3515 καὶ
1583 3460 1614 3513 6
1648 3457 1916 3532 μοχθηρὸς
1940 3478 2054 3532 χει-

472 3553 590 3624 μὼν
615 3554 798 3607 οὐκέτι
830 3571 919 3624 μοι
951 3553 1099 3608 δοκεῖ
1127 3553 1360 3624 χαλεπός
1387 3570 1401 3583 ·
1434 3553 1554 3606 οὐδὲ
1585 3553 1884 3626 σχετλιάζω
1912 3554 2055 3608 κατὰ

468 3647 569 3717 τῆς
601 3645 896 3708 ἐνεστῶτος
923 3646 1120 3720 καιροῦ
1171 3647 1515 3717 ἀγριότητος.
1561 3629 1731 3710 οὗτος
1755 3643 1864 3719 γάρ
1893 3647 2057 3702 ὅπλον

468 3737 565 3792 τοῦ
596 3737 825 3793 διώκων
873 3739 1184 3810 γενόμενος,
1223 3737 1428 3809 ταύτην
1465 3755 1556 3808 μοι
1596 3737 1696 3809 τὴν
1744 3738 1896 3810 ίεράν
1943 3741 2059 3794 ἐτε-

469 3828 661 3883 λείωσε
686 3829 960 3900 φάλαγγα.
997 3830 1106 3882 Καὶ
1137 3827 1328 3900 ὥσπερ
1355 3827 1463 3882 τῶν
1508 3827 1650 3901 ἐτιτά
1684 3828 2057 3901 Μακκαϐαίων

470 3923 506 3991 4;
550 3922 754 3993 μήτηρ,
785 3920 874 3975 sta
921 3921 985 3975 τὸ
1029 3920 1208 3991 ψυχὴν
1263 3919 1409 3990 ἔχειν
1463 3918 1712 3989 φιλόθεον
1763 3919 1964 3990 μᾶλλον
2017 3919 2051 3992 ἢ

471 4014 820 4084 φιλόσαρκον,
855 4010 979 4068 οὔτε
1007 4012 1107 4084 τὴν
1139 4012 1415 4082 Ἀντιόχου
1447 4008 1542 4064 τοῦ
1567 4011 1832 4082 τυράννου
1859 4011 2060 4083 Συρίας

469 4104 730 4174 ὠμότητα
755 4103 1179 4176 κατεμέμψατο,
1203 4102 1324 4156 οὐτε
1355 4101 1492 4174 πρὸς
1524 4101 1624 4167 τὰς
1679 4101 1930 4166 κολάσεις
1965 4103 2059 4156 καὶ

472 4197 572 4258 τάς
628 4195 916 4267 συμφορὰς
959 4195 1070 4249 τῶν
1124 4194 1256 4248 υίῶν
1293 4193 1647 4265 ἐδυσχέρανεν
1689 4209 1704 4224 ο
1741 4190 1960 4258 ἐδέξατο
2001 4193 2060 4246 δὲ

472 4288 574 4358 τὴν
617 4287 874 4359 ἐρημίαν,
912 4287 989 4351 ὡς
1017 4287 1360 4360 εὐεργεσίαν,
1403 4286 1498 4340 καὶ
1533 4285 1634 4358 τὴν
1666 4279 1948 4350 ἀπαιδίαν,
1983 4285 2061 4350 ὡς

477 4378 757 4448 βοήθειαν
791 4377 914 4432 οὐτε
956 4379 1062 4452 μὴν
1090 4380 1119 4432 6
1155 4375 1814 4452 Στέφανοίλιθαζόμενος
1842 4374 2058 4447 ἐνόμιζε

2155 3184 2244 3241 die
2287 3181 2547 3238 Ecclesiae
2589 3188 2644 3234 et
2687 3178 3058 3234 emolumento
3102 3186 3157 3230 et
3206 3181 3530 3228 ornamento
3574 3178 3727 3226 sz'at.

2156 3274 2275 3346 Ipsa
2305 3287 2438 3329 vero
2469 3268 2925 3340 Quadragesima,
2964 3282 3072 3337 qua
3118 3263 3480 3336 quadraginta
3527 3269 3731 3332 marty-

2155 3381 2280 3421 rum
2307 3365 2574 3420 memoria
2609 3362 2816 3424 obitur,
2849 3358 3190 3430 splendidior
3213 3365 3268 3413 et
3315 3355 3492 3424 major
3528 3365 3633 3419 est,
3677 3361 3730 3408 ct

2156 3453 2366 3510 mensis
2398 3452 2685 3508 mensibus
2714 3449 2838 3505 aliis
2865 3448 3152 3513 illustrior,
3182 3459 3362 3523 nequa
3381 3444 3521 3498 nuda
3556 3444 3731 3498 hiems

2156 3553 2392 3624 amplius
2435 3551 2566 3606 mihi
2617 3547 2854 3604 difficilis
2894 3553 3140 3614 apparet,
3191 3556 3368 3613 neque
3407 3540 3617 3609 affligar
3661 3539 3732 3592 ob

2156 3641 2421 3716 temporis
2447 3641 2705 3696 instantis
2733 3634 3163 3693 inclementiam.
3199 3630 3334 3686 Nam
3370 3631 3579 3685 immite
3603 3638 3736 3681 tetu-

2157 3753 2284 3809 pus,
2315 3733 2611 3790 occasione
2643 3726 2984 3801 persecutori
3014 3724 3453 3785 subministrata,
3485 3723 3625 3775 hanc
3652 3736 3736 3774 sa-

2157 3839 2308 3880 cram
2341 3831 2618 3878 catervam
2651 3816 2911 3874 confecit.
2940 3816 3006 3870 Et
3035 3812 3494 3886 quemadmodum
3525 3818 3731 3880 septem

2158 3913 2625 3970 Macchabaeorum
2684 3914 2896 3968 mater,
2935 3893 3166 3973 ecquod
3218 3903 3460 3958 animum
3513 3900 3737 3955 haberet

2117 4039 2127 4047 -
2159 4006 2334 4078 magis
2365 4004 2460 4060 Dei
2507 4016 2672 4074 quam
2702 3999 2892 4054 carnis
2921 4003 3222 4061 amantem,
3255 4010 3431 4066 neque
3481 3992 3736 4048 Antiochi

2161 4096 2382 4170 tyranni
2424 4095 2602 4166 Syria:
2639 4090 3024 4148 crudelitatem
3053 4086 3370 4153 accusavit;
3401 4101 3576 4154 neque
3608 4099 3738 4152 sep—

2158 4188 2321 4260 plicia
2345 4195 2400 4244 et
2424 4185 2769 4242 calamitates
2814 4180 3052 4236 filiorum
3095 4179 3319 4248 indigne
3356 4179 3500 4242 tulit,
3543 4178 3710 4230 solitu

2159 4279 2343 4334 dinem
2373 4292 2528 4338 vero,
2574 4282 2635 4329 ut
2683 4271 3031 4334 beneficium,
3059 4277 3115 4326 et
3141 4269 3456 4331 orbitatem,
3493 4275 3550 4320 ut
3583 4265 3739 4320 auxi-

2160 4372 2294 4426 lium
2329 4369 2576 4439 accepit;
2621 4381 2797 4436 neque
2829 4362 3144 4434 Stephanus
3193 4359 3466 4430 lapidatus
3503 4359 3739 4412 arbitra-

477 4469 812 4542 βλάπτεσθαι
840 4511 855 4536 ,
886 4448 1030 4524 ἀλλά
1057 4463 1256 4542 μᾶλλον
1292 4448 1705 4548 ζωοποιεῐσθαι·
1738 4465 1910 4530 οὕτως
1964 4469 2054 4522 καὶ

2163 4465 2324 4520 batur
2357 4476 2418 4517 se
2452 4460 2595 4526 laedi,
2634 4455 2736 4514 sed
2761 4457 2938 4528 magis
2960 4453 3228 4509 vivificari
3257 4472 3268 4506 :
3306 4453 3379 4506 ita
3413 4460 3466 4505 et
3513 4466 3612 4504 nos
3643 4448 3735 4502 Dei

477 4564 638 4633 ἡμεῖς
674 4563 786 4625 τοῖς
811 4561 1098 4632 θεομάχοις
1125 4561 1413 4634 ὀφείλομεν
1439 4543 1600 4630 χάριν
1633 4560 1696 4613 ἐκ
1719 4561 1819 4631 τῆς
1848 4556 2059 4628 ἀγαθῆς

479 4654 824 4718 ἀποϐάσεως,
852 4653 970 4719 ἀνθ’
995 4649 1072 4709 ὧν
1093 4656 1225 4726 ἡμῖν
1248 4655 1518 4708 τοσούτων
1549 4651 1772 4721 ἀγαθῶν
1794 4649 2062 4720 κατέστη-

479 4762 580 4799 σαν
620 4743 816 4810 αἴτιοι,
864 4743 913 4796 εί
940 4741 1034 4796 καὶ
1079 4744 1152 4814 μὴ
1184 4733 1850 4815 σκοπῷἐὐεργετούντων
1876 4777 1891 4802 ,
1927 4733 2065 4792 ἀλλά

479 4836 860 4907 πολεμούντων
888 4835 1172 4906 ἐνήργουν.
1205 4834 1566 4906 Εὐεργετοῦσι
1595 4833 1706 4906 γάρ
1743 4833 1836 4886 καὶ
1877 4830 2065 4904 ἐχθροὶ

482 4933 558 5003 μὴ
610 4929 854 4990 θέλοντες
882 4968 897 4992 ,
931 4927 1042 4980 τῶν
1093 4925 1332 4996 γνησίων
1374 4926 1545 4995 φίλων
1587 4926 1690 4978 οὐκ
1742 4922 2061 4994 ἀτιμότερα.

493 5021 789 5090 Ὠρέλησεν
822 5022 851 5073 6
878 5017 1126 5081 διάϐολος
1162 5017 1255 5071 τὸν
1303 5016 1424 5071 Ἰὼϐ
1470 5017 1693 5088 μᾶλλον,
1726 5015 1759 5086 ἢ
1811 5015 2064 5085 ἔϐλαψεν.

482 5115 792 5186 Εὐεργέτης
834 5114 864 5166 6
917 5111 1171 5182 βασιλεὺς
1221 5108 1329 5163 τῶν
1389 5110 1690 5180 Ἀσσυρίων
1736 5107 1830 5162 τοῦ
1870 5106 2067 5178 Δανιὴλ

481 5205 716 5272 ἐγένετο.
743 5204 855 5258 Καὶ
892 5203 943 5256 oi
966 5204 1114 5275 τρεῖς
1147 5200 1336 5264 παῖδες
1380 5202 1446 5271 τῇ
1483 5200 1700 5271 καμίνῳ
1746 5198 1906 5270 χάριν
1937 5199 2068 5268 ὁμο-

481 5296 842 5376 λογείτωσαν·
873 5296 968 5352 καὶ
1012 5293 1265 5366 πρισθεὶς
1297 5293 1326 5345 6
1361 5291 1588 5355 Ἡσαΐας
1628 5291 1753 5355 τοὺς
1785 5289 2070 5360 Ἐϐραίους

485 5387 742 5457 ὐμνείτω.
791 5389 902 5441 Καὶ
951 5385 1226 5458 Ζαχαρίας
1276 5382 1478 5451 μεταξύ
1527 5381 1621 5434 τοῦ
1659 5380 1788 5434 ναοῦ
1829 5382 1922 5434 καὶ
1973 5378 2067 5432 τοῦ

488 5479 876 5551 θυσιαστηρίου
910 5479 1142 5549 σφαγεὶς
1171 5475 1385 5548 τιμάτω
1432 5474 1558 5536 τοὺς
1590 5471 1909 5542 αὐτόχειρας
1929 5486 1942 5501 ⁸
1980 5471 2072 5523 καὶ

502 5571 754 5639 Ἰωάννης
780 5570 878 5630 τὴν
901 5569 1140 5641 κεφαλὴν
1159 5565 1519 5638 ἀποτμηθεὶς,
1545 5563 1840 5633 εὐεργέτην
1867 5580 1936 5632 κη
1947 5579 2072 5631 ρυτ-

489 5665 630 5716 τέτω
666 5659 914 5732 Ἡρώδην
935 5677 948 5690 ο
985 5662 1078 5714 καὶ
1100 5662 1146 5713 οἱ
1178 5658 1463 5714 ἀπόστολοι
1508 5655 1633 5717 τοὺς
1663 5653 1928 5724 δήσαντας
1981 5652 2074 5706 καὶ

495 5753 864 5823 μαστίξαντας
901 5770 914 5785 -
958 5756 1051 5806 καὶ
1107 5752 1304 5815 πάντες
1375 5747 1650 5822 μάρτυρες
1706 5745 2075 5817 ἀγαπάτωσαν

2161 4550 2636 4625 oppugnatoribus
2673 4547 2906 4618 gratiam
2947 4544 3245 4604 debemus.
3298 4541 3370 4596 ob
3415 4555 3738 4610 prosperum

2162 4655 2458 4709 eventum,
2511 4658 2638 4699 cum
2693 4641 2857 4696 nobis
2907 4645 3188 4693 tantorum
3247 4636 3517 4691 bonorum
3572 4646 3738 4685 causa

2164 4737 2338 4794 effecti
2381 4743 2533 4800 sunt,
2565 4731 2672 4789 etsi
2705 4731 2758 4786 id
2791 4729 2936 4800 quod
2977 4727 3232 4799 agebant,
3265 4742 3373 4780 non
3424 4724 3610 4778 animo
3649 4723 3742 4775 hc-

2167 4825 2496 4889 nefaciendi,
2519 4824 2612 4878 sed
2636 4818 2987 4892 appuguandi
3013 4817 3268 4888 agebant.
3295 4814 3432 4868 Nam
3453 4820 3508 4868 et
3531 4812 3739 4874 hostes,

2170 4922 2299 4976 licet
2336 4919 2608 4978 nolentes,
2640 4912 2939 4984 aliquando
2981 4909 3244 4965 beneficia
3280 4907 3612 4969 conferunt;
3645 4918 3743 4955 nec

2168 5012 2420 5069 diabolus
2445 5008 2584 5063 Jobo
2613 5006 2796 5060 minus
2843 5000 3070 5072 profuit,
3115 5011 3277 5068 quam
3325 4993 3546 5066 genuini
3583 4993 3743 5046 amici

2167 5104 2311 5174 ejus.
2337 5098 2656 5156 Benefactor
2685 5093 2925 5147 Danielis
2975 5090 3077 5144 fuit
3124 5103 3219 5141 rex
3276 5085 3648 5153 Assyrian-um.
3683 5081 3747 5137 Et

2172 5172 2283 5244 tres
2315 5185 2469 5258 pueri
2502 5185 2742 5238 incensa:
2771 5179 2980 5233 fornaci
3008 5176 3211 5248 gratias
3249 5182 3412 5243 agant
3441 5190 3455 5226 :
3486 5181 3542 5228 et
3570 5172 3738 5228 Isaias

2172 5295 2325 5336 serra
2370 5278 2644 5334 dissectus
2716 5271 2974 5327 llebrzeus
3021 5268 3286 5322 dilaudet.
3337 5265 3400 5318 Et
3451 5263 3747 5318 Zacharias

2175 5374 2320 5428 inter
2348 5369 2612 5440 templum
2648 5375 2701 5420 et
2736 5365 2910 5420 altare
2934 5369 3207 5416 mactatus
3239 5373 3373 5414 suos
3427 5357 3745 5412 interfecto-

2175 5482 2264 5520 res
2295 5471 2605 5525 veneretur,
2662 5465 2716 5513 et
2747 5455 2991 5512 Joannes
3037 5453 3216 5524 capite
3249 5457 3537 5506 truncatus
3582 5446 3752 5502 Hero-

2175 5558 2296 5613 dem
2334 5570 2434 5610 ceu
2467 5551 2876 5608 benefactorem
2912 5561 3073 5602 suum
3131 5544 3410 5614 praedicet.
3443 5548 3498 5596 et
3518 5537 3750 5610 apostoli

2176 5665 2291 5713 eos,
2327 5663 2356 5700 a
2380 5643 2586 5716 quibus
2616 5641 2931 5712 ligabantur
2950 5647 3004 5693 et
3030 5636 3532 5710 ilagellabautur,et
3561 5646 3754 5684 oman

2184 5748 2452 5809 martyres
2483 5752 2604 5801 eos,
2629 5750 2657 5789 a
2681 5734 2883 5807 quibus
2912 5731 3348 5804 persecutionem
3369 5723 3751 5798 patiebantur,
