4132 6356
419 250 521 308 787

1671 255 1733 312 ὃ.
1773 254 2098 313 GREGORII
2134 254 2424 314 NYSSENI

3551 245 3660 314 ’τεο

418 367 680 437 diligant:
718 367 825 424 nisi
862 369 1008 424 enim
1037 367 1371 426 illistadium
1400 371 1766 442 aperuissent,
1805 374 1986 429 haud-

2093 374 2213 439 τοὺς
2233 373 2523 436 διώκοντας
2538 388 2552 405 ο
2569 372 2618 427 εί
2646 371 2722 444 μὴ
2745 369 2855 444 γὰρ
2887 371 3085 428 ἐκεῖνοι
3107 365 3170 424 rb
3190 366 3401 428 στάδιον
3419 365 3658 439 ἤνοιξαν,

419 472 693 528 quaquam
725 460 945 515 athletae
978 459 1354 517 fortitudinem
1383 478 1537 516 suam
1559 464 1734 538 palam
1761 463 1986 521 demon-

420 557 716 604 strassent.
760 548 901 616 Quid
935 566 1064 608 vero
1109 553 1234 622 quis
1273 553 1339 607 ad
1377 554 1592 617 laudem
1636 570 1850 622 eorum,
1892 557 1986 624 qui

421 639 584 695 nobis
612 655 716 712 pro
748 639 1072 712 argumento
1104 643 1371 722 propositi
1402 651 1564 709 sunt,
1601 645 1775 719 magis
1813 645 1988 700 admi-

421 739 594 796 retur,
623 745 696 786 an
725 733 1153 799 multitudinem,
1173 750 1242 793 an
1270 732 1669 799 fortitudinem,
1695 751 1766 791 an
1809 735 1990 792 since-

422 836 540 874 ram
579 828 633 876 et
662 836 771 876 non
802 819 1038 877 fucatam
1076 824 1463 878 concordiam?
1501 824 1579 880 Ne
1609 841 1737 882 vero
1768 837 1990 896 praeter-

361 963 364 966 .
423 927 614 966 eamus
643 911 854 982 ingrato
887 913 1122 981 primum
1160 929 1469 969 numerum.
1498 913 1632 970 Nam
1665 916 1760 987 qui
1808 926 1988 972 tantos

424 1005 822 1058 intercessores
857 1003 1044 1068 habet,
1080 1005 1128 1060 is
1152 1021 1431 1076 nunquam
1465 1007 1646 1062 inanis
1677 1022 1707 1061 a
1737 1009 1990 1078 precibus

421 1100 476 1146 et
497 1093 748 1147 oratione
783 1092 974 1157 abibit,
1011 1094 1138 1149 licet
1169 1096 1409 1164 peccatis
1438 1096 1729 1151 admodum
1759 1110 1990 1154 onusms

424 1184 517 1239 sit.
564 1182 734 1250 Cujus
770 1199 970 1240 sensus
1008 1194 1063 1241 et
1099 1186 1214 1256 spei
1262 1189 1420 1243 testis
1467 1195 1553 1243 est
1591 1188 1708 1258 ipse
1764 1188 1904 1245 Deus
1935 1190 1990 1244 in

422 1276 695 1346 colloquio
725 1291 848 1330 cum
908 1276 1240 1341 Abrahamo.
1294 1279 1514 1348 quando
1563 1294 1662 1350 pro
1693 1279 1990 1338 Sodomitis

423 1368 789 1438 supplicabat,
821 1383 946 1423 cum
988 1385 1097 1424 non
1135 1368 1517 1442 quadraginta,
1549 1373 1642 1427 sed
1677 1372 1865 1429 decem
1896 1389 1990 1430 so.

423 1458 700 1513 tummodo
721 1457 904 1528 justus
936 1459 1004 1513 ad
1043 1459 1283 1517 civitatis
1314 1461 1538 1532 jamjam
1574 1462 1827 1532 peritura:
1857 1480 1991 1518 con-

423 1549 786 1604 servationem
809 1551 1114 1622 requisivit.
1136 1550 1246 1608 Nos
1272 1568 1421 1620 vero,
1440 1553 1596 1623 juxta
1613 1555 1989 1628 Apostolum',

424 1649 628 1693 tantam
669 1641 889 1696 testium
929 1641 1129 1696 nubem
1152 1642 1544 1700 circumfusam
1579 1644 1859 1713 habentes,
1891 1661 1992 1702 nos

2086 466 2187 519 οὐκ
2234 465 2302 523 ἂν
2343 465 2391 525 οἱ
2445 462 2673 534 ἀθληταὶ
2715 460 2818 532 τὴν
2857 459 3107 530 ἀνδρείαν
3139 457 3554 529 ὲδημοσίευσαν.
3595 456 3661 510 Τί

2085 555 2130 615 δ’
2151 556 2215 612 ἄν
2242 571 2328 619 τις
2362 553 2523 610 πλέον
2569 549 2834 622 ἀγασθείη
2863 550 2972 604 τῶν
2996 549 3372 622 προκειμένων
3413 549 3546 620 ἡμῖν
3581 550 3661 612 είς

2085 647 2362 718 εὐφημίαν
2392 644 2631 716 ἀνδρῶν;
2661 643 2723 698 τὸ
2756 641 2980 715 πλῆθος,
3013 641 3047 713 ἢ
3075 641 3173 712 τὴν
3201 641 3472 712 ἀνδρείαν,
3496 640 3532 712 ἢ
3562 639 3661 711 τὴν

2087 737 2292 808 ἀψευδῆ
2314 736 2628 808 συμφωνίαν
2647 753 2663 804 ;
2686 733 2797 788 Καὶ
2821 733 2896 806 μὴ
2917 732 3275 805 παρέλθωμεν
3297 731 3663 802 ἀναισθήτως,

2094 829 2227 901 μηδὲ
2260 828 2570 900 ἀχαρίστως
2613 825 2829 900 πρῶτον
2868 826 2961 880 τδν
3001 823 3252 896 ἀριθμόν.
3296 823 3354 878 '0
3389 822 3498 893 γὰρ
3539 837 3662 875 τοσ-

2089 919 2276 982 ούτους
2301 918 2438 989 ἔχων
2471 914 3023 989 πρεσϐευτὰς,ούποτ¹
3045 915 3112 970 ἂν
3137 913 3417 996 ἄπρακτος
3437 911 3664 974 ἁπέλθοι

2091 1009 2396 1083 προσευχῆς
2451 1009 2546 1063 καὶ
2592 1007 2827 1080 δεήσεως
2853 1047 2868 1070 ,
2893 1007 2996 1061 κᾶν
3033 1006 3240 1077 σφόδρα
3291 1004 3664 1077 βεϐαρημένος

2091 1099 2313 1172 ὑπάρχῃ
2345 1100 2456 1163 τοῖς
2485 1098 2866 1170 ἁμαρτήμασι.
2900 1095 3012 1150 Καὶ
3039 1095 3244 1167 ταύτης
3290 1096 3388 1165 τῆς
3425 1093 3664 1165 διανοίας

2089 1191 2183 1244 καὶ
2215 1190 2444 1252 ἐλπίδος,
2460 1190 2667 1260 μάρτυς
2687 1188 2833 1241 ἐστὶν
2864 1189 2893 1241 ό
2919 1187 3071 1251 Θεὸς,
3088 1188 3147 1240 ἐν
3166 1189 3234 1258 τῇ
3251 1185 3386 1258 πρὸς
3414 1183 3664 1259 Ἀϐραὰμ

2089 1281 2366 1348 διαλέξει,
2390 1279 2551 1352 ἡνίκα
2596 1279 2694 1350 τὴν
2731 1279 2869 1350 ὑπὲρ
2925 1277 3226 1348 Σοδομιτῶν
3277 1276 3512 1335 ἱκετείαν
3548 1276 3662 1330 ἐδέ-

2092 1389 2247 1445 χετο,
2276 1373 2338 1426 ού
2369 1371 2773 1444 τεσσαράκοντα
2811 1370 3074 1436 δικαίους,
3101 1369 3236 1424 ἀλλὰ
3269 1369 3399 1433 δέκα
3424 1369 3664 1445 ζητήσας

2092 1465 2173 1528 είς
2223 1463 2552 1534 παραίτησιν
2615 1459 2823 1524 πόλεως
2875 1459 3175 1532 μελλούσης
3220 1458 3662 1534 ἐξαφανίζεσθαι,

2103 1557 2291 1626 Ἡμεῖς
2343 1554 2422 1619 δὲ,
2457 1553 2598 1609 κατὰ
2620 1553 2710 1610 τὸν
2768 1552 3108 1617 ’Λπόστολον,
3155 1551 3407 1605 τοσοῦτον
3449 1550 3665 1628 ἔχοντες

2095 1641 2474 1715 περικείμενον
2512 1643 2647 1713 ἡμῖν
2705 1641 2866 1711 νέφος
2913 1639 3229 1712 μαρτύρων,
3269 1640 3665 1712 μακαρίσωμεν

423 1732 574 1810 ipsos
604 1732 962 1801 praedicemus
1017 1733 1229 1798 beatos,
1263 1750 1356 1806 spe
1387 1734 1718 1805 gaudentes,
1752 1737 1985 1791 orationi

2093 1733 2316 1796 ἑαυτοὺς
2349 1735 2414 1804 τῇ
2451 1731 2625 1786 ἐλπίδι
2645 1732 2951 1806 χαίροντες,
2973 1733 3039 1802 τῇ
3077 1734 3354 1804 προσευχῇ
3384 1746 3666 1802 προσκαρ-

423 1821 725 1884 instantes,
791 1823 1070 1879 memoriis
1119 1833 1435 1878 sanctorum
1485 1827 1986 1884 communicantes:

422 1927 548 1977 nam
586 1913 944 1984 quadraginia
991 1922 1256 1984 martyres
1295 1915 1457 1970 validi
1501 1925 1631 1970 sunt
1664 1925 1855 1971 contra
1895 1918 1995 1972 ad-

425 2003 703 2062 rersarius
734 2013 1170 2074 propugnatores
1190 2045 1205 2070 ,
1235 2014 1290 2061 et
1322 2005 1426 2062 ﬁde
1464 2007 1616 2077 digni
1643 2007 1995 2065 intercessio-

421 2090 512 2148 nis
545 2092 687 2162 apud
719 2096 1063 2149 communem
1108 2093 1394 2150 hominum
1463 2096 1752 2165 advocati;
1797 2098 1990 2153 horum

422 2185 676 2256 praesidio
701 2193 878 2240 tectus
899 2184 1249 2242 Christianus
1277 2186 1545 2253 conﬁdat,
1582 2173 1709 2243 licet
1737 2188 1991 2246 diabolus

420 2276 752 2331 tentationes
772 2285 974 2340 nectat,
993 2284 1048 2332 et
1076 2277 1325 2332 homines
1349 2278 1580 2348 improbi
1598 2279 1906 2350 insurgant,
1937 2287 1992 2334 et

421 2365 640 2435 tyranni
690 2366 875 2422 furore
917 2367 1350 2432 excandescant,
1391 2377 1446 2422 et
1485 2384 1635 2425 mare
1689 2371 1904 2436 saeviat,
1937 2377 1992 2424 et

420 2466 568 2523 terra
615 2473 724 2512 non
775 2458 933 2522 ferat,
979 2475 1098 2532 qua?
1133 2460 1449 2518 hominibus
1483 2460 1626 2517 ferre
1662 2461 1822 2526 solet,
1869 2470 1989 2515 tan-

419 2551 656 2621 denique
691 2553 890 2605 cmlum
923 2553 1100 2608 minas
1151 2552 1417 2607 intentet:
1472 2552 1540 2608 ad
1588 2568 1804 2608 omnem
1843 2554 1988 2608 enim

421 2641 804 2707 necessitatem
829 2651 883 2696 et
905 2650 1160 2697 eventum
1191 2644 1384 2697 horum
1409 2642 1638 2700 facultas
1660 2654 1715 2700 et
1747 2645 1989 2714 potentia

421 2732 636 2798 suﬂieit,
672 2739 726 2787 et
750 2733 969 2788 uberem
1009 2748 1040 2786 a
1073 2732 1298 2789 Christo
1327 2735 1556 2804 gratiam
1573 2735 1792 2806 accipit,
1825 2750 1986 2807 quem

419 2823 571 2886 decet
591 2828 767 2879 omnis
794 2822 965 2894 gloria
993 2823 1049 2878 in
1081 2823 1301 2880 saecula.
1330 2824 1527 2880 Amen.

489 3050 512 3080 ⁵
558 3047 724 3105 llebr.
765 3064 867 3114 xu,
906 3050 959 3106 1.

2094 1823 2374 1895 τεροῦντες
2401 1865 2417 1889 ,
2443 1826 2564 1888 ταῖς
2619 1826 2856 1898 μνήμαις
2903 1823 3010 1877 τῶν
3047 1823 3216 1890 ἁγίων
3265 1821 3664 1885 κοινωνοῦντες,

2099 1915 2515 1986 Τεσσαράκοντα
2541 1915 2649 1988 γὰρ
2677 1915 2970 1988 μάρτυρες,
3005 1915 3213 1988 ἰσχυροὶ
3255 1914 3355 1985 μὲν
3392 1913 3531 1977 κατὰ
3561 1914 3668 1976 τῶν

2098 2004 2307 2078 ἐχθρῶν
2342 2005 2701 2070 ὑπασπισταὶ,
2729 2005 3029 2072 ἀξιόπιστοι
3063 2005 3119 2060 δε
3148 2005 3245 2076 τῆς
3281 2005 3418 2076 πρὸς
3445 2004 3535 2068 τὸν
3570 2007 3667 2067 Δε-

2099 2095 2302 2166 σπότην
2331 2095 2540 2160 ἱκεσίας
2569 2095 2907 2168 παράκλητοι
2931 2112 2946 2127 ο
2981 2095 3122 2167 μετὰ
3150 2095 3249 2166 τῆς
3281 2095 3484 2149 τούτων
3510 2092 3665 2147 ὲλπί-

2095 2187 2184 2251 δος
2208 2185 2618 2264 καταθαρῤείτω
2646 2188 2989 2258 Χριστιανὸς,
3020 2186 3114 2240 καὶ
3148 2185 3241 2250 τοῦ
3269 2184 3513 2238 διαϐόλου
3547 2201 3670 2247 πει-

2098 2280 2341 2353 ρασμοὺς
2368 2279 2682 2350 ράπτοντος,
2714 2280 2807 2332 καὶ
2838 2277 3138 2350 ἀνθρώπων
3184 2278 3434 2350 πονηρῶν
3499 2277 3666 2334 ὲπαν·

2099 2369 2403 2442 ισταμένων
2441 2410 2456 2439 ,
2498 2370 2592 2424 καὶ
2635 2370 2914 2448 τυράννων
2939 2368 3015 2440 τῷ
3060 2367 3217 2447 θυμῷ
3255 2367 3484 2432 ζεόντων
3524 2408 3540 2433 ,
3575 2370 3668 2430 καὶ

2097 2458 2370 2528 θαλάσσης
2422 2457 2810 2531 ἀγριαινούσης
2838 2496 2853 2522 ,
2882 2459 2976 2512 καὶ
3025 2457 3126 2532 γῆς
3175 2456 3249 2529 μὴ
3299 2456 3601 2530 φερούσης,
3630 2456 3667 2520 ᾇ

2094 2551 2288 2620 γεννᾷν
2316 2547 2620 2620 ἀνθρώποις
2651 2547 2941 2614 τέτακται,
2988 2545 3084 2608 καὶ
3109 2545 3338 2616 ούρανοῦ
3383 2545 3667 2621 συμφορὰς

2095 2641 2462 2705 ἀπειλοῦντος.
2503 2640 2647 2714 Πρὸς
2680 2641 2860 2698 πᾶσαν
2905 2639 3014 2717 γὰρ
3048 2639 3255 2712 χρείαν,
3285 2638 3379 2692 καὶ
3407 2637 3669 2710 περίστας

2097 2749 2181 2785 σιν
2211 2733 2244 2801 ἡ
2272 2730 2475 2784 τούτων
2515 2729 2742 2798 δύναμις
2786 2727 3038 2800 ἐξαρκεῖ,
3088 2727 3185 2790 καὶ
3215 2725 3474 2790 πλουσίαν
3513 2725 3668 2807 παρὰ

2092 2822 2329 2894 Χριστοῦ
2368 2821 2632 2889 λαμϐάνει
2667 2819 2766 2890 τὴν
2795 2820 2954 2893 χάριν
3106 2820 3310 2892 πρέπει
3355 2819 3504 2872 πᾶσα
3538 2816 3669 2893 δόξα

2099 2914 2178 2975 εἰς
2199 2912 2323 2976 τοὺς
2346 2911 2568 2979 αἰῶνας.
2602 2909 2794 2982 Ἀμήν.

1913 3199 2208 3212 *-

428 3190 3642 3241 W

1675 3331 1906 3452 “for
2025 3365 2402 3452 ΑΥΤΟΥ

1319 3580 2158 3697 ΕΠΙΤΑΦΙΟΣ
2260 3567 2792 3694 ΛΟΓΟΣ

1016 3818 1341 3882 ΕΙΣΤΟΝ
1380 3821 1602 3876 ΙΛΙΟΝ
1633 3821 2028 3876 ΑΔΕΛΦΟΝ
2074 3820 2240 3876 ΤΟΝ
2282 3821 2572 3879 ΜΕΓᾹΝ
2610 3817 3102 3880 ΒΔΣΙΛΕΙΟΝ.

1771 4173 1899 4268 EJ
1926 4169 2317 4266 USDEM

1379 4410 1912 4528 ORATIO
2008 4399 2710 4532 FUNEBRIS

735 4657 880 4740 QUA
917 4657 1222 4729 FRATRIS
1259 4655 1371 4730 SUI
1429 4657 1674 4715 BASILII
1712 4654 1931 4713 MAG-NI
1970 4644 2244 4714 LAUDES
2281 4657 2373 4712 ET
2416 4651 2788 4712 MEMORIAM
2823 4651 3336 4713 CONCELEBRAT.

1671 4835 1936 4888 Laurentio
1961 4834 2127 4886 Sifauo
2149 4834 2445 4899 interprete.

489 5157 696 5202 ponunt
739 5140 999 5210 imposuit
1023 5138 1164 5195 Deus
1186 5139 1435 5200 ordinem
1477 5137 1870 5201 anniversariis
1903 5139 1988 5197 his

2160 5137 2343 5218 Καλὴν
2391 5136 2656 5208 ἐπέθηκεν
2687 5139 2715 5190 ό
2745 5135 2877 5198 Θεὸς
2911 5133 3011 5205 τὴν
3051 5133 3202 5200 τάξιν
3250 5135 3370 5196 ταῖς
3423 5132 3658 5205 ἐτησίοις

417 5234 626 5295 nostris
691 5230 879 5290 feriis,
949 5244 1088 5297 quas
1154 5244 1250 5298 per
1321 5228 1629 5288 ordinatam
1691 5229 1980 5299 quamdam

2093 5229 2312 5292 ταύταις
2341 5229 2496 5300 ἡμῶν
2526 5231 2755 5301 ἑορταῖς,
2789 5228 2853 5291 ἃς
2881 5228 2969 5281 διά
2993 5243 3133 5289 τινος
3162 5225 3495 5296 τεταγμένης
3526 5225 3657 5279 ἀκο-

419 5321 850 5378 vicissitutlinem
882 5327 938 5375 et
968 5321 1164 5375 seriem
1191 5320 1276 5375 his
1297 5320 1488 5375 dielms
1512 5329 1566 5375 et
1597 5322 1708 5390 jam
1738 5322 1986 5381 celebra-

417 5415 621 5476 vimus,
654 5417 709 5465 et
759 5411 1358 5477 rursuscelebramus.
1403 5410 1550 5470 Ordo
1590 5423 1770 5475 autem
1827 5413 1986 5473 nobis

417 5501 784 5570 spiritualium
815 5499 1190 5554 ttclcbritatum
1229 5511 1391 5570 atque
1407 5510 1776 5555 conventuum
1799 5500 1844 5554 is
1875 5508 1984 5566 est,

2094 5320 2307 5381 λουθξας
2344 5320 2483 5374 κατὰ
2511 5321 2609 5385 τὰς
2655 5321 2864 5391 ἡμέρας
2887 5318 3087 5381 ταύτας
3116 5318 3215 5388 ἤδη
3253 5335 3314 5370 τε
3355 5317 3655 5388 ἠγάγομεν,

2095 5412 2188 5464 ml.
2225 5410 2384 5464 πάλιν
2410 5413 2634 5483 ἄγομεν.
2691 5415 2750 5466 Ἡ
2781 5413 2837 5466 δὲ
2866 5410 3014 5475 τάξις
3043 5413 3173 5481 ἡμῖν
3207 5414 3322 5464 ἐστι
3354 5410 3460 5462 τῶν
3493 5427 3658 5461 πνευ-

2096 5501 2337 5570 ματικῶν
2384 5504 2762 5574 πανηγύρεων,
2802 5504 2867 5573 ἢν
2898 5503 2989 5556 καὶ
3028 5505 3056 5554 ό
3091 5502 3262 5572 μέγας
3293 5501 3500 5564 Παῦλος
3551 5501 3658 5554 ἐδί-

416 5607 577 5663 quem
608 5606 837 5660 magnus
865 5589 1027 5644 etiam
1055 5589 1257 5645 Paulus
1300 5592 1508 5653 docuit,
1553 5607 1788 5662 superne
1821 5599 1984 5660 atque

2093 5591 2263 5657 δαξεν,
2301 5593 2504 5648 ἄνωθεν
2531 5596 2640 5648 τῶν
2677 5593 2928 5647 τοιούτων
2964 5591 3064 5663 τὴν
3091 5592 3292 5660 γνῶσιν
3324 5593 3481 5662 ἔχων.
3517 5591 3658 5661 Φησὶ

419 5683 639 5750 perlitus
672 5681 940 5753 ejusmodi
973 5698 1153 5745 rerum
1196 5682 1562 5761 cognitionem
1595 5682 1843 5762 adeptus.
1893 5682 1982 5748 Ait

2093 5685 2196 5756 γὰρ
2224 5687 2446 5755 ἐκεῖνος,
2488 5690 2546 5752 ἐν
2580 5687 2810 5760 πρώτοις
2842 5686 2938 5760 μὲν
2967 5687 3090 5750 τοὺς
3121 5684 3445 5748 ἀποστόλους
3472 5700 3531 5737 τε
3566 5683 3660 5738 καὶ
