  <div class='ocr_page' id='page_1' title='image "/cluster/home/n/w/nwhite01/storage/ocr_20150623/46/nnc1.0046978380/402.png"; bbox 0 0 4132 6356; ppageno 0'>
   <div class='ocr_carea' id='block_1_1' title="bbox 483 336 590 391">
    <p class='ocr_par' dir='ltr' id='par_1_1' title="bbox 483 336 590 391">
     <span class='ocr_line' id='line_1_1' title="bbox 483 336 590 391; baseline 0.009 -1"><span class='ocrx_word' id='word_1_1' title='bbox 483 336 590 391; x_wconf 73' lang='lat'><strong>789</strong></span> 
     </span>
    </p>
   </div>
   <div class='ocr_carea' id='block_1_2' title="bbox 1584 326 2632 387">
    <p class='ocr_par' dir='ltr' id='par_1_2' title="bbox 1584 326 2632 387">
     <span class='ocr_line' id='line_1_2' title="bbox 1584 326 2632 387; baseline 0.002 -4"><span class='ocrx_word' id='word_1_2' title='bbox 1584 329 1648 383; x_wconf 87' lang='lat' dir='ltr'><strong>IN</strong></span> <span class='ocrx_word' id='word_1_3' title='bbox 1690 328 1976 385; x_wconf 77' lang='lat' dir='ltr'><strong>LAUDEM</strong></span> <span class='ocrx_word' id='word_1_4' title='bbox 2024 326 2327 387; x_wconf 75' lang='lat' dir='ltr'><strong>FRATRIS</strong></span> <span class='ocrx_word' id='word_1_5' title='bbox 2363 329 2632 385; x_wconf 79' lang='lat' dir='ltr'><strong>BASILll.</strong></span> 
     </span>
    </p>
   </div>
   <div class='ocr_carea' id='block_1_3' title="bbox 3641 331 3747 386">
    <p class='ocr_par' dir='ltr' id='par_1_3' title="bbox 3641 331 3747 386">
     <span class='ocr_line' id='line_1_3' title="bbox 3641 331 3747 386; baseline 0.019 -2"><span class='ocrx_word' id='word_1_6' title='bbox 3641 331 3747 386; x_wconf 66' lang='lat'><strong>790</strong></span> 
     </span>
    </p>
   </div>
   <div class='ocr_carea' id='block_1_4' title="bbox 478 441 2061 516">
    <p class='ocr_par' dir='ltr' id='par_1_4' title="bbox 478 443 2061 516">
     <span class='ocr_line' id='line_1_4' title="bbox 478 443 2061 516; baseline 0.007 -29"><span class='ocrx_word' id='word_1_7' title='bbox 478 447 607 509; x_wconf 69' lang='grc' dir='ltr'>τοὺς</span> <span class='ocrx_word' id='word_1_8' title='bbox 665 443 948 516; x_wconf 74' lang='grc' dir='ltr'><strong>προφήτας</strong></span> <span class='ocrx_word' id='word_1_9' title='bbox 1004 443 1286 512; x_wconf 74' lang='grc' dir='ltr'><strong>τετάχθαι,</strong></span> <span class='ocrx_word' id='word_1_10' title='bbox 1351 445 1467 514; x_wconf 82' lang='grc' dir='ltr'>μετ’</span> <span class='ocrx_word' id='word_1_11' title='bbox 1525 444 1766 507; x_wconf 76' lang='grc' dir='ltr'>ἐκείνους</span> <span class='ocrx_word' id='word_1_12' title='bbox 1826 443 1883 497; x_wconf 82' lang='grc' dir='ltr'>δὲ</span> <span class='ocrx_word' id='word_1_13' title='bbox 1936 443 2061 507; x_wconf 70' lang='grc' dir='ltr'>τοὺς</span> 
     </span>
    </p>
   </div>
   <div class='ocr_carea' id='block_1_5' title="bbox 2164 441 3745 516">
    <p class='ocr_par' dir='ltr' id='par_1_5' title="bbox 2164 441 3745 514">
     <span class='ocr_line' id='line_1_5' title="bbox 2164 441 3745 514; baseline 0.004 -19"><span class='ocrx_word' id='word_1_14' title='bbox 2164 442 2307 496; x_wconf 91' lang='lat' dir='ltr'><strong>enim</strong></span> <span class='ocrx_word' id='word_1_15' title='bbox 2339 444 2447 510; x_wconf 90' lang='lat' dir='ltr'><strong>ille,</strong></span> <span class='ocrx_word' id='word_1_16' title='bbox 2482 444 2536 497; x_wconf 95' lang='lat' dir='ltr'><strong>in</strong></span> <span class='ocrx_word' id='word_1_17' title='bbox 2567 444 2755 513; x_wconf 82' lang='lat' dir='ltr'><strong>primis</strong></span> <span class='ocrx_word' id='word_1_18' title='bbox 2784 442 3005 513; x_wconf 89' lang='lat' dir='ltr'><strong>quidem</strong></span> <span class='ocrx_word' id='word_1_19' title='bbox 3041 441 3319 512; x_wconf 74' lang='lat' dir='ltr'><strong>apostolos</strong></span> <span class='ocrx_word' id='word_1_20' title='bbox 3350 452 3403 496; x_wconf 88' lang='lat' dir='ltr'><strong>ct</strong></span> <span class='ocrx_word' id='word_1_21' title='bbox 3443 444 3745 514; x_wconf 74' lang='lat' dir='ltr'><strong>prophetas</strong></span> 
     </span>
    </p>
   </div>
   <div class='ocr_carea' id='block_1_6' title="bbox 479 534 2062 608">
    <p class='ocr_par' dir='ltr' id='par_1_6' title="bbox 479 534 2062 608">
     <span class='ocr_line' id='line_1_6' title="bbox 479 534 2062 608; baseline -0.003 -16"><span class='ocrx_word' id='word_1_22' title='bbox 479 537 745 608; x_wconf 79' lang='grc' dir='ltr'><strong>ποιμένας</strong></span> <span class='ocrx_word' id='word_1_23' title='bbox 777 536 869 588; x_wconf 75' lang='grc' dir='ltr'>καὶ</span> <span class='ocrx_word' id='word_1_24' title='bbox 900 535 1269 598; x_wconf 75' lang='grc' dir='ltr'>διδασκάλους.</span> <span class='ocrx_word' id='word_1_25' title='bbox 1299 534 1597 605; x_wconf 80' lang='grc' dir='ltr'>Συμϐαίνει</span> <span class='ocrx_word' id='word_1_26' title='bbox 1619 535 1798 589; x_wconf 88' lang='grc' dir='ltr'>τοίνυν</span> <span class='ocrx_word' id='word_1_27' title='bbox 1824 538 1890 606; x_wconf 79' lang='grc' dir='ltr'>τῇ</span> <span class='ocrx_word' id='word_1_28' title='bbox 1926 536 2062 587; x_wconf 87' lang='grc' dir='ltr'>ἀπο-</span> 
     </span>
    </p>
   </div>
   <div class='ocr_carea' id='block_1_7' title="bbox 483 626 2062 699">
    <p class='ocr_par' dir='ltr' id='par_1_7' title="bbox 483 626 2062 699">
     <span class='ocr_line' id='line_1_7' title="bbox 483 626 2062 699; baseline -0.003 -16"><span class='ocrx_word' id='word_1_29' title='bbox 483 630 703 699; x_wconf 85' lang='grc' dir='ltr'>στολικῇ</span> <span class='ocrx_word' id='word_1_30' title='bbox 735 628 907 699; x_wconf 76' lang='grc' dir='ltr'>ταύτῃ</span> <span class='ocrx_word' id='word_1_31' title='bbox 950 627 1253 699; x_wconf 64' lang='grc' dir='ltr'>ἀκολουθίαξ</span> <span class='ocrx_word' id='word_1_32' title='bbox 1284 629 1317 699; x_wconf 85' lang='grc' dir='ltr'><strong>ἡ</strong></span> <span class='ocrx_word' id='word_1_33' title='bbox 1362 628 1514 693; x_wconf 81' lang='grc' dir='ltr'><strong>τάξις</strong></span> <span class='ocrx_word' id='word_1_34' title='bbox 1544 628 1654 681; x_wconf 83' lang='grc' dir='ltr'>τῶν</span> <span class='ocrx_word' id='word_1_35' title='bbox 1694 627 1788 681; x_wconf 80' lang='grc' dir='ltr'>τοῦ</span> <span class='ocrx_word' id='word_1_36' title='bbox 1818 626 2062 682; x_wconf 76' lang='grc' dir='ltr'><strong>ἐνιαυτοῦ</strong></span> 
     </span>
    </p>
   </div>
   <div class='ocr_carea' id='block_1_8' title="bbox 484 718 2066 791">
    <p class='ocr_par' dir='ltr' id='par_1_8' title="bbox 484 718 2066 791">
     <span class='ocr_line' id='line_1_8' title="bbox 484 718 2066 791; baseline -0.002 -17"><span class='ocrx_word' id='word_1_37' title='bbox 484 720 861 791; x_wconf 85' lang='grc' dir='ltr'>πανηγύρεων.</span> <span class='ocrx_word' id='word_1_38' title='bbox 908 719 1068 771; x_wconf 81' lang='grc' dir='ltr'>Ἀλλά</span> <span class='ocrx_word' id='word_1_39' title='bbox 1100 718 1196 790; x_wconf 82' lang='grc' dir='ltr'><strong>τὴν</strong></span> <span class='ocrx_word' id='word_1_40' title='bbox 1244 722 1465 791; x_wconf 83' lang='grc' dir='ltr'>πρώτην</span> <span class='ocrx_word' id='word_1_41' title='bbox 1496 721 1556 773; x_wconf 79' lang='grc' dir='ltr'><strong>οὐ</strong></span> <span class='ocrx_word' id='word_1_42' title='bbox 1594 719 1909 791; x_wconf 83' lang='grc' dir='ltr'>συναριθμῶ</span> <span class='ocrx_word' id='word_1_43' title='bbox 1945 722 2066 783; x_wconf 83' lang='grc' dir='ltr'>ταῖς</span> 
     </span>
    </p>
   </div>
   <div class='ocr_carea' id='block_1_9' title="bbox 481 809 2065 883">
    <p class='ocr_par' dir='ltr' id='par_1_9' title="bbox 481 809 2065 883">
     <span class='ocr_line' id='line_1_9' title="bbox 481 809 2065 883; baseline -0.001 -19"><span class='ocrx_word' id='word_1_44' title='bbox 481 811 688 873; x_wconf 83' lang='grc' dir='ltr'>ἄλλαις.</span> <span class='ocrx_word' id='word_1_45' title='bbox 747 811 813 863; x_wconf 82' lang='lat' dir='ltr'><strong>&#39;Il</strong></span> <span class='ocrx_word' id='word_1_46' title='bbox 864 810 971 883; x_wconf 84' lang='grc' dir='ltr'><strong>γάρ</strong></span> <span class='ocrx_word' id='word_1_47' title='bbox 1011 809 1103 862; x_wconf 76' lang='grc' dir='ltr'>ἐπὶ</span> <span class='ocrx_word' id='word_1_48' title='bbox 1153 813 1219 881; x_wconf 83' lang='grc' dir='ltr'>τῇ</span> <span class='ocrx_word' id='word_1_49' title='bbox 1267 810 1553 882; x_wconf 71' lang='grc' dir='ltr'>θεοφανείᾳ</span> <span class='ocrx_word' id='word_1_50' title='bbox 1602 811 1695 864; x_wconf 81' lang='grc' dir='ltr'>τοῦ</span> <span class='ocrx_word' id='word_1_51' title='bbox 1746 810 2065 881; x_wconf 77' lang='grc' dir='ltr'>μονογενοῦς</span> 
     </span>
    </p>
   </div>
   <div class='ocr_carea' id='block_1_10' title="bbox 482 902 2066 974">
    <p class='ocr_par' dir='ltr' id='par_1_10' title="bbox 482 902 2066 974">
     <span class='ocr_line' id='line_1_10' title="bbox 482 902 2066 974; baseline 0 -18"><span class='ocrx_word' id='word_1_52' title='bbox 482 902 613 956; x_wconf 80' lang='grc' dir='ltr'><strong>Υἱοῦ</strong></span> <span class='ocrx_word' id='word_1_53' title='bbox 643 903 824 974; x_wconf 79' lang='grc' dir='ltr'>χάρις,</span> <span class='ocrx_word' id='word_1_54' title='bbox 866 905 899 974; x_wconf 80' lang='grc' dir='ltr'><strong>η</strong></span> <span class='ocrx_word' id='word_1_55' title='bbox 929 903 1013 957; x_wconf 72' lang='grc' dir='ltr'><strong>διὰ</strong></span> <span class='ocrx_word' id='word_1_56' title='bbox 1043 905 1140 974; x_wconf 74' lang='grc' dir='ltr'>τῆς</span> <span class='ocrx_word' id='word_1_57' title='bbox 1173 906 1237 957; x_wconf 77' lang='grc' dir='ltr'>ἐκ</span> <span class='ocrx_word' id='word_1_58' title='bbox 1278 903 1557 974; x_wconf 78' lang='grc' dir='ltr'>Παρθένου</span> <span class='ocrx_word' id='word_1_59' title='bbox 1588 905 1895 974; x_wconf 82' lang='grc' dir='ltr'>γεννήσεως</span> <span class='ocrx_word' id='word_1_60' title='bbox 1932 904 2066 957; x_wconf 84' lang='grc' dir='ltr'>ἀνα-</span> 
     </span>
    </p>
   </div>
   <div class='ocr_carea' id='block_1_11' title="bbox 478 992 2063 1065">
    <p class='ocr_par' dir='ltr' id='par_1_11' title="bbox 478 992 2063 1065">
     <span class='ocr_line' id='line_1_11' title="bbox 478 992 2063 1065; baseline -0.001 -18"><span class='ocrx_word' id='word_1_61' title='bbox 478 993 753 1064; x_wconf 82' lang='grc' dir='ltr'>δειχθεῐσα</span> <span class='ocrx_word' id='word_1_62' title='bbox 785 992 862 1062; x_wconf 80' lang='grc' dir='ltr'><strong>τῷ</strong></span> <span class='ocrx_word' id='word_1_63' title='bbox 892 992 1101 1065; x_wconf 78' lang='grc' dir='ltr'>κόσμῳ,</span> <span class='ocrx_word' id='word_1_64' title='bbox 1136 994 1233 1064; x_wconf 80' lang='grc' dir='ltr'><strong>οὑχ</strong></span> <span class='ocrx_word' id='word_1_65' title='bbox 1257 993 1441 1058; x_wconf 86' lang='grc' dir='ltr'>ἁπλῶς</span> <span class='ocrx_word' id='word_1_66' title='bbox 1468 995 1613 1047; x_wconf 80' lang='grc' dir='ltr'>ἐστιν</span> <span class='ocrx_word' id='word_1_67' title='bbox 1658 992 1784 1061; x_wconf 83' lang='grc' dir='ltr'>ἁγία</span> <span class='ocrx_word' id='word_1_68' title='bbox 1822 996 2063 1064; x_wconf 84' lang='grc' dir='ltr'>πανήγυ-</span> 
     </span>
    </p>
   </div>
   <div class='ocr_carea' id='block_1_12' title="bbox 480 1084 2060 1157">
    <p class='ocr_par' dir='ltr' id='par_1_12' title="bbox 480 1084 2060 1157">
     <span class='ocr_line' id='line_1_12' title="bbox 480 1084 2060 1157; baseline 0.002 -20"><span class='ocrx_word' id='word_1_69' title='bbox 480 1103 591 1157; x_wconf 84' lang='grc' dir='ltr'>ρις,</span> <span class='ocrx_word' id='word_1_70' title='bbox 641 1084 755 1136; x_wconf 82' lang='grc' dir='ltr'>ἀλλ’</span> <span class='ocrx_word' id='word_1_71' title='bbox 799 1084 929 1152; x_wconf 83' lang='grc' dir='ltr'>ἁγία</span> <span class='ocrx_word' id='word_1_72' title='bbox 964 1085 1153 1152; x_wconf 86' lang='grc' dir='ltr'>ἁγίων,</span> <span class='ocrx_word' id='word_1_73' title='bbox 1199 1086 1291 1138; x_wconf 71' lang='grc' dir='ltr'><strong>καὶ</strong></span> <span class='ocrx_word' id='word_1_74' title='bbox 1334 1087 1642 1157; x_wconf 78' lang='grc' dir='ltr'>πανήγυρις</span> <span class='ocrx_word' id='word_1_75' title='bbox 1680 1086 2060 1156; x_wconf 79' lang='grc' dir='ltr'>πανηγύρεων.</span> 
     </span>
    </p>
   </div>
   <div class='ocr_carea' id='block_1_13' title="bbox 486 1175 2064 1249">
    <p class='ocr_par' dir='ltr' id='par_1_13' title="bbox 486 1175 2064 1249">
     <span class='ocr_line' id='line_1_13' title="bbox 486 1175 2064 1249; baseline 0.003 -20"><span class='ocrx_word' id='word_1_76' title='bbox 486 1175 695 1229; x_wconf 79' lang='grc' dir='ltr'>Οὐκοῦν</span> <span class='ocrx_word' id='word_1_77' title='bbox 733 1175 830 1239; x_wconf 75' lang='grc' dir='ltr'>τὰς</span> <span class='ocrx_word' id='word_1_78' title='bbox 861 1178 975 1247; x_wconf 85' lang='grc' dir='ltr'>μετ’</span> <span class='ocrx_word' id='word_1_79' title='bbox 1011 1177 1181 1245; x_wconf 78' lang='grc' dir='ltr'>αὐτὴν</span> <span class='ocrx_word' id='word_1_80' title='bbox 1213 1178 1606 1249; x_wconf 81' lang='grc' dir='ltr'>ἀριθμήσωμεν</span> <span class='ocrx_word' id='word_1_81' title='bbox 1630 1193 1646 1207; x_wconf 86' lang='grc'><strong>·</strong></span> <span class='ocrx_word' id='word_1_82' title='bbox 1688 1178 1910 1247; x_wconf 84' lang='grc' dir='ltr'>Πρῶτον</span> <span class='ocrx_word' id='word_1_83' title='bbox 1936 1180 2064 1249; x_wconf 79' lang='grc' dir='ltr'>ἡμῖν</span> 
     </span>
    </p>
   </div>
   <div class='ocr_carea' id='block_1_14' title="bbox 483 1266 2066 1340">
    <p class='ocr_par' dir='ltr' id='par_1_14' title="bbox 483 1266 2066 1340">
     <span class='ocr_line' id='line_1_14' title="bbox 483 1266 2066 1340; baseline 0.001 -21"><span class='ocrx_word' id='word_1_84' title='bbox 483 1266 770 1319; x_wconf 78' lang='grc' dir='ltr'>ἀπόστολοί</span> <span class='ocrx_word' id='word_1_85' title='bbox 821 1284 879 1319; x_wconf 90' lang='grc' dir='ltr'><strong>τε</strong></span> <span class='ocrx_word' id='word_1_86' title='bbox 916 1267 1010 1320; x_wconf 76' lang='grc' dir='ltr'>καὶ</span> <span class='ocrx_word' id='word_1_87' title='bbox 1048 1270 1323 1338; x_wconf 72' lang='grc' dir='ltr'>προφῆται</span> <span class='ocrx_word' id='word_1_88' title='bbox 1355 1268 1453 1338; x_wconf 80' lang='grc' dir='ltr'>τῆς</span> <span class='ocrx_word' id='word_1_89' title='bbox 1495 1268 1868 1338; x_wconf 79' lang='grc' dir='ltr'>πνευματικῆς</span> <span class='ocrx_word' id='word_1_90' title='bbox 1913 1286 2066 1340; x_wconf 85' lang='grc' dir='ltr'>χορο-</span> 
     </span>
    </p>
   </div>
   <div class='ocr_carea' id='block_1_15' title="bbox 476 1356 2065 1429">
    <p class='ocr_par' dir='ltr' id='par_1_15' title="bbox 476 1356 2065 1429">
     <span class='ocr_line' id='line_1_15' title="bbox 476 1356 2065 1429; baseline 0.002 -22"><span class='ocrx_word' id='word_1_91' title='bbox 476 1357 712 1419; x_wconf 84' lang='grc' dir='ltr'>’στασίας</span> <span class='ocrx_word' id='word_1_92' title='bbox 742 1356 1097 1427; x_wconf 74' lang='grc' dir='ltr'>κατήρξαντο.</span> <span class='ocrx_word' id='word_1_93' title='bbox 1132 1356 1214 1409; x_wconf 81' lang='grc' dir='ltr'><strong>Τὰ</strong></span> <span class='ocrx_word' id='word_1_94' title='bbox 1259 1356 1351 1409; x_wconf 90' lang='grc' dir='ltr'><strong>δύο</strong></span> <span class='ocrx_word' id='word_1_95' title='bbox 1383 1356 1491 1429; x_wconf 84' lang='grc' dir='ltr'>γὰρ</span> <span class='ocrx_word' id='word_1_96' title='bbox 1521 1358 1736 1421; x_wconf 84' lang='grc' dir='ltr'>πάντως</span> <span class='ocrx_word' id='word_1_97' title='bbox 1782 1358 1910 1429; x_wconf 70' lang='grc' dir='ltr'>περὶ</span> <span class='ocrx_word' id='word_1_98' title='bbox 1938 1359 2065 1421; x_wconf 76' lang='grc' dir='ltr'>τοὺς</span> 
     </span>
    </p>
   </div>
   <div class='ocr_carea' id='block_1_16' title="bbox 485 1446 2063 1520">
    <p class='ocr_par' dir='ltr' id='par_1_16' title="bbox 485 1446 2063 1520">
     <span class='ocr_line' id='line_1_16' title="bbox 485 1446 2063 1520; baseline 0.001 -20"><span class='ocrx_word' id='word_1_99' title='bbox 485 1448 680 1511; x_wconf 74' lang='grc' dir='ltr'>αὐτούς</span> <span class='ocrx_word' id='word_1_100' title='bbox 710 1450 827 1502; x_wconf 79' lang='grc' dir='ltr'>ἐστι</span> <span class='ocrx_word' id='word_1_101' title='bbox 865 1448 1198 1520; x_wconf 77' lang='grc' dir='ltr'>χαρίσματα,</span> <span class='ocrx_word' id='word_1_102' title='bbox 1236 1446 1297 1500; x_wconf 87' lang='grc' dir='ltr'><strong>τό</strong></span> <span class='ocrx_word' id='word_1_103' title='bbox 1339 1466 1398 1500; x_wconf 89' lang='grc' dir='ltr'><strong>τε</strong></span> <span class='ocrx_word' id='word_1_104' title='bbox 1440 1448 1796 1502; x_wconf 78' lang='grc' dir='ltr'>ἀποστολικὸν</span> <span class='ocrx_word' id='word_1_105' title='bbox 1827 1448 2063 1519; x_wconf 85' lang='grc' dir='ltr'>πνεῦμα,</span> 
     </span>
    </p>
   </div>
   <div class='ocr_carea' id='block_1_17' title="bbox 485 1535 2063 1611">
    <p class='ocr_par' dir='ltr' id='par_1_17' title="bbox 485 1535 2063 1611">
     <span class='ocr_line' id='line_1_17' title="bbox 485 1535 2063 1611; baseline 0.001 -20"><span class='ocrx_word' id='word_1_106' title='bbox 485 1544 579 1592; x_wconf 75' lang='grc' dir='ltr'><strong>καὶ</strong></span> <span class='ocrx_word' id='word_1_107' title='bbox 624 1540 683 1592; x_wconf 76' lang='grc' dir='ltr'>τὸ</span> <span class='ocrx_word' id='word_1_108' title='bbox 735 1542 833 1610; x_wconf 83' lang='grc' dir='ltr'>τῆς</span> <span class='ocrx_word' id='word_1_109' title='bbox 884 1541 1240 1611; x_wconf 80' lang='grc' dir='ltr'>προφητείας.</span> <span class='ocrx_word' id='word_1_110' title='bbox 1296 1542 1415 1594; x_wconf 77' lang='grc' dir='ltr'>Εἰσὶ</span> <span class='ocrx_word' id='word_1_111' title='bbox 1452 1540 1508 1593; x_wconf 84' lang='grc' dir='ltr'><strong>δὲ</strong></span> <span class='ocrx_word' id='word_1_112' title='bbox 1552 1535 1730 1595; x_wconf 66' lang='grc' dir='ltr'>οὗτοι·</span> <span class='ocrx_word' id='word_1_113' title='bbox 1774 1542 2063 1609; x_wconf 71' lang='grc' dir='ltr'>Στέφανος,</span> 
     </span>
    </p>
   </div>
   <div class='ocr_carea' id='block_1_18' title="bbox 483 1629 2066 1703">
    <p class='ocr_par' dir='ltr' id='par_1_18' title="bbox 483 1629 2066 1703">
     <span class='ocr_line' id='line_1_18' title="bbox 483 1629 2066 1703; baseline 0.003 -21"><span class='ocrx_word' id='word_1_114' title='bbox 483 1631 710 1700; x_wconf 82' lang='grc' dir='ltr'>Πέτρος,</span> <span class='ocrx_word' id='word_1_115' title='bbox 741 1630 1017 1695; x_wconf 74' lang='grc' dir='ltr'>Ἰάκωϐος,</span> <span class='ocrx_word' id='word_1_116' title='bbox 1058 1631 1330 1702; x_wconf 75' lang='grc' dir='ltr'>Ἰωάννης,</span> <span class='ocrx_word' id='word_1_117' title='bbox 1354 1631 1594 1695; x_wconf 81' lang='grc' dir='ltr'>Παῦλος⁶</span> <span class='ocrx_word' id='word_1_118' title='bbox 1628 1629 1746 1686; x_wconf 78' lang='grc' dir='ltr'>εἶτα</span> <span class='ocrx_word' id='word_1_119' title='bbox 1782 1633 1917 1703; x_wconf 84' lang='grc' dir='ltr'><strong>μετά</strong></span> <span class='ocrx_word' id='word_1_120' title='bbox 1941 1633 2066 1687; x_wconf 86' lang='grc' dir='ltr'>τού-</span> 
     </span>
    </p>
   </div>
   <div class='ocr_carea' id='block_1_19' title="bbox 483 1718 2064 1795">
    <p class='ocr_par' dir='ltr' id='par_1_19' title="bbox 483 1718 2064 1795">
     <span class='ocr_line' id='line_1_19' title="bbox 483 1718 2064 1795; baseline 0.004 -26"><span class='ocrx_word' id='word_1_121' title='bbox 483 1735 610 1780; x_wconf 77' lang='grc' dir='ltr'>τους</span> <span class='ocrx_word' id='word_1_122' title='bbox 639 1718 877 1791; x_wconf 71' lang='grc' dir='ltr'>φυλάξας</span> <span class='ocrx_word' id='word_1_123' title='bbox 916 1720 1015 1789; x_wconf 80' lang='grc' dir='ltr'><strong>τὴν</strong></span> <span class='ocrx_word' id='word_1_124' title='bbox 1049 1719 1239 1773; x_wconf 76' lang='grc' dir='ltr'>ἑαυτοῦ</span> <span class='ocrx_word' id='word_1_125' title='bbox 1274 1721 1445 1786; x_wconf 80' lang='grc' dir='ltr'>τάξιν,</span> <span class='ocrx_word' id='word_1_126' title='bbox 1484 1721 1700 1793; x_wconf 81' lang='grc' dir='ltr'>ἐξάρχει</span> <span class='ocrx_word' id='word_1_127' title='bbox 1729 1725 1828 1793; x_wconf 86' lang='grc' dir='ltr'>τῆς</span> <span class='ocrx_word' id='word_1_128' title='bbox 1857 1722 2064 1795; x_wconf 89' lang='grc' dir='ltr'>παρού-</span> 
     </span>
    </p>
   </div>
   <div class='ocr_carea' id='block_1_20' title="bbox 487 1811 2065 1883">
    <p class='ocr_par' dir='ltr' id='par_1_20' title="bbox 487 1811 2065 1883">
     <span class='ocr_line' id='line_1_20' title="bbox 487 1811 2065 1883; baseline 0.004 -23"><span class='ocrx_word' id='word_1_129' title='bbox 487 1826 585 1878; x_wconf 90' lang='grc' dir='ltr'><strong>σης</strong></span> <span class='ocrx_word' id='word_1_130' title='bbox 618 1812 749 1881; x_wconf 73' lang='grc' dir='ltr'>ἡμῖν</span> <span class='ocrx_word' id='word_1_131' title='bbox 781 1811 1138 1882; x_wconf 77' lang='grc' dir='ltr'>πανηγύρεως</span> <span class='ocrx_word' id='word_1_132' title='bbox 1180 1814 1207 1865; x_wconf 78' lang='grc' dir='ltr'><em>ὃ</em></span> <span class='ocrx_word' id='word_1_133' title='bbox 1232 1814 1438 1883; x_wconf 82' lang='grc' dir='ltr'>ποιμὴν</span> <span class='ocrx_word' id='word_1_134' title='bbox 1464 1814 1558 1866; x_wconf 77' lang='grc' dir='ltr'><strong>καὶ</strong></span> <span class='ocrx_word' id='word_1_135' title='bbox 1599 1813 1937 1877; x_wconf 83' lang='grc' dir='ltr'>διδάσκαλος.</span> <span class='ocrx_word' id='word_1_136' title='bbox 1969 1813 2065 1878; x_wconf 90' lang='grc' dir='ltr'><strong>Τίς</strong></span> 
     </span>
    </p>
   </div>
   <div class='ocr_carea' id='block_1_21' title="bbox 484 1894 2064 1978">
    <p class='ocr_par' dir='ltr' id='par_1_21' title="bbox 484 1894 2064 1978">
     <span class='ocr_line' id='line_1_21' title="bbox 484 1894 2064 1978; baseline 0.004 -27"><span class='ocrx_word' id='word_1_137' title='bbox 484 1894 674 1969; x_wconf 75' lang='grc' dir='ltr'>οὖτος;</span> <span class='ocrx_word' id='word_1_138' title='bbox 720 1904 872 1955; x_wconf 83' lang='grc' dir='ltr'>Εἴπω</span> <span class='ocrx_word' id='word_1_139' title='bbox 920 1903 981 1956; x_wconf 71' lang='grc' dir='ltr'><strong>τὸ</strong></span> <span class='ocrx_word' id='word_1_140' title='bbox 1026 1904 1219 1974; x_wconf 69' lang='grc' dir='ltr'>ὄνομα,</span> <span class='ocrx_word' id='word_1_141' title='bbox 1255 1905 1287 1976; x_wconf 71' lang='grc' dir='ltr'><strong>ἢ</strong></span> <span class='ocrx_word' id='word_1_142' title='bbox 1335 1906 1495 1978; x_wconf 84' lang='grc' dir='ltr'>ἀρκεῖ</span> <span class='ocrx_word' id='word_1_143' title='bbox 1530 1906 1563 1977; x_wconf 82' lang='grc' dir='ltr'>ἠ</span> <span class='ocrx_word' id='word_1_144' title='bbox 1607 1906 1765 1978; x_wconf 84' lang='grc' dir='ltr'>χάρις</span> <span class='ocrx_word' id='word_1_145' title='bbox 1804 1905 1927 1958; x_wconf 75' lang='grc' dir='ltr'>ἀντὶ</span> <span class='ocrx_word' id='word_1_146' title='bbox 1969 1904 2064 1958; x_wconf 75' lang='grc' dir='ltr'>τοῦ</span> 
     </span>
    </p>
   </div>
   <div class='ocr_carea' id='block_1_22' title="bbox 484 1993 2065 2067">
    <p class='ocr_par' dir='ltr' id='par_1_22' title="bbox 484 1993 2065 2067">
     <span class='ocr_line' id='line_1_22' title="bbox 484 1993 2065 2067; baseline 0.003 -23"><span class='ocrx_word' id='word_1_147' title='bbox 484 1993 747 2062; x_wconf 74' lang='grc' dir='ltr'>ὀνόματος</span> <span class='ocrx_word' id='word_1_148' title='bbox 782 1994 950 2061; x_wconf 79' lang='grc' dir='ltr'>δεῖξαι</span> <span class='ocrx_word' id='word_1_149' title='bbox 982 1996 1072 2048; x_wconf 83' lang='grc' dir='ltr'><strong>τὸν</strong></span> <span class='ocrx_word' id='word_1_150' title='bbox 1101 1996 1301 2065; x_wconf 87' lang='grc' dir='ltr'>ἀνδρα;</span> <span class='ocrx_word' id='word_1_151' title='bbox 1326 1997 1653 2052; x_wconf 85' lang='grc' dir='ltr'>Διδάσκαλον</span> <span class='ocrx_word' id='word_1_152' title='bbox 1683 1996 1790 2067; x_wconf 82' lang='grc' dir='ltr'>γὰρ</span> <span class='ocrx_word' id='word_1_153' title='bbox 1823 1998 1917 2051; x_wconf 75' lang='grc' dir='ltr'><strong>καὶ</strong></span> <span class='ocrx_word' id='word_1_154' title='bbox 1948 2015 2065 2050; x_wconf 86' lang='grc' dir='ltr'>ποι-</span> 
     </span>
    </p>
   </div>
   <div class='ocr_carea' id='block_1_23' title="bbox 484 2086 2066 2160">
    <p class='ocr_par' dir='ltr' id='par_1_23' title="bbox 484 2086 2066 2160">
     <span class='ocr_line' id='line_1_23' title="bbox 484 2086 2066 2160; baseline 0.003 -23"><span class='ocrx_word' id='word_1_155' title='bbox 484 2086 624 2155; x_wconf 79' lang='grc' dir='ltr'>μένα</span> <span class='ocrx_word' id='word_1_156' title='bbox 677 2086 815 2156; x_wconf 81' lang='grc' dir='ltr'>μετά</span> <span class='ocrx_word' id='word_1_157' title='bbox 861 2088 986 2151; x_wconf 74' lang='grc' dir='ltr'>τοὺς</span> <span class='ocrx_word' id='word_1_158' title='bbox 1014 2089 1341 2152; x_wconf 79' lang='grc' dir='ltr'>ἀποστόλους</span> <span class='ocrx_word' id='word_1_159' title='bbox 1379 2089 1633 2152; x_wconf 86' lang='grc' dir='ltr'>ἀκούσας,</span> <span class='ocrx_word' id='word_1_160' title='bbox 1672 2089 1897 2160; x_wconf 85' lang='grc' dir='ltr'>ὲνόησας</span> <span class='ocrx_word' id='word_1_161' title='bbox 1932 2089 2066 2142; x_wconf 85' lang='grc' dir='ltr'>πάν-</span> 
     </span>
    </p>
   </div>
   <div class='ocr_carea' id='block_1_24' title="bbox 484 2177 2064 2254">
    <p class='ocr_par' dir='ltr' id='par_1_24' title="bbox 484 2177 2064 2254">
     <span class='ocr_line' id='line_1_24' title="bbox 484 2177 2064 2254; baseline 0.004 -26"><span class='ocrx_word' id='word_1_162' title='bbox 484 2194 593 2240; x_wconf 87' lang='grc' dir='ltr'><strong>τως</strong></span> <span class='ocrx_word' id='word_1_163' title='bbox 624 2177 714 2231; x_wconf 82' lang='grc' dir='ltr'><strong>τὸν</strong></span> <span class='ocrx_word' id='word_1_164' title='bbox 750 2177 886 2248; x_wconf 85' lang='grc' dir='ltr'><strong>μετά</strong></span> <span class='ocrx_word' id='word_1_165' title='bbox 918 2178 1043 2243; x_wconf 78' lang='grc' dir='ltr'>τοὺς</span> <span class='ocrx_word' id='word_1_166' title='bbox 1092 2180 1421 2244; x_wconf 80' lang='grc' dir='ltr'>ἀποστόλους</span> <span class='ocrx_word' id='word_1_167' title='bbox 1472 2181 1705 2254; x_wconf 86' lang='grc' dir='ltr'>ποιμένα</span> <span class='ocrx_word' id='word_1_168' title='bbox 1751 2198 1811 2233; x_wconf 92' lang='grc' dir='ltr'><strong>τε</strong></span> <span class='ocrx_word' id='word_1_169' title='bbox 1845 2183 1938 2234; x_wconf 68' lang='grc' dir='ltr'><strong>καὶ</strong></span> <span class='ocrx_word' id='word_1_170' title='bbox 1984 2182 2064 2234; x_wconf 90' lang='grc' dir='ltr'>δι-</span> 
     </span>
    </p>
   </div>
   <div class='ocr_carea' id='block_1_25' title="bbox 484 2260 2065 2343">
    <p class='ocr_par' dir='ltr' id='par_1_25' title="bbox 484 2260 2065 2343">
     <span class='ocr_line' id='line_1_25' title="bbox 484 2260 2065 2343; baseline 0.003 -23"><span class='ocrx_word' id='word_1_171' title='bbox 484 2267 746 2321; x_wconf 81' lang='grc' dir='ltr'>δάσκαλον</span> <span class='ocrx_word' id='word_1_172' title='bbox 770 2284 786 2298; x_wconf 84' lang='grc'><em>’</em></span> <span class='ocrx_word' id='word_1_173' title='bbox 820 2269 1009 2323; x_wconf 80' lang='grc' dir='ltr'>τοῦτον</span> <span class='ocrx_word' id='word_1_174' title='bbox 1037 2270 1178 2339; x_wconf 80' lang='grc' dir='ltr'>λέγω</span> <span class='ocrx_word' id='word_1_175' title='bbox 1200 2312 1213 2335; x_wconf 88' lang='grc'><strong>,</strong></span> <span class='ocrx_word' id='word_1_176' title='bbox 1250 2272 1309 2325; x_wconf 84' lang='grc' dir='ltr'><strong>τὸ</strong></span> <span class='ocrx_word' id='word_1_177' title='bbox 1341 2260 1531 2335; x_wconf 80' lang='grc' dir='ltr'>σκεῦος</span> <span class='ocrx_word' id='word_1_178' title='bbox 1563 2272 1662 2342; x_wconf 77' lang='grc' dir='ltr'>τῆς</span> <span class='ocrx_word' id='word_1_179' title='bbox 1696 2272 1944 2343; x_wconf 74' lang='grc' dir='ltr'>ἐκλογῆς,</span> <span class='ocrx_word' id='word_1_180' title='bbox 1974 2273 2065 2324; x_wconf 83' lang='grc' dir='ltr'><strong>τὸν</strong></span> 
     </span>
    </p>
   </div>
   <div class='ocr_carea' id='block_1_26' title="bbox 470 2360 2065 2434">
    <p class='ocr_par' dir='ltr' id='par_1_26' title="bbox 470 2360 2065 2434">
     <span class='ocr_line' id='line_1_26' title="bbox 470 2360 2065 2434; baseline 0.003 -23"><span class='ocrx_word' id='word_1_181' title='bbox 470 2360 689 2429; x_wconf 54' lang='grc' dir='ltr'>*ὑψηλὸν</span> <span class='ocrx_word' id='word_1_182' title='bbox 720 2360 818 2432; x_wconf 86' lang='grc' dir='ltr'><strong>βίῳ</strong></span> <span class='ocrx_word' id='word_1_183' title='bbox 863 2379 923 2414; x_wconf 90' lang='grc' dir='ltr'><strong>τε</strong></span> <span class='ocrx_word' id='word_1_184' title='bbox 963 2363 1057 2416; x_wconf 75' lang='grc' dir='ltr'><strong>καὶ</strong></span> <span class='ocrx_word' id='word_1_185' title='bbox 1102 2363 1242 2431; x_wconf 84' lang='grc' dir='ltr'>λόγῳ</span> <span class='ocrx_word' id='word_1_186' title='bbox 1276 2365 1574 2426; x_wconf 85' lang='grc' dir='ltr'>Βασίλειον,</span> <span class='ocrx_word' id='word_1_187' title='bbox 1623 2365 1713 2417; x_wconf 80' lang='grc' dir='ltr'><strong>τὸν</strong></span> <span class='ocrx_word' id='word_1_188' title='bbox 1750 2365 1962 2418; x_wconf 87' lang='grc' dir='ltr'>ἀστεῖον</span> <span class='ocrx_word' id='word_1_189' title='bbox 1988 2362 2065 2434; x_wconf 83' lang='grc' dir='ltr'>τῷ</span> 
     </span>
    </p>
   </div>
   <div class='ocr_carea' id='block_1_27' title="bbox 485 2450 2061 2524">
    <p class='ocr_par' dir='ltr' id='par_1_27' title="bbox 485 2450 2061 2524">
     <span class='ocr_line' id='line_1_27' title="bbox 485 2450 2061 2524; baseline 0.004 -23"><span class='ocrx_word' id='word_1_190' title='bbox 485 2450 603 2520; x_wconf 85' lang='grc' dir='ltr'><strong>Θεῴ</strong></span> <span class='ocrx_word' id='word_1_191' title='bbox 628 2452 690 2502; x_wconf 82' lang='grc' dir='ltr'>ὲκ</span> <span class='ocrx_word' id='word_1_192' title='bbox 710 2454 1035 2522; x_wconf 81' lang='grc' dir='ltr'>γεννήσεως,</span> <span class='ocrx_word' id='word_1_193' title='bbox 1062 2452 1152 2507; x_wconf 76' lang='grc' dir='ltr'>τὸν</span> <span class='ocrx_word' id='word_1_194' title='bbox 1176 2456 1286 2516; x_wconf 88' lang='grc' dir='ltr'>τοῖς</span> <span class='ocrx_word' id='word_1_195' title='bbox 1316 2454 1467 2524; x_wconf 73' lang='grc' dir='ltr'>ἤθεσι</span> <span class='ocrx_word' id='word_1_196' title='bbox 1502 2454 1681 2509; x_wconf 77' lang='grc' dir='ltr'>πολιὸν</span> <span class='ocrx_word' id='word_1_197' title='bbox 1708 2455 1771 2507; x_wconf 82' lang='grc' dir='ltr'>ὲκ</span> <span class='ocrx_word' id='word_1_198' title='bbox 1796 2455 2061 2520; x_wconf 82' lang='grc' dir='ltr'>νεότητος,</span> 
     </span>
    </p>
   </div>
   <div class='ocr_carea' id='block_1_28' title="bbox 484 2543 2064 2618">
    <p class='ocr_par' dir='ltr' id='par_1_28' title="bbox 484 2543 2064 2618">
     <span class='ocr_line' id='line_1_28' title="bbox 484 2543 2064 2618; baseline 0.003 -25"><span class='ocrx_word' id='word_1_199' title='bbox 484 2543 574 2594; x_wconf 76' lang='grc' dir='ltr'><strong>τὸν</strong></span> <span class='ocrx_word' id='word_1_200' title='bbox 601 2544 958 2597; x_wconf 78' lang='grc' dir='ltr'>παιδευθέντα</span> <span class='ocrx_word' id='word_1_201' title='bbox 993 2548 1089 2614; x_wconf 81' lang='grc' dir='ltr'><strong>μὲν</strong></span> <span class='ocrx_word' id='word_1_202' title='bbox 1124 2545 1263 2598; x_wconf 85' lang='grc' dir='ltr'>κατὰ</span> <span class='ocrx_word' id='word_1_203' title='bbox 1290 2546 1529 2599; x_wconf 83' lang='grc' dir='ltr'>Μωῦσέα</span> <span class='ocrx_word' id='word_1_204' title='bbox 1576 2546 1723 2618; x_wconf 81' lang='grc' dir='ltr'>πάσῃ</span> <span class='ocrx_word' id='word_1_205' title='bbox 1770 2546 1931 2617; x_wconf 62' lang='grc' dir='ltr'>σοφίᾳ</span> <span class='ocrx_word' id='word_1_206' title='bbox 1956 2546 2064 2599; x_wconf 84' lang='grc' dir='ltr'><strong>τῶν</strong></span> 
     </span>
    </p>
   </div>
   <div class='ocr_carea' id='block_1_29' title="bbox 484 2635 2064 2709">
    <p class='ocr_par' dir='ltr' id='par_1_29' title="bbox 484 2635 2064 2709">
     <span class='ocr_line' id='line_1_29' title="bbox 484 2635 2064 2709; baseline 0.002 -22"><span class='ocrx_word' id='word_1_207' title='bbox 484 2635 680 2701; x_wconf 80' lang='grc' dir='ltr'>ἔξωθεν</span> <span class='ocrx_word' id='word_1_208' title='bbox 713 2635 885 2705; x_wconf 84' lang='grc' dir='ltr'>λόγων</span> <span class='ocrx_word' id='word_1_209' title='bbox 907 2680 921 2703; x_wconf 92' lang='grc'><strong>,</strong></span> <span class='ocrx_word' id='word_1_210' title='bbox 954 2639 1065 2700; x_wconf 84' lang='grc' dir='ltr'>τοῖς</span> <span class='ocrx_word' id='word_1_211' title='bbox 1091 2637 1147 2689; x_wconf 78' lang='grc' dir='ltr'><strong>δὲ</strong></span> <span class='ocrx_word' id='word_1_212' title='bbox 1178 2639 1339 2708; x_wconf 78' lang='grc' dir='ltr'>ἱεροῖς</span> <span class='ocrx_word' id='word_1_213' title='bbox 1372 2636 1693 2708; x_wconf 82' lang='grc' dir='ltr'>γράμμασιν</span> <span class='ocrx_word' id='word_1_214' title='bbox 1728 2639 1793 2690; x_wconf 86' lang='grc' dir='ltr'><strong>ἐκ</strong></span> <span class='ocrx_word' id='word_1_215' title='bbox 1833 2637 2064 2709; x_wconf 70' lang='grc' dir='ltr'>βρέφους</span> 
     </span>
    </p>
   </div>
   <div class='ocr_carea' id='block_1_30' title="bbox 470 2722 2065 2805">
    <p class='ocr_par' dir='ltr' id='par_1_30' title="bbox 470 2722 2065 2805">
     <span class='ocr_line' id='line_1_30' title="bbox 470 2722 2065 2805; baseline 0.006 -30"><span class='ocrx_word' id='word_1_216' title='bbox 470 2722 578 2776; x_wconf 72' lang='grc' dir='ltr'><strong>καὶ</strong></span> <span class='ocrx_word' id='word_1_217' title='bbox 611 2725 772 2796; x_wconf 84' lang='grc' dir='ltr'>μέχρι</span> <span class='ocrx_word' id='word_1_218' title='bbox 802 2727 898 2797; x_wconf 82' lang='grc' dir='ltr'>τῆς</span> <span class='ocrx_word' id='word_1_219' title='bbox 924 2726 1251 2791; x_wconf 81' lang='grc' dir='ltr'>τελειώσεως</span> <span class='ocrx_word' id='word_1_220' title='bbox 1284 2731 1652 2801; x_wconf 82' lang='grc' dir='ltr'>συντραφέντα</span> <span class='ocrx_word' id='word_1_221' title='bbox 1682 2731 1775 2784; x_wconf 74' lang='grc' dir='ltr'><strong>καὶ</strong></span> <span class='ocrx_word' id='word_1_222' title='bbox 1804 2732 2065 2805; x_wconf 81' lang='grc' dir='ltr'>συναυξη-</span> 
     </span>
    </p>
   </div>
   <div class='ocr_carea' id='block_1_31' title="bbox 480 2816 2064 2890">
    <p class='ocr_par' dir='ltr' id='par_1_31' title="bbox 480 2816 2064 2890">
     <span class='ocr_line' id='line_1_31' title="bbox 480 2816 2064 2890; baseline 0.006 -22"><span class='ocrx_word' id='word_1_223' title='bbox 480 2816 646 2869; x_wconf 81' lang='grc' dir='ltr'>θέντα</span> <span class='ocrx_word' id='word_1_224' title='bbox 694 2819 788 2871; x_wconf 74' lang='grc' dir='ltr'><strong>καὶ</strong></span> <span class='ocrx_word' id='word_1_225' title='bbox 822 2820 1278 2890; x_wconf 85' lang='grc' dir='ltr'>συνακμάσαντα·</span> <span class='ocrx_word' id='word_1_226' title='bbox 1312 2821 1433 2873; x_wconf 81' lang='grc' dir='ltr'>ὅθεν</span> <span class='ocrx_word' id='word_1_227' title='bbox 1466 2822 1726 2876; x_wconf 79' lang='grc' dir='ltr'>διδάσκων</span> <span class='ocrx_word' id='word_1_228' title='bbox 1755 2826 1929 2878; x_wconf 88' lang='grc' dir='ltr'>πάντα</span> <span class='ocrx_word' id='word_1_229' title='bbox 1968 2825 2064 2879; x_wconf 81' lang='grc' dir='ltr'><strong>ἄν-</strong></span> 
     </span>
    </p>
   </div>
   <div class='ocr_carea' id='block_1_32' title="bbox 480 2908 2061 2987">
    <p class='ocr_par' dir='ltr' id='par_1_32' title="bbox 480 2908 2061 2987">
     <span class='ocr_line' id='line_1_32' title="bbox 480 2908 2061 2987; baseline 0.006 -27"><span class='ocrx_word' id='word_1_230' title='bbox 480 2908 701 2979; x_wconf 74' lang='grc' dir='ltr'>θρωπον</span> <span class='ocrx_word' id='word_1_231' title='bbox 750 2910 808 2961; x_wconf 86' lang='grc' dir='ltr'>ὲν</span> <span class='ocrx_word' id='word_1_232' title='bbox 842 2911 991 2983; x_wconf 82' lang='grc' dir='ltr'>πάσῃ</span> <span class='ocrx_word' id='word_1_233' title='bbox 1024 2913 1185 2983; x_wconf 76' lang='grc' dir='ltr'>σοφίᾳ</span> <span class='ocrx_word' id='word_1_234' title='bbox 1217 2915 1281 2983; x_wconf 81' lang='grc' dir='ltr'>τῇ</span> <span class='ocrx_word' id='word_1_235' title='bbox 1334 2913 1454 2985; x_wconf 78' lang='grc' dir='ltr'>θείᾳ</span> <span class='ocrx_word' id='word_1_236' title='bbox 1484 2932 1543 2967; x_wconf 91' lang='grc' dir='ltr'><strong>τε</strong></span> <span class='ocrx_word' id='word_1_237' title='bbox 1590 2916 1683 2968; x_wconf 76' lang='grc' dir='ltr'><strong>καὶ</strong></span> <span class='ocrx_word' id='word_1_238' title='bbox 1726 2918 1792 2987; x_wconf 81' lang='grc' dir='ltr'><strong>τῇ</strong></span> <span class='ocrx_word' id='word_1_239' title='bbox 1844 2915 2061 2982; x_wconf 72' lang='grc' dir='ltr'>ἔξωθεν,</span> 
     </span>
    </p>
   </div>
   <div class='ocr_carea' id='block_1_33' title="bbox 478 2994 2064 3075">
    <p class='ocr_par' dir='ltr' id='par_1_33' title="bbox 478 2994 2064 3075">
     <span class='ocr_line' id='line_1_33' title="bbox 478 2994 2064 3075; baseline 0.007 -25"><span class='ocrx_word' id='word_1_240' title='bbox 478 2994 595 3051; x_wconf 77' lang='grc' dir='ltr'>οἶόν</span> <span class='ocrx_word' id='word_1_241' title='bbox 624 3016 706 3062; x_wconf 88' lang='grc' dir='ltr'><strong>τις</strong></span> <span class='ocrx_word' id='word_1_242' title='bbox 730 3000 985 3070; x_wconf 74' lang='grc' dir='ltr'>ἀριστεὺς</span> <span class='ocrx_word' id='word_1_243' title='bbox 1010 3002 1310 3073; x_wconf 78' lang='grc' dir='ltr'>περιδέξιος</span> <span class='ocrx_word' id='word_1_244' title='bbox 1338 3004 1405 3056; x_wconf 83' lang='grc' dir='ltr'>δι’</span> <span class='ocrx_word' id='word_1_245' title='bbox 1436 3005 1702 3075; x_wconf 81' lang='grc' dir='ltr'>ἑκατέρας</span> <span class='ocrx_word' id='word_1_246' title='bbox 1731 3006 2064 3072; x_wconf 75' lang='grc' dir='ltr'>παιδεύσεως</span> 
     </span>
    </p>
   </div>
   <div class='ocr_carea' id='block_1_34' title="bbox 2166 526 3745 606">
    <p class='ocr_par' dir='ltr' id='par_1_34' title="bbox 2166 526 3745 606">
     <span class='ocr_line' id='line_1_34' title="bbox 2166 526 3745 606; baseline 0.001 -17"><span class='ocrx_word' id='word_1_247' title='bbox 2166 536 2493 590; x_wconf 81' lang='lat' dir='ltr'><strong>constitutos</strong></span> <span class='ocrx_word' id='word_1_248' title='bbox 2527 543 2579 589; x_wconf 83' lang='lat' dir='ltr'><strong>et</strong></span> <span class='ocrx_word' id='word_1_249' title='bbox 2601 535 2884 589; x_wconf 87' lang='lat' dir='ltr'><strong>ordinatos</strong></span> <span class='ocrx_word' id='word_1_250' title='bbox 2903 551 3046 598; x_wconf 90' lang='lat' dir='ltr'><strong>esse,</strong></span> <span class='ocrx_word' id='word_1_251' title='bbox 3077 545 3199 605; x_wconf 64' lang='lat' dir='ltr'><strong>post</strong></span> <span class='ocrx_word' id='word_1_252' title='bbox 3230 535 3352 588; x_wconf 88' lang='lat' dir='ltr'><strong>illos</strong></span> <span class='ocrx_word' id='word_1_253' title='bbox 3374 526 3519 590; x_wconf 87' lang='lat' dir='ltr'><strong>vero</strong></span> <span class='ocrx_word' id='word_1_254' title='bbox 3555 546 3745 606; x_wconf 88' lang='lat' dir='ltr'><strong>pasto-</strong></span> 
     </span>
    </p>
   </div>
   <div class='ocr_carea' id='block_1_35' title="bbox 2166 625 3742 697">
    <p class='ocr_par' dir='ltr' id='par_1_35' title="bbox 2166 625 3742 697">
     <span class='ocr_line' id='line_1_35' title="bbox 2166 625 3742 697; baseline 0.001 -17"><span class='ocrx_word' id='word_1_255' title='bbox 2166 640 2255 682; x_wconf 85' lang='lat' dir='ltr'><strong>res</strong></span> <span class='ocrx_word' id='word_1_256' title='bbox 2276 636 2329 682; x_wconf 91' lang='lat' dir='ltr'><strong>et</strong></span> <span class='ocrx_word' id='word_1_257' title='bbox 2363 627 2617 682; x_wconf 86' lang='lat' dir='ltr'><strong>doctores</strong></span> <span class='ocrx_word' id='word_1_258' title='bbox 2646 630 2684 679; x_wconf 87' lang='grc'><strong>¹.</strong></span> <span class='ocrx_word' id='word_1_259' title='bbox 2736 627 3003 681; x_wconf 75' lang='lat' dir='ltr'><strong>Convenit</strong></span> <span class='ocrx_word' id='word_1_260' title='bbox 3046 627 3212 697; x_wconf 86' lang='lat' dir='ltr'><strong>igitur</strong></span> <span class='ocrx_word' id='word_1_261' title='bbox 3246 625 3383 679; x_wconf 85' lang='lat' dir='ltr'><strong>ordo</strong></span> <span class='ocrx_word' id='word_1_262' title='bbox 3414 627 3742 681; x_wconf 87' lang='lat' dir='ltr'><strong>solemnium</strong></span> 
     </span>
    </p>
   </div>
   <div class='ocr_carea' id='block_1_36' title="bbox 2166 718 3746 788">
    <p class='ocr_par' dir='ltr' id='par_1_36' title="bbox 2166 718 3746 788">
     <span class='ocr_line' id='line_1_36' title="bbox 2166 718 3746 788; baseline 0.001 -16"><span class='ocrx_word' id='word_1_263' title='bbox 2166 727 2533 773; x_wconf 86' lang='lat' dir='ltr'><strong>convcntuum</strong></span> <span class='ocrx_word' id='word_1_264' title='bbox 2559 729 2610 772; x_wconf 88' lang='lat' dir='ltr'><strong>et</strong></span> <span class='ocrx_word' id='word_1_265' title='bbox 2637 719 3013 773; x_wconf 80' lang='lat' dir='ltr'><strong>celebritatum</strong></span> <span class='ocrx_word' id='word_1_266' title='bbox 3044 733 3169 771; x_wconf 93' lang='lat' dir='ltr'><strong>cum</strong></span> <span class='ocrx_word' id='word_1_267' title='bbox 3192 718 3495 788; x_wconf 88' lang='lat' dir='ltr'><strong>apostolica</strong></span> <span class='ocrx_word' id='word_1_268' title='bbox 3522 718 3625 773; x_wconf 87' lang='lat' dir='ltr'><strong>hac</strong></span> <span class='ocrx_word' id='word_1_269' title='bbox 3657 734 3746 773; x_wconf 89' lang='lat' dir='ltr'><strong>or-</strong></span> 
     </span>
    </p>
   </div>
   <div class='ocr_carea' id='block_1_37' title="bbox 2165 810 3745 881">
    <p class='ocr_par' dir='ltr' id='par_1_37' title="bbox 2165 810 3745 881">
     <span class='ocr_line' id='line_1_37' title="bbox 2165 810 3745 881; baseline -0.001 -14"><span class='ocrx_word' id='word_1_270' title='bbox 2165 812 2465 867; x_wconf 89' lang='lat' dir='ltr'><strong>dinatione.</strong></span> <span class='ocrx_word' id='word_1_271' title='bbox 2488 810 2598 865; x_wconf 76' lang='lat' dir='ltr'><strong>Sed</strong></span> <span class='ocrx_word' id='word_1_272' title='bbox 2636 813 2864 881; x_wconf 78' lang='lat' dir='ltr'><strong>primam</strong></span> <span class='ocrx_word' id='word_1_273' title='bbox 2904 810 3283 865; x_wconf 72' lang='lat' dir='ltr'><strong>celebritatem</strong></span> <span class='ocrx_word' id='word_1_274' title='bbox 3322 826 3427 865; x_wconf 88' lang='lat' dir='ltr'><strong>una</strong></span> <span class='ocrx_word' id='word_1_275' title='bbox 3458 826 3583 865; x_wconf 90' lang='lat' dir='ltr'><strong>cum</strong></span> <span class='ocrx_word' id='word_1_276' title='bbox 3617 812 3745 865; x_wconf 86' lang='lat' dir='ltr'><strong>aliis</strong></span> 
     </span>
    </p>
   </div>
   <div class='ocr_carea' id='block_1_38' title="bbox 2166 901 3744 974">
    <p class='ocr_par' dir='ltr' id='par_1_38' title="bbox 2166 901 3744 974">
     <span class='ocr_line' id='line_1_38' title="bbox 2166 901 3744 974; baseline -0.001 -17"><span class='ocrx_word' id='word_1_277' title='bbox 2166 920 2273 957; x_wconf 90' lang='lat' dir='ltr'><strong>non</strong></span> <span class='ocrx_word' id='word_1_278' title='bbox 2304 919 2549 959; x_wconf 83' lang='lat' dir='ltr'><strong>numero.</strong></span> <span class='ocrx_word' id='word_1_279' title='bbox 2581 902 2714 955; x_wconf 75' lang='lat' dir='ltr'><strong>Nam</strong></span> <span class='ocrx_word' id='word_1_280' title='bbox 2755 917 2875 972; x_wconf 67' lang='lat' dir='ltr'><strong>qua:</strong></span> <span class='ocrx_word' id='word_1_281' title='bbox 2920 912 3144 971; x_wconf 87' lang='lat' dir='ltr'><strong>propter</strong></span> <span class='ocrx_word' id='word_1_282' title='bbox 3189 901 3427 955; x_wconf 78' lang='lat' dir='ltr'><strong>divinam</strong></span> <span class='ocrx_word' id='word_1_283' title='bbox 3482 902 3744 974; x_wconf 76' lang='lat' dir='ltr'><strong>ttnigeuiti</strong></span> 
     </span>
    </p>
   </div>
   <div class='ocr_carea' id='block_1_39' title="bbox 2164 990 3744 1064">
    <p class='ocr_par' dir='ltr' id='par_1_39' title="bbox 2164 990 3744 1064">
     <span class='ocr_line' id='line_1_39' title="bbox 2164 990 3744 1064; baseline 0.001 -18"><span class='ocrx_word' id='word_1_284' title='bbox 2164 991 2289 1047; x_wconf 86' lang='lat' dir='ltr'><strong>Filii</strong></span> <span class='ocrx_word' id='word_1_285' title='bbox 2320 995 2716 1064; x_wconf 89' lang='lat' dir='ltr'><strong>apparitionem</strong></span> <span class='ocrx_word' id='word_1_286' title='bbox 2740 1035 2753 1053; x_wconf 86' lang='lat'><strong>,</strong></span> <span class='ocrx_word' id='word_1_287' title='bbox 2800 1008 2895 1063; x_wconf 90' lang='lat' dir='ltr'><strong>per</strong></span> <span class='ocrx_word' id='word_1_288' title='bbox 2939 1000 3156 1063; x_wconf 84' lang='lat' dir='ltr'><strong>partum</strong></span> <span class='ocrx_word' id='word_1_289' title='bbox 3189 990 3430 1059; x_wconf 67' lang='lat' dir='ltr'><strong>Virginis</strong></span> <span class='ocrx_word' id='word_1_290' title='bbox 3462 1006 3491 1045; x_wconf 86' lang='lat' dir='ltr'><strong>a</strong></span> <span class='ocrx_word' id='word_1_291' title='bbox 3540 991 3744 1047; x_wconf 87' lang='lat' dir='ltr'><strong>mundo</strong></span> 
     </span>
    </p>
   </div>
   <div class='ocr_carea' id='block_1_40' title="bbox 2168 1083 3741 1153">
    <p class='ocr_par' dir='ltr' id='par_1_40' title="bbox 2168 1083 3741 1153">
     <span class='ocr_line' id='line_1_40' title="bbox 2168 1083 3741 1153; baseline -0.001 -16"><span class='ocrx_word' id='word_1_292' title='bbox 2168 1084 2441 1140; x_wconf 76' lang='lat' dir='ltr'><strong>festivitas</strong></span> <span class='ocrx_word' id='word_1_293' title='bbox 2494 1086 2747 1138; x_wconf 80' lang='lat' dir='ltr'><strong>instituta</strong></span> <span class='ocrx_word' id='word_1_294' title='bbox 2790 1092 2899 1146; x_wconf 77' lang='lat' dir='ltr'><strong>est,</strong></span> <span class='ocrx_word' id='word_1_295' title='bbox 2930 1098 2993 1137; x_wconf 80' lang='lat' dir='ltr'><strong>ea</strong></span> <span class='ocrx_word' id='word_1_296' title='bbox 3042 1098 3152 1137; x_wconf 86' lang='lat' dir='ltr'><strong>non</strong></span> <span class='ocrx_word' id='word_1_297' title='bbox 3191 1083 3517 1153; x_wconf 84' lang='lat' dir='ltr'><strong>simpliciter</strong></span> <span class='ocrx_word' id='word_1_298' title='bbox 3553 1092 3741 1136; x_wconf 86' lang='lat' dir='ltr'><strong>sancta</strong></span> 
     </span>
    </p>
   </div>
   <div class='ocr_carea' id='block_1_41' title="bbox 2167 1170 3742 1238">
    <p class='ocr_par' dir='ltr' id='par_1_41' title="bbox 2167 1170 3742 1238">
     <span class='ocr_line' id='line_1_41' title="bbox 2167 1170 3742 1238; baseline -0.001 -11"><span class='ocrx_word' id='word_1_299' title='bbox 2167 1174 2456 1229; x_wconf 87' lang='lat' dir='ltr'><strong>celebritas</strong></span> <span class='ocrx_word' id='word_1_300' title='bbox 2485 1182 2589 1238; x_wconf 88' lang='lat' dir='ltr'><strong>cst,</strong></span> <span class='ocrx_word' id='word_1_301' title='bbox 2626 1173 2720 1227; x_wconf 89' lang='lat' dir='ltr'><strong>sed</strong></span> <span class='ocrx_word' id='word_1_302' title='bbox 2744 1179 2945 1228; x_wconf 76' lang='lat' dir='ltr'><strong>sancta</strong></span> <span class='ocrx_word' id='word_1_303' title='bbox 2973 1180 3317 1233; x_wconf 77' lang='lat' dir='ltr'><strong>sanctarum,</strong></span> <span class='ocrx_word' id='word_1_304' title='bbox 3358 1182 3410 1225; x_wconf 87' lang='lat' dir='ltr'><strong>et</strong></span> <span class='ocrx_word' id='word_1_305' title='bbox 3455 1170 3742 1225; x_wconf 82' lang='lat' dir='ltr'><strong>celebritas</strong></span> 
     </span>
    </p>
   </div>
   <div class='ocr_carea' id='block_1_42' title="bbox 2166 1265 3739 1335">
    <p class='ocr_par' dir='ltr' id='par_1_42' title="bbox 2166 1265 3739 1335">
     <span class='ocr_line' id='line_1_42' title="bbox 2166 1265 3739 1335; baseline -0.004 -15"><span class='ocrx_word' id='word_1_306' title='bbox 2166 1266 2566 1320; x_wconf 78' lang='lat' dir='ltr'><strong>celcbt&#39;itatum.</strong></span> <span class='ocrx_word' id='word_1_307' title='bbox 2611 1267 2781 1335; x_wconf 80' lang='lat' dir='ltr'><strong>Igitur</strong></span> <span class='ocrx_word' id='word_1_308' title='bbox 2818 1280 2912 1319; x_wconf 79' lang='lat' dir='ltr'><strong>eas</strong></span> <span class='ocrx_word' id='word_1_309' title='bbox 2958 1279 3080 1335; x_wconf 81' lang='lat' dir='ltr'><strong>qme</strong></span> <span class='ocrx_word' id='word_1_310' title='bbox 3122 1265 3261 1317; x_wconf 80' lang='lat' dir='ltr'><strong>hanc</strong></span> <span class='ocrx_word' id='word_1_311' title='bbox 3300 1271 3739 1332; x_wconf 77' lang='lat' dir='ltr'><strong>consequuntur,</strong></span> 
     </span>
    </p>
   </div>
   <div class='ocr_carea' id='block_1_43' title="bbox 2167 1355 3743 1425">
    <p class='ocr_par' dir='ltr' id='par_1_43' title="bbox 2167 1355 3743 1425">
     <span class='ocr_line' id='line_1_43' title="bbox 2167 1355 3743 1425; baseline -0.003 -12"><span class='ocrx_word' id='word_1_312' title='bbox 2167 1373 2541 1415; x_wconf 67' lang='lat' dir='ltr'><strong>nmneretnrs.</strong></span> <span class='ocrx_word' id='word_1_313' title='bbox 2580 1357 2829 1411; x_wconf 79' lang='lat' dir='ltr'><strong>Priiuum</strong></span> <span class='ocrx_word' id='word_1_314' title='bbox 2888 1357 3051 1412; x_wconf 90' lang='lat' dir='ltr'><strong>nobis</strong></span> <span class='ocrx_word' id='word_1_315' title='bbox 3090 1356 3321 1425; x_wconf 87' lang='lat' dir='ltr'><strong>apostoli</strong></span> <span class='ocrx_word' id='word_1_316' title='bbox 3369 1366 3422 1410; x_wconf 89' lang='lat' dir='ltr'><strong>et</strong></span> <span class='ocrx_word' id='word_1_317' title='bbox 3464 1355 3743 1425; x_wconf 66' lang='lat' dir='ltr'><strong>propheta}</strong></span> 
     </span>
    </p>
   </div>
   <div class='ocr_carea' id='block_1_44' title="bbox 2168 1446 3740 1522">
    <p class='ocr_par' dir='ltr' id='par_1_44' title="bbox 2168 1446 3740 1522">
     <span class='ocr_line' id='line_1_44' title="bbox 2168 1446 3740 1522; baseline -0.004 -15"><span class='ocrx_word' id='word_1_318' title='bbox 2168 1452 2470 1522; x_wconf 79' lang='lat' dir='ltr'><strong>Spiritualis</strong></span> <span class='ocrx_word' id='word_1_319' title='bbox 2512 1462 2687 1507; x_wconf 74' lang='lat' dir='ltr'><strong>cretus</strong></span> <span class='ocrx_word' id='word_1_320' title='bbox 2726 1450 2943 1505; x_wconf 90' lang='lat' dir='ltr'><strong>initium</strong></span> <span class='ocrx_word' id='word_1_321' title='bbox 2986 1450 3256 1505; x_wconf 88' lang='lat' dir='ltr'><strong>fecerunt.</strong></span> <span class='ocrx_word' id='word_1_322' title='bbox 3317 1446 3560 1518; x_wconf 85' lang='lat' dir='ltr'><strong>Utraque</strong></span> <span class='ocrx_word' id='word_1_323' title='bbox 3595 1448 3740 1501; x_wconf 91' lang='lat' dir='ltr'><strong>enim</strong></span> 
     </span>
    </p>
   </div>
   <div class='ocr_carea' id='block_1_45' title="bbox 2168 1538 3742 1614">
    <p class='ocr_par' dir='ltr' id='par_1_45' title="bbox 2168 1538 3742 1614">
     <span class='ocr_line' id='line_1_45' title="bbox 2168 1538 3742 1614; baseline -0.003 -19"><span class='ocrx_word' id='word_1_324' title='bbox 2168 1559 2393 1614; x_wconf 85' lang='lat' dir='ltr'><strong>prorsus</strong></span> <span class='ocrx_word' id='word_1_325' title='bbox 2434 1544 2579 1597; x_wconf 89' lang='lat' dir='ltr'><strong>circa</strong></span> <span class='ocrx_word' id='word_1_326' title='bbox 2628 1543 2849 1597; x_wconf 88' lang='lat' dir='ltr'><strong>eosdem</strong></span> <span class='ocrx_word' id='word_1_327' title='bbox 2907 1550 3035 1595; x_wconf 83' lang='lat' dir='ltr'><strong>sunt</strong></span> <span class='ocrx_word' id='word_1_328' title='bbox 3092 1540 3255 1603; x_wconf 82' lang='lat' dir='ltr'><strong>dum,</strong></span> <span class='ocrx_word' id='word_1_329' title='bbox 3305 1549 3357 1593; x_wconf 89' lang='lat' dir='ltr'><strong>et</strong></span> <span class='ocrx_word' id='word_1_330' title='bbox 3409 1538 3742 1608; x_wconf 83' lang='lat' dir='ltr'><strong>apostolicus</strong></span> 
     </span>
    </p>
   </div>
   <div class='ocr_carea' id='block_1_46' title="bbox 2169 1629 3738 1704">
    <p class='ocr_par' dir='ltr' id='par_1_46' title="bbox 2169 1629 3738 1704">
     <span class='ocr_line' id='line_1_46' title="bbox 2169 1629 3738 1704; baseline -0.004 -16"><span class='ocrx_word' id='word_1_331' title='bbox 2169 1631 2416 1704; x_wconf 83' lang='lat' dir='ltr'><strong>Spiritus,</strong></span> <span class='ocrx_word' id='word_1_332' title='bbox 2462 1646 2516 1687; x_wconf 89' lang='lat' dir='ltr'><strong>et</strong></span> <span class='ocrx_word' id='word_1_333' title='bbox 2566 1634 2796 1702; x_wconf 84' lang='lat' dir='ltr'><strong>spiritus</strong></span> <span class='ocrx_word' id='word_1_334' title='bbox 2854 1631 3173 1700; x_wconf 59' lang='lat' dir='ltr'><strong>prophetize.</strong></span> <span class='ocrx_word' id='word_1_335' title='bbox 3212 1633 3353 1684; x_wconf 75' lang='lat' dir='ltr'><strong>Sunt</strong></span> <span class='ocrx_word' id='word_1_336' title='bbox 3405 1640 3584 1683; x_wconf 86' lang='lat' dir='ltr'><strong>autem</strong></span> <span class='ocrx_word' id='word_1_337' title='bbox 3644 1629 3738 1682; x_wconf 90' lang='lat' dir='ltr'><strong>bi:</strong></span> 
     </span>
    </p>
   </div>
   <div class='ocr_carea' id='block_1_47' title="bbox 2170 1721 3737 1795">
    <p class='ocr_par' dir='ltr' id='par_1_47' title="bbox 2170 1721 3737 1795">
     <span class='ocr_line' id='line_1_47' title="bbox 2170 1721 3737 1795; baseline -0.001 -16"><span class='ocrx_word' id='word_1_338' title='bbox 2170 1726 2499 1795; x_wconf 75' lang='lat' dir='ltr'><strong>Stephanus.</strong></span> <span class='ocrx_word' id='word_1_339' title='bbox 2559 1725 2771 1789; x_wconf 83' lang='lat' dir='ltr'><strong>Petrus,</strong></span> <span class='ocrx_word' id='word_1_340' title='bbox 2824 1724 3093 1783; x_wconf 81' lang='lat' dir='ltr'><strong>Jacobus.</strong></span> <span class='ocrx_word' id='word_1_341' title='bbox 3165 1723 3436 1786; x_wconf 84' lang='lat' dir='ltr'><strong>Joannes,</strong></span> <span class='ocrx_word' id='word_1_342' title='bbox 3492 1721 3737 1789; x_wconf 86' lang='lat' dir='ltr'><strong>Paulus;</strong></span> 
     </span>
    </p>
   </div>
   <div class='ocr_carea' id='block_1_48' title="bbox 2165 1817 3739 1887">
    <p class='ocr_par' dir='ltr' id='par_1_48' title="bbox 2165 1817 3739 1887">
     <span class='ocr_line' id='line_1_48' title="bbox 2165 1817 3739 1887; baseline -0.003 -15"><span class='ocrx_word' id='word_1_343' title='bbox 2165 1818 2362 1872; x_wconf 88' lang='lat' dir='ltr'><strong>deinde</strong></span> <span class='ocrx_word' id='word_1_344' title='bbox 2402 1826 2525 1887; x_wconf 90' lang='lat' dir='ltr'><strong>post</strong></span> <span class='ocrx_word' id='word_1_345' title='bbox 2558 1818 2658 1871; x_wconf 89' lang='lat' dir='ltr'><strong>hos</strong></span> <span class='ocrx_word' id='word_1_346' title='bbox 2688 1827 3015 1872; x_wconf 88' lang='lat' dir='ltr'><strong>conservato</strong></span> <span class='ocrx_word' id='word_1_347' title='bbox 3049 1817 3241 1871; x_wconf 90' lang='lat' dir='ltr'><strong>ordine</strong></span> <span class='ocrx_word' id='word_1_348' title='bbox 3276 1832 3375 1871; x_wconf 89' lang='lat' dir='ltr'><strong>suo</strong></span> <span class='ocrx_word' id='word_1_349' title='bbox 3402 1856 3416 1877; x_wconf 93' lang='lat'><strong>,</strong></span> <span class='ocrx_word' id='word_1_350' title='bbox 3460 1823 3645 1885; x_wconf 85' lang='lat' dir='ltr'><strong>pastor</strong></span> <span class='ocrx_word' id='word_1_351' title='bbox 3685 1820 3739 1868; x_wconf 89' lang='lat' dir='ltr'><strong>et</strong></span> 
     </span>
    </p>
   </div>
   <div class='ocr_carea' id='block_1_49' title="bbox 2165 1904 3736 1979">
    <p class='ocr_par' dir='ltr' id='par_1_49' title="bbox 2165 1904 3736 1979">
     <span class='ocr_line' id='line_1_49' title="bbox 2165 1904 3736 1979; baseline -0.002 -17"><span class='ocrx_word' id='word_1_352' title='bbox 2165 1908 2426 1979; x_wconf 84' lang='lat' dir='ltr'><strong>magister</strong></span> <span class='ocrx_word' id='word_1_353' title='bbox 2451 1917 2770 1978; x_wconf 69' lang='lat' dir='ltr'><strong>praesentem</strong></span> <span class='ocrx_word' id='word_1_354' title='bbox 2808 1907 2966 1961; x_wconf 91' lang='lat' dir='ltr'><strong>nobis</strong></span> <span class='ocrx_word' id='word_1_355' title='bbox 2995 1907 3367 1961; x_wconf 85' lang='lat' dir='ltr'><strong>celebritatem</strong></span> <span class='ocrx_word' id='word_1_356' title='bbox 3400 1904 3736 1972; x_wconf 72' lang='lat' dir='ltr'><strong>auspicatur.</strong></span> 
     </span>
    </p>
   </div>
   <div class='ocr_carea' id='block_1_50' title="bbox 2165 1993 3737 2064">
    <p class='ocr_par' dir='ltr' id='par_1_50' title="bbox 2165 1993 3737 2064">
     <span class='ocr_line' id='line_1_50' title="bbox 2165 1993 3737 2064; baseline -0.003 -12"><span class='ocrx_word' id='word_1_357' title='bbox 2165 1998 2301 2064; x_wconf 84' lang='lat' dir='ltr'><strong>Quis</strong></span> <span class='ocrx_word' id='word_1_358' title='bbox 2347 2007 2431 2053; x_wconf 84' lang='lat' dir='ltr'><strong>est</strong></span> <span class='ocrx_word' id='word_1_359' title='bbox 2479 1998 2612 2052; x_wconf 90' lang='lat' dir='ltr'><strong>hic?</strong></span> <span class='ocrx_word' id='word_1_360' title='bbox 2654 1996 2838 2051; x_wconf 87' lang='lat' dir='ltr'><strong>Dicam</strong></span> <span class='ocrx_word' id='word_1_361' title='bbox 2887 2012 3107 2060; x_wconf 91' lang='lat' dir='ltr'><strong>nomen,</strong></span> <span class='ocrx_word' id='word_1_362' title='bbox 3164 2011 3232 2049; x_wconf 85' lang='lat' dir='ltr'><strong>an</strong></span> <span class='ocrx_word' id='word_1_363' title='bbox 3292 1994 3528 2049; x_wconf 83' lang='lat' dir='ltr'><strong>nominis</strong></span> <span class='ocrx_word' id='word_1_364' title='bbox 3566 1993 3737 2049; x_wconf 78' lang='lat' dir='ltr'><strong>vicrm</strong></span> 
     </span>
    </p>
   </div>
   <div class='ocr_carea' id='block_1_51' title="bbox 2166 2082 3739 2160">
    <p class='ocr_par' dir='ltr' id='par_1_51' title="bbox 2166 2082 3739 2160">
     <span class='ocr_line' id='line_1_51' title="bbox 2166 2082 3739 2160; baseline -0.005 -18"><span class='ocrx_word' id='word_1_365' title='bbox 2166 2090 2341 2160; x_wconf 88' lang='lat' dir='ltr'><strong>gratia</strong></span> <span class='ocrx_word' id='word_1_366' title='bbox 2380 2098 2542 2158; x_wconf 89' lang='lat' dir='ltr'><strong>atque</strong></span> <span class='ocrx_word' id='word_1_367' title='bbox 2574 2086 2843 2141; x_wconf 69' lang='lat' dir='ltr'><strong>festivitas</strong></span> <span class='ocrx_word' id='word_1_368' title='bbox 2890 2087 3108 2156; x_wconf 89' lang='lat' dir='ltr'><strong>supplet</strong></span> <span class='ocrx_word' id='word_1_369' title='bbox 3136 2086 3202 2140; x_wconf 86' lang='lat' dir='ltr'><strong>ad</strong></span> <span class='ocrx_word' id='word_1_370' title='bbox 3236 2087 3413 2139; x_wconf 88' lang='lat' dir='ltr'><strong>virum</strong></span> <span class='ocrx_word' id='word_1_371' title='bbox 3443 2082 3739 2137; x_wconf 87' lang='lat' dir='ltr'><strong>ostenden-</strong></span> 
     </span>
    </p>
   </div>
   <div class='ocr_carea' id='block_1_52' title="bbox 2164 2179 3741 2247">
    <p class='ocr_par' dir='ltr' id='par_1_52' title="bbox 2164 2179 3741 2247">
     <span class='ocr_line' id='line_1_52' title="bbox 2164 2179 3741 2247; baseline -0.006 -12"><span class='ocrx_word' id='word_1_372' title='bbox 2164 2181 2489 2236; x_wconf 86' lang='lat' dir='ltr'><strong>dum?Cum</strong></span> <span class='ocrx_word' id='word_1_373' title='bbox 2524 2180 2667 2233; x_wconf 89' lang='lat' dir='ltr'><strong>enim</strong></span> <span class='ocrx_word' id='word_1_374' title='bbox 2707 2179 2775 2233; x_wconf 89' lang='lat' dir='ltr'><strong>de</strong></span> <span class='ocrx_word' id='word_1_375' title='bbox 2826 2179 3083 2247; x_wconf 85' lang='lat' dir='ltr'><strong>magistro</strong></span> <span class='ocrx_word' id='word_1_376' title='bbox 3135 2186 3298 2246; x_wconf 85' lang='lat' dir='ltr'><strong>atque</strong></span> <span class='ocrx_word' id='word_1_377' title='bbox 3343 2183 3560 2245; x_wconf 81' lang='lat' dir='ltr'><strong>pastore</strong></span> <span class='ocrx_word' id='word_1_378' title='bbox 3617 2181 3741 2245; x_wconf 79' lang='lat' dir='ltr'><strong>post</strong></span> 
     </span>
    </p>
   </div>
   <div class='ocr_carea' id='block_1_53' title="bbox 2165 2265 3738 2342">
    <p class='ocr_par' dir='ltr' id='par_1_53' title="bbox 2165 2265 3738 2342">
     <span class='ocr_line' id='line_1_53' title="bbox 2165 2265 3738 2342; baseline -0.006 -15"><span class='ocrx_word' id='word_1_379' title='bbox 2165 2273 2441 2342; x_wconf 89' lang='lat' dir='ltr'><strong>apostolos</strong></span> <span class='ocrx_word' id='word_1_380' title='bbox 2485 2270 2797 2333; x_wconf 80' lang='lat' dir='ltr'><strong>audiveris,</strong></span> <span class='ocrx_word' id='word_1_381' title='bbox 2828 2270 3142 2323; x_wconf 78' lang='lat' dir='ltr'><strong>intellexisti</strong></span> <span class='ocrx_word' id='word_1_382' title='bbox 3186 2283 3412 2337; x_wconf 89' lang='lat' dir='ltr'><strong>prorsus</strong></span> <span class='ocrx_word' id='word_1_383' title='bbox 3465 2282 3589 2320; x_wconf 87' lang='lat' dir='ltr'><strong>cum</strong></span> <span class='ocrx_word' id='word_1_384' title='bbox 3648 2265 3738 2335; x_wconf 82' lang='lat' dir='ltr'><strong>qui</strong></span> 
     </span>
    </p>
   </div>
   <div class='ocr_carea' id='block_1_54' title="bbox 2164 2358 3738 2435">
    <p class='ocr_par' dir='ltr' id='par_1_54' title="bbox 2164 2358 3738 2435">
     <span class='ocr_line' id='line_1_54' title="bbox 2164 2358 3738 2435; baseline -0.006 -17"><span class='ocrx_word' id='word_1_385' title='bbox 2164 2365 2442 2435; x_wconf 87' lang='lat' dir='ltr'><strong>apostolos</strong></span> <span class='ocrx_word' id='word_1_386' title='bbox 2464 2364 2821 2433; x_wconf 86' lang='lat' dir='ltr'><strong>consequitur</strong></span> <span class='ocrx_word' id='word_1_387' title='bbox 2852 2370 3038 2432; x_wconf 88' lang='lat' dir='ltr'><strong>pastor</strong></span> <span class='ocrx_word' id='word_1_388' title='bbox 3070 2369 3123 2415; x_wconf 90' lang='lat' dir='ltr'><strong>et</strong></span> <span class='ocrx_word' id='word_1_389' title='bbox 3154 2360 3364 2413; x_wconf 81' lang='lat' dir='ltr'><strong>doctor.</strong></span> <span class='ocrx_word' id='word_1_390' title='bbox 3396 2360 3553 2413; x_wconf 85' lang='lat' dir='ltr'><strong>llunc</strong></span> <span class='ocrx_word' id='word_1_391' title='bbox 3590 2358 3738 2422; x_wconf 88' lang='lat' dir='ltr'><strong>dico,</strong></span> 
     </span>
    </p>
   </div>
   <div class='ocr_carea' id='block_1_55' title="bbox 2164 2450 3741 2523">
    <p class='ocr_par' dir='ltr' id='par_1_55' title="bbox 2164 2450 3741 2523">
     <span class='ocr_line' id='line_1_55' title="bbox 2164 2450 3741 2523; baseline -0.005 -16"><span class='ocrx_word' id='word_1_392' title='bbox 2164 2453 2256 2523; x_wconf 83' lang='lat' dir='ltr'><strong>qui</strong></span> <span class='ocrx_word' id='word_1_393' title='bbox 2288 2470 2384 2509; x_wconf 86' lang='lat' dir='ltr'><strong>vas</strong></span> <span class='ocrx_word' id='word_1_394' title='bbox 2428 2463 2513 2509; x_wconf 86' lang='lat' dir='ltr'><strong>est</strong></span> <span class='ocrx_word' id='word_1_395' title='bbox 2565 2453 2872 2516; x_wconf 90' lang='lat' dir='ltr'><strong>electionis,</strong></span> <span class='ocrx_word' id='word_1_396' title='bbox 2931 2452 3216 2505; x_wconf 86' lang='lat' dir='ltr'><strong>sublimem</strong></span> <span class='ocrx_word' id='word_1_397' title='bbox 3258 2451 3410 2505; x_wconf 86' lang='lat' dir='ltr'><strong>illum</strong></span> <span class='ocrx_word' id='word_1_398' title='bbox 3459 2458 3513 2504; x_wconf 91' lang='lat' dir='ltr'><strong>et</strong></span> <span class='ocrx_word' id='word_1_399' title='bbox 3547 2450 3657 2501; x_wconf 89' lang='lat' dir='ltr'><strong>vita</strong></span> <span class='ocrx_word' id='word_1_400' title='bbox 3688 2455 3741 2499; x_wconf 89' lang='lat' dir='ltr'><strong>ct</strong></span> 
     </span>
    </p>
   </div>
   <div class='ocr_carea' id='block_1_56' title="bbox 2166 2538 3739 2612">
    <p class='ocr_par' dir='ltr' id='par_1_56' title="bbox 2166 2538 3739 2612">
     <span class='ocr_line' id='line_1_56' title="bbox 2166 2538 3739 2612; baseline -0.005 -14"><span class='ocrx_word' id='word_1_401' title='bbox 2166 2560 2421 2598; x_wconf 82' lang='lat' dir='ltr'><strong>sermone</strong></span> <span class='ocrx_word' id='word_1_402' title='bbox 2470 2544 2755 2607; x_wconf 83' lang='lat' dir='ltr'><strong>Basilinm,</strong></span> <span class='ocrx_word' id='word_1_403' title='bbox 2804 2555 3017 2612; x_wconf 86' lang='lat' dir='ltr'><strong>gratum</strong></span> <span class='ocrx_word' id='word_1_404' title='bbox 3070 2553 3125 2597; x_wconf 87' lang='lat' dir='ltr'><strong>et</strong></span> <span class='ocrx_word' id='word_1_405' title='bbox 3174 2548 3453 2611; x_wconf 76' lang='lat' dir='ltr'><strong>acceptum</strong></span> <span class='ocrx_word' id='word_1_406' title='bbox 3523 2538 3633 2593; x_wconf 79' lang='lat' dir='ltr'><strong>Deo</strong></span> <span class='ocrx_word' id='word_1_407' title='bbox 3710 2554 3739 2590; x_wconf 91' lang='lat' dir='ltr'><strong>a</strong></span> 
     </span>
    </p>
   </div>
   <div class='ocr_carea' id='block_1_57' title="bbox 2166 2630 3739 2707">
    <p class='ocr_par' dir='ltr' id='par_1_57' title="bbox 2166 2630 3739 2707">
     <span class='ocr_line' id='line_1_57' title="bbox 2166 2630 3739 2707; baseline -0.004 -16"><span class='ocrx_word' id='word_1_408' title='bbox 2166 2638 2473 2699; x_wconf 89' lang='lat' dir='ltr'><strong>nativitate,</strong></span> <span class='ocrx_word' id='word_1_409' title='bbox 2527 2637 2619 2707; x_wconf 89' lang='lat' dir='ltr'><strong>qui</strong></span> <span class='ocrx_word' id='word_1_410' title='bbox 2655 2638 2900 2691; x_wconf 89' lang='lat' dir='ltr'><strong>moribus</strong></span> <span class='ocrx_word' id='word_1_411' title='bbox 2942 2651 3114 2689; x_wconf 86' lang='lat' dir='ltr'><strong>canus</strong></span> <span class='ocrx_word' id='word_1_412' title='bbox 3163 2636 3231 2687; x_wconf 90' lang='lat' dir='ltr'><strong>ab</strong></span> <span class='ocrx_word' id='word_1_413' title='bbox 3269 2633 3598 2703; x_wconf 86' lang='lat' dir='ltr'><strong>juventute,</strong></span> <span class='ocrx_word' id='word_1_414' title='bbox 3646 2630 3739 2700; x_wconf 86' lang='lat' dir='ltr'><strong>qui</strong></span> 
     </span>
    </p>
   </div>
   <div class='ocr_carea' id='block_1_58' title="bbox 2165 2722 3742 2800">
    <p class='ocr_par' dir='ltr' id='par_1_58' title="bbox 2165 2722 3742 2800">
     <span class='ocr_line' id='line_1_58' title="bbox 2165 2722 3742 2800; baseline -0.006 -16"><span class='ocrx_word' id='word_1_415' title='bbox 2165 2730 2309 2785; x_wconf 85' lang='lat' dir='ltr'><strong>sicut</strong></span> <span class='ocrx_word' id='word_1_416' title='bbox 2335 2727 2543 2800; x_wconf 79' lang='lat' dir='ltr'><strong>Moyses</strong></span> <span class='ocrx_word' id='word_1_417' title='bbox 2579 2739 2620 2793; x_wconf 66' lang='grc' dir='ltr'><strong>ε,</strong></span> <span class='ocrx_word' id='word_1_418' title='bbox 2648 2728 2896 2781; x_wconf 85' lang='lat' dir='ltr'><strong>eruditus</strong></span> <span class='ocrx_word' id='word_1_419' title='bbox 2938 2726 3041 2779; x_wconf 93' lang='lat' dir='ltr'><strong>fuit</strong></span> <span class='ocrx_word' id='word_1_420' title='bbox 3072 2724 3219 2778; x_wconf 88' lang='lat' dir='ltr'><strong>onmi</strong></span> <span class='ocrx_word' id='word_1_421' title='bbox 3259 2722 3529 2793; x_wconf 82' lang='lat' dir='ltr'><strong>sapientia</strong></span> <span class='ocrx_word' id='word_1_422' title='bbox 3577 2730 3742 2791; x_wconf 87' lang='lat' dir='ltr'><strong>atque</strong></span> 
     </span>
    </p>
   </div>
   <div class='ocr_carea' id='block_1_59' title="bbox 2166 2812 3733 2883">
    <p class='ocr_par' dir='ltr' id='par_1_59' title="bbox 2166 2812 3733 2883">
     <span class='ocr_line' id='line_1_59' title="bbox 2166 2812 3733 2883; baseline -0.006 -9"><span class='ocrx_word' id='word_1_423' title='bbox 2166 2820 2393 2874; x_wconf 79' lang='lat' dir='ltr'><strong>Scientia</strong></span> <span class='ocrx_word' id='word_1_424' title='bbox 2419 2827 2771 2873; x_wconf 78' lang='lat' dir='ltr'><strong>externarum</strong></span> <span class='ocrx_word' id='word_1_425' title='bbox 2810 2815 3246 2883; x_wconf 86' lang='lat' dir='ltr'><strong>disciplinarum,</strong></span> <span class='ocrx_word' id='word_1_426' title='bbox 3273 2815 3449 2867; x_wconf 87' lang='lat' dir='ltr'><strong>sacris</strong></span> <span class='ocrx_word' id='word_1_427' title='bbox 3484 2827 3615 2867; x_wconf 87' lang='lat' dir='ltr'><strong>vero</strong></span> <span class='ocrx_word' id='word_1_428' title='bbox 3643 2812 3733 2865; x_wconf 89' lang='lat' dir='ltr'><strong>lit-</strong></span> 
     </span>
    </p>
   </div>
   <div class='ocr_carea' id='block_1_60' title="bbox 2164 2907 3743 2979">
    <p class='ocr_par' dir='ltr' id='par_1_60' title="bbox 2164 2907 3743 2979">
     <span class='ocr_line' id='line_1_60' title="bbox 2164 2907 3743 2979; baseline -0.006 -13"><span class='ocrx_word' id='word_1_429' title='bbox 2164 2913 2299 2966; x_wconf 89' lang='lat' dir='ltr'><strong>teris</strong></span> <span class='ocrx_word' id='word_1_430' title='bbox 2328 2912 2395 2964; x_wconf 82' lang='lat' dir='ltr'><strong>ab</strong></span> <span class='ocrx_word' id='word_1_431' title='bbox 2424 2911 2652 2964; x_wconf 81' lang='lat' dir='ltr'><strong>infantia</strong></span> <span class='ocrx_word' id='word_1_432' title='bbox 2682 2926 2857 2979; x_wconf 82' lang='lat' dir='ltr'><strong>usque</strong></span> <span class='ocrx_word' id='word_1_433' title='bbox 2886 2909 2951 2962; x_wconf 88' lang='lat' dir='ltr'><strong>ad</strong></span> <span class='ocrx_word' id='word_1_434' title='bbox 2988 2907 3375 2978; x_wconf 80' lang='lat' dir='ltr'><strong>perfectionem</strong></span> <span class='ocrx_word' id='word_1_435' title='bbox 3403 2914 3455 2961; x_wconf 88' lang='lat' dir='ltr'><strong>et</strong></span> <span class='ocrx_word' id='word_1_436' title='bbox 3486 2920 3743 2960; x_wconf 85' lang='lat' dir='ltr'><strong>consum-</strong></span> 
     </span>
    </p>
   </div>
   <div class='ocr_carea' id='block_1_61' title="bbox 2166 2997 3743 3065">
    <p class='ocr_par' dir='ltr' id='par_1_61' title="bbox 2166 2997 3743 3065">
     <span class='ocr_line' id='line_1_61' title="bbox 2166 2997 3743 3065; baseline -0.004 -9"><span class='ocrx_word' id='word_1_437' title='bbox 2166 3004 2464 3056; x_wconf 86' lang='lat' dir='ltr'><strong>mationem</strong></span> <span class='ocrx_word' id='word_1_438' title='bbox 2496 3002 2820 3061; x_wconf 86' lang='lat' dir='ltr'><strong>innutritus,</strong></span> <span class='ocrx_word' id='word_1_439' title='bbox 2850 3014 2954 3053; x_wconf 85' lang='lat' dir='ltr'><strong>una</strong></span> <span class='ocrx_word' id='word_1_440' title='bbox 2998 3000 3204 3063; x_wconf 71' lang='lat' dir='ltr'><strong>erexit,</strong></span> <span class='ocrx_word' id='word_1_441' title='bbox 3256 2998 3311 3052; x_wconf 90' lang='lat' dir='ltr'><strong>in</strong></span> <span class='ocrx_word' id='word_1_442' title='bbox 3347 2997 3534 3051; x_wconf 90' lang='lat' dir='ltr'><strong>adulta</strong></span> <span class='ocrx_word' id='word_1_443' title='bbox 3579 3004 3743 3065; x_wconf 85' lang='lat' dir='ltr'><strong>atque</strong></span> 
     </span>
    </p>
   </div>
   <div class='ocr_carea' id='block_1_62' title="bbox 471 3087 2061 3189">
    <p class='ocr_par' dir='ltr' id='par_1_62' title="bbox 471 3088 2060 3167">
     <span class='ocr_line' id='line_1_62' title="bbox 471 3088 2060 3167; baseline 0.008 -29"><span class='ocrx_word' id='word_1_444' title='bbox 471 3089 596 3150; x_wconf 84' lang='grc' dir='ltr'>’τοῖς</span> <span class='ocrx_word' id='word_1_445' title='bbox 641 3088 1114 3160; x_wconf 81' lang='grc' dir='ltr'>ἀντιτεταγμένοις</span> <span class='ocrx_word' id='word_1_446' title='bbox 1157 3091 1348 3144; x_wconf 78' lang='grc' dir='ltr'>ἑαυτὸν</span> <span class='ocrx_word' id='word_1_447' title='bbox 1389 3092 1744 3159; x_wconf 79' lang='grc' dir='ltr'>ἀνθοπλίζων,</span> <span class='ocrx_word' id='word_1_448' title='bbox 1778 3095 2060 3167; x_wconf 75' lang='grc' dir='ltr'>ὑπεραίρει</span> 
     </span>
    </p>
   </div>
   <div class='ocr_carea' id='block_1_63' title="bbox 2164 3087 3740 3189">
    <p class='ocr_par' dir='ltr' id='par_1_63' title="bbox 2164 3087 3740 3153">
     <span class='ocr_line' id='line_1_63' title="bbox 2164 3087 3740 3153; baseline -0.005 -4"><span class='ocrx_word' id='word_1_449' title='bbox 2164 3095 2488 3149; x_wconf 79' lang='lat' dir='ltr'><strong>conﬁrmata</strong></span> <span class='ocrx_word' id='word_1_450' title='bbox 2520 3100 2679 3146; x_wconf 65' lang='lat' dir='ltr'><strong>aetate</strong></span> <span class='ocrx_word' id='word_1_451' title='bbox 2727 3107 2834 3146; x_wconf 84' lang='lat' dir='ltr'><strong>uua</strong></span> <span class='ocrx_word' id='word_1_452' title='bbox 2884 3102 3135 3145; x_wconf 82' lang='lat' dir='ltr'><strong>versatus</strong></span> <span class='ocrx_word' id='word_1_453' title='bbox 3181 3100 3285 3153; x_wconf 81' lang='lat' dir='ltr'><strong>est,</strong></span> <span class='ocrx_word' id='word_1_454' title='bbox 3347 3088 3493 3142; x_wconf 90' lang='lat' dir='ltr'><strong>unde</strong></span> <span class='ocrx_word' id='word_1_455' title='bbox 3532 3087 3740 3141; x_wconf 83' lang='lat' dir='ltr'><strong>docens</strong></span> 
     </span>
    </p>
   </div>
   <div class='ocr_carea' id='block_1_64' title="bbox 480 3176 2062 3259">
    <p class='ocr_par' dir='ltr' id='par_1_64' title="bbox 480 3176 2062 3259">
     <span class='ocr_line' id='line_1_64' title="bbox 480 3176 2062 3259; baseline 0.009 -31"><span class='ocrx_word' id='word_1_456' title='bbox 480 3176 552 3229; x_wconf 77' lang='grc' dir='ltr'>δι’</span> <span class='ocrx_word' id='word_1_457' title='bbox 600 3178 923 3248; x_wconf 74' lang='grc' dir='ltr'>ἀμφοτέρων</span> <span class='ocrx_word' id='word_1_458' title='bbox 964 3180 1090 3243; x_wconf 73' lang='grc' dir='ltr'>τοὺς</span> <span class='ocrx_word' id='word_1_459' title='bbox 1137 3183 1622 3251; x_wconf 85' lang='grc' dir='ltr'>προσπαλαίοντας.</span> <span class='ocrx_word' id='word_1_460' title='bbox 1680 3186 1960 3259; x_wconf 81' lang='grc' dir='ltr'>ὑπερέχων</span> <span class='ocrx_word' id='word_1_461' title='bbox 2004 3192 2062 3243; x_wconf 81' lang='grc' dir='ltr'>ὲν</span> 
     </span>
    </p>
   </div>
   <div class='ocr_carea' id='block_1_65' title="bbox 484 3268 2067 3351">
    <p class='ocr_par' dir='ltr' id='par_1_65' title="bbox 484 3268 2067 3351">
     <span class='ocr_line' id='line_1_65' title="bbox 484 3268 2067 3351; baseline 0.012 -33"><span class='ocrx_word' id='word_1_462' title='bbox 484 3268 733 3339; x_wconf 77' lang='grc' dir='ltr'>ἑκατέρῳ</span> <span class='ocrx_word' id='word_1_463' title='bbox 778 3272 904 3334; x_wconf 80' lang='grc' dir='ltr'>τοὺς</span> <span class='ocrx_word' id='word_1_464' title='bbox 940 3273 998 3325; x_wconf 83' lang='grc' dir='ltr'>ὲν</span> <span class='ocrx_word' id='word_1_465' title='bbox 1051 3272 1261 3344; x_wconf 83' lang='grc' dir='ltr'>θατέρῳ</span> <span class='ocrx_word' id='word_1_466' title='bbox 1304 3275 1426 3329; x_wconf 84' lang='grc' dir='ltr'>τινὰ</span> <span class='ocrx_word' id='word_1_467' title='bbox 1481 3278 1623 3331; x_wconf 84' lang='grc' dir='ltr'>κατὰ</span> <span class='ocrx_word' id='word_1_468' title='bbox 1668 3279 1767 3348; x_wconf 82' lang='grc' dir='ltr'>τῆς</span> <span class='ocrx_word' id='word_1_469' title='bbox 1810 3281 2067 3351; x_wconf 85' lang='grc' dir='ltr'>ἀληθείας</span> 
     </span>
    </p>
   </div>
   <div class='ocr_carea' id='block_1_66' title="bbox 486 3361 2067 3442">
    <p class='ocr_par' dir='ltr' id='par_1_66' title="bbox 486 3361 2067 3442">
     <span class='ocr_line' id='line_1_66' title="bbox 486 3361 2067 3442; baseline 0.011 -31"><span class='ocrx_word' id='word_1_470' title='bbox 486 3361 642 3430; x_wconf 72' lang='grc' dir='ltr'>ἰσχὺν</span> <span class='ocrx_word' id='word_1_471' title='bbox 686 3361 830 3432; x_wconf 75' lang='grc' dir='ltr'>ἔχειν</span> <span class='ocrx_word' id='word_1_472' title='bbox 880 3363 1217 3433; x_wconf 82' lang='grc' dir='ltr'>νομίζοντας,</span> <span class='ocrx_word' id='word_1_473' title='bbox 1250 3368 1378 3431; x_wconf 74' lang='grc' dir='ltr'>τοὺς</span> <span class='ocrx_word' id='word_1_474' title='bbox 1421 3368 1522 3439; x_wconf 82' lang='grc' dir='ltr'>μὲν</span> <span class='ocrx_word' id='word_1_475' title='bbox 1568 3372 1631 3423; x_wconf 79' lang='grc' dir='ltr'>ἐκ</span> <span class='ocrx_word' id='word_1_476' title='bbox 1661 3372 1758 3442; x_wconf 84' lang='grc' dir='ltr'><strong>τῆς</strong></span> <span class='ocrx_word' id='word_1_477' title='bbox 1804 3374 2067 3441; x_wconf 72' lang='grc' dir='ltr'>αἱρέσεως</span> 
     </span>
    </p>
   </div>
   <div class='ocr_carea' id='block_1_67' title="bbox 482 3452 2066 3538">
    <p class='ocr_par' dir='ltr' id='par_1_67' title="bbox 482 3452 2066 3538">
     <span class='ocr_line' id='line_1_67' title="bbox 482 3452 2066 3538; baseline 0.01 -35"><span class='ocrx_word' id='word_1_478' title='bbox 482 3452 584 3515; x_wconf 70' lang='grc' dir='ltr'><strong>τὰς</strong></span> <span class='ocrx_word' id='word_1_479' title='bbox 612 3452 835 3524; x_wconf 80' lang='grc' dir='ltr'>Γραφάς</span> <span class='ocrx_word' id='word_1_480' title='bbox 867 3455 1354 3525; x_wconf 78' lang='grc' dir='ltr'>προϐαλλομένους,</span> <span class='ocrx_word' id='word_1_481' title='bbox 1400 3462 1519 3525; x_wconf 76' lang='grc' dir='ltr'>ταῖς</span> <span class='ocrx_word' id='word_1_482' title='bbox 1561 3462 1801 3534; x_wconf 74' lang='grc' dir='ltr'>Γραφαϊς</span> <span class='ocrx_word' id='word_1_483' title='bbox 1834 3466 2066 3538; x_wconf 67' lang='grc' dir='ltr'>ἀνατρέ-</span> 
     </span>
    </p>
   </div>
   <div class='ocr_carea' id='block_1_68' title="bbox 488 3545 2060 3626">
    <p class='ocr_par' dir='ltr' id='par_1_68' title="bbox 488 3545 2060 3626">
     <span class='ocr_line' id='line_1_68' title="bbox 488 3545 2060 3626; baseline 0.011 -32"><span class='ocrx_word' id='word_1_484' title='bbox 488 3560 603 3595; x_wconf 86' lang='grc' dir='ltr'><strong>πων</strong></span> <span class='ocrx_word' id='word_1_485' title='bbox 623 3583 639 3607; x_wconf 90' lang='grc'><strong>,</strong></span> <span class='ocrx_word' id='word_1_486' title='bbox 672 3545 939 3616; x_wconf 82' lang='grc' dir='ltr'>’Έλληνας</span> <span class='ocrx_word' id='word_1_487' title='bbox 965 3547 1021 3599; x_wconf 81' lang='grc' dir='ltr'>δὲ</span> <span class='ocrx_word' id='word_1_488' title='bbox 1064 3547 1153 3601; x_wconf 82' lang='grc' dir='ltr'><strong>διά</strong></span> <span class='ocrx_word' id='word_1_489' title='bbox 1196 3550 1293 3620; x_wconf 82' lang='grc' dir='ltr'>τῆς</span> <span class='ocrx_word' id='word_1_490' title='bbox 1341 3550 1475 3613; x_wconf 88' lang='grc' dir='ltr'>ἰδίας</span> <span class='ocrx_word' id='word_1_491' title='bbox 1508 3553 1686 3607; x_wconf 83' lang='grc' dir='ltr'>αὐτῶν</span> <span class='ocrx_word' id='word_1_492' title='bbox 1717 3556 2060 3626; x_wconf 76' lang='grc' dir='ltr'>συμποδίζων</span> 
     </span>
    </p>
   </div>
   <div class='ocr_carea' id='block_1_69' title="bbox 487 3632 2055 3719">
    <p class='ocr_par' dir='ltr' id='par_1_69' title="bbox 487 3632 2055 3719">
     <span class='ocr_line' id='line_1_69' title="bbox 487 3632 2055 3719; baseline 0.013 -36"><span class='ocrx_word' id='word_1_493' title='bbox 487 3632 836 3698; x_wconf 81' lang='grc' dir='ltr'>παιδεύσεως.</span> <span class='ocrx_word' id='word_1_494' title='bbox 903 3637 967 3689; x_wconf 83' lang='grc' dir='ltr'><strong>Ἦ</strong></span> <span class='ocrx_word' id='word_1_495' title='bbox 1014 3637 1071 3691; x_wconf 80' lang='grc' dir='ltr'>δὲ</span> <span class='ocrx_word' id='word_1_496' title='bbox 1119 3640 1258 3695; x_wconf 87' lang='grc' dir='ltr'><strong>κατά</strong></span> <span class='ocrx_word' id='word_1_497' title='bbox 1328 3642 1438 3696; x_wconf 83' lang='grc' dir='ltr'><strong>τῶν</strong></span> <span class='ocrx_word' id='word_1_498' title='bbox 1478 3645 1786 3700; x_wconf 82' lang='grc' dir='ltr'>ἀντιπάλων</span> <span class='ocrx_word' id='word_1_499' title='bbox 1818 3649 1939 3719; x_wconf 88' lang='grc' dir='ltr'>νίκη</span> <span class='ocrx_word' id='word_1_500' title='bbox 1996 3650 2055 3704; x_wconf 82' lang='grc' dir='ltr'><strong>οὐ</strong></span> 
     </span>
    </p>
   </div>
   <div class='ocr_carea' id='block_1_70' title="bbox 487 3725 2057 3803">
    <p class='ocr_par' dir='ltr' id='par_1_70' title="bbox 487 3725 2057 3803">
     <span class='ocr_line' id='line_1_70' title="bbox 487 3725 2057 3803; baseline 0.014 -28"><span class='ocrx_word' id='word_1_501' title='bbox 487 3725 695 3778; x_wconf 81' lang='grc' dir='ltr'>πτῶσιν</span> <span class='ocrx_word' id='word_1_502' title='bbox 740 3727 911 3782; x_wconf 77' lang='grc' dir='ltr'>ἐποίει</span> <span class='ocrx_word' id='word_1_503' title='bbox 950 3729 1059 3782; x_wconf 85' lang='grc' dir='ltr'><strong>τῶν</strong></span> <span class='ocrx_word' id='word_1_504' title='bbox 1091 3734 1430 3803; x_wconf 82' lang='grc' dir='ltr'>ἡττημένων,</span> <span class='ocrx_word' id='word_1_505' title='bbox 1477 3737 1592 3790; x_wconf 83' lang='grc' dir='ltr'>ἀλλ’</span> <span class='ocrx_word' id='word_1_506' title='bbox 1626 3739 1939 3796; x_wconf 80' lang='grc' dir='ltr'>ἀνάστασιν.</span> <span class='ocrx_word' id='word_1_507' title='bbox 1993 3744 2057 3797; x_wconf 80' lang='grc' dir='ltr'><strong>οι</strong></span> 
     </span>
    </p>
   </div>
   <div class='ocr_carea' id='block_1_71' title="bbox 482 3819 2059 3900">
    <p class='ocr_par' dir='ltr' id='par_1_71' title="bbox 482 3819 2059 3900">
     <span class='ocr_line' id='line_1_71' title="bbox 482 3819 2059 3900; baseline 0.011 -30"><span class='ocrx_word' id='word_1_508' title='bbox 482 3819 593 3890; x_wconf 75' lang='grc' dir='ltr'>γὰρ</span> <span class='ocrx_word' id='word_1_509' title='bbox 626 3820 926 3891; x_wconf 79' lang='grc' dir='ltr'>ἡττώμενοι</span> <span class='ocrx_word' id='word_1_510' title='bbox 955 3823 1051 3892; x_wconf 76' lang='grc' dir='ltr'>τῆς</span> <span class='ocrx_word' id='word_1_511' title='bbox 1077 3823 1353 3895; x_wconf 82' lang='grc' dir='ltr'>ἀληθεῖας,</span> <span class='ocrx_word' id='word_1_512' title='bbox 1379 3829 1597 3898; x_wconf 64' lang='grc' dir='ltr'>νικηταλ.</span> <span class='ocrx_word' id='word_1_513' title='bbox 1622 3830 1713 3884; x_wconf 76' lang='grc' dir='ltr'><strong>καὶ</strong></span> <span class='ocrx_word' id='word_1_514' title='bbox 1748 3837 2059 3900; x_wconf 71' lang='grc' dir='ltr'>πεφανίται</span> 
     </span>
    </p>
   </div>
   <div class='ocr_carea' id='block_1_72' title="bbox 486 3909 1772 3986">
    <p class='ocr_par' dir='ltr' id='par_1_72' title="bbox 486 3909 1772 3986">
     <span class='ocr_line' id='line_1_72' title="bbox 486 3909 1772 3986; baseline 0.012 -26"><span class='ocrx_word' id='word_1_515' title='bbox 486 3909 623 3962; x_wconf 64' lang='grc' dir='ltr'>κατὰ</span> <span class='ocrx_word' id='word_1_516' title='bbox 653 3912 750 3979; x_wconf 80' lang='grc' dir='ltr'>τῆς</span> <span class='ocrx_word' id='word_1_517' title='bbox 784 3912 987 3982; x_wconf 81' lang='grc' dir='ltr'>πλάνης</span> <span class='ocrx_word' id='word_1_518' title='bbox 1015 3914 1108 3968; x_wconf 72' lang='grc' dir='ltr'><strong>καὶ</strong></span> <span class='ocrx_word' id='word_1_519' title='bbox 1144 3914 1235 3968; x_wconf 79' lang='grc' dir='ltr'>τοῦ</span> <span class='ocrx_word' id='word_1_520' title='bbox 1273 3915 1498 3985; x_wconf 69' lang='grc' dir='ltr'>ψεύδους</span> <span class='ocrx_word' id='word_1_521' title='bbox 1517 3920 1772 3986; x_wconf 81' lang='grc' dir='ltr'>ἐγίνοντο.</span> 
     </span>
    </p>
   </div>
   <div class='ocr_carea' id='block_1_73' title="bbox 2165 3181 3737 3249">
    <p class='ocr_par' dir='ltr' id='par_1_73' title="bbox 2165 3181 3737 3249">
     <span class='ocr_line' id='line_1_73' title="bbox 2165 3181 3737 3249; baseline -0.005 -10"><span class='ocrx_word' id='word_1_522' title='bbox 2165 3199 2379 3239; x_wconf 88' lang='lat' dir='ltr'><strong>onmem</strong></span> <span class='ocrx_word' id='word_1_523' title='bbox 2410 3183 2686 3237; x_wconf 76' lang='lat' dir='ltr'><strong>hominem</strong></span> <span class='ocrx_word' id='word_1_524' title='bbox 2733 3183 2787 3235; x_wconf 89' lang='lat' dir='ltr'><strong>in</strong></span> <span class='ocrx_word' id='word_1_525' title='bbox 2837 3181 2984 3233; x_wconf 85' lang='lat' dir='ltr'><strong>muni</strong></span> <span class='ocrx_word' id='word_1_526' title='bbox 3035 3181 3302 3249; x_wconf 87' lang='lat' dir='ltr'><strong>sapientia</strong></span> <span class='ocrx_word' id='word_1_527' title='bbox 3350 3189 3459 3233; x_wconf 91' lang='lat' dir='ltr'><strong>tam</strong></span> <span class='ocrx_word' id='word_1_528' title='bbox 3516 3188 3737 3232; x_wconf 77' lang='lat' dir='ltr'><strong>externa</strong></span> 
     </span>
    </p>
   </div>
   <div class='ocr_carea' id='block_1_74' title="bbox 2162 3272 3734 3349">
    <p class='ocr_par' dir='ltr' id='par_1_74' title="bbox 2162 3272 3734 3349">
     <span class='ocr_line' id='line_1_74' title="bbox 2162 3272 3734 3349; baseline -0.005 -18"><span class='ocrx_word' id='word_1_529' title='bbox 2162 3294 2325 3349; x_wconf 89' lang='lat' dir='ltr'><strong>quam</strong></span> <span class='ocrx_word' id='word_1_530' title='bbox 2362 3276 2570 3336; x_wconf 88' lang='lat' dir='ltr'><strong>divina,</strong></span> <span class='ocrx_word' id='word_1_531' title='bbox 2602 3275 2764 3328; x_wconf 82' lang='lat' dir='ltr'><strong>vclttti</strong></span> <span class='ocrx_word' id='word_1_532' title='bbox 2796 3274 2883 3327; x_wconf 77' lang='lat' dir='ltr'><strong>vir</strong></span> <span class='ocrx_word' id='word_1_533' title='bbox 2920 3273 3143 3343; x_wconf 85' lang='lat' dir='ltr'><strong>quidam</strong></span> <span class='ocrx_word' id='word_1_534' title='bbox 3195 3272 3351 3326; x_wconf 88' lang='lat' dir='ltr'><strong>fortis</strong></span> <span class='ocrx_word' id='word_1_535' title='bbox 3386 3282 3437 3325; x_wconf 90' lang='lat' dir='ltr'><strong>et</strong></span> <span class='ocrx_word' id='word_1_536' title='bbox 3473 3280 3734 3325; x_wconf 79' lang='lat' dir='ltr'><strong>strenuus</strong></span> 
     </span>
    </p>
   </div>
   <div class='ocr_carea' id='block_1_75' title="bbox 2161 3364 3735 3436">
    <p class='ocr_par' dir='ltr' id='par_1_75' title="bbox 2161 3364 3735 3436">
     <span class='ocr_line' id='line_1_75' title="bbox 2161 3364 3735 3436; baseline -0.008 -10"><span class='ocrx_word' id='word_1_537' title='bbox 2161 3371 2395 3426; x_wconf 76' lang='lat' dir='ltr'><strong>bellator</strong></span> <span class='ocrx_word' id='word_1_538' title='bbox 2429 3368 2792 3431; x_wconf 80' lang='lat' dir='ltr'><strong>ambidexter,</strong></span> <span class='ocrx_word' id='word_1_539' title='bbox 2823 3380 2921 3436; x_wconf 89' lang='lat' dir='ltr'><strong>per</strong></span> <span class='ocrx_word' id='word_1_540' title='bbox 2953 3375 3243 3434; x_wconf 84' lang='lat' dir='ltr'><strong>utramque</strong></span> <span class='ocrx_word' id='word_1_541' title='bbox 3268 3364 3632 3419; x_wconf 76' lang='lat' dir='ltr'><strong>eruditionem</strong></span> <span class='ocrx_word' id='word_1_542' title='bbox 3682 3364 3735 3415; x_wconf 91' lang='lat' dir='ltr'><strong>iu</strong></span> 
     </span>
    </p>
   </div>
   <div class='ocr_carea' id='block_1_76' title="bbox 2162 3456 3737 3527">
    <p class='ocr_par' dir='ltr' id='par_1_76' title="bbox 2162 3456 3737 3527">
     <span class='ocr_line' id='line_1_76' title="bbox 2162 3456 3737 3527; baseline -0.004 -12"><span class='ocrx_word' id='word_1_543' title='bbox 2162 3461 2507 3515; x_wconf 82' lang='lat' dir='ltr'><strong>adversarios</strong></span> <span class='ocrx_word' id='word_1_544' title='bbox 2539 3475 2660 3514; x_wconf 89' lang='lat' dir='ltr'><strong>sese</strong></span> <span class='ocrx_word' id='word_1_545' title='bbox 2684 3473 2929 3522; x_wconf 88' lang='lat' dir='ltr'><strong>armans,</strong></span> <span class='ocrx_word' id='word_1_546' title='bbox 2952 3471 3050 3527; x_wconf 89' lang='lat' dir='ltr'><strong>per</strong></span> <span class='ocrx_word' id='word_1_547' title='bbox 3078 3466 3366 3527; x_wconf 90' lang='lat' dir='ltr'><strong>utramque</strong></span> <span class='ocrx_word' id='word_1_548' title='bbox 3390 3456 3737 3525; x_wconf 85' lang='lat' dir='ltr'><strong>disciplinam</strong></span> 
     </span>
    </p>
   </div>
   <div class='ocr_carea' id='block_1_77' title="bbox 2158 3550 3741 3620">
    <p class='ocr_par' dir='ltr' id='par_1_77' title="bbox 2158 3550 3741 3620">
     <span class='ocr_line' id='line_1_77' title="bbox 2158 3550 3741 3620; baseline -0.004 -12"><span class='ocrx_word' id='word_1_549' title='bbox 2158 3555 2337 3608; x_wconf 77' lang='lat' dir='ltr'><strong>vincit</strong></span> <span class='ocrx_word' id='word_1_550' title='bbox 2366 3553 2722 3612; x_wconf 83' lang='lat' dir='ltr'><strong>reluctantes.</strong></span> <span class='ocrx_word' id='word_1_551' title='bbox 2748 3560 2979 3620; x_wconf 75' lang='lat' dir='ltr'><strong>utraque</strong></span> <span class='ocrx_word' id='word_1_552' title='bbox 3021 3557 3299 3603; x_wconf 84' lang='lat' dir='ltr'><strong>armatura</strong></span> <span class='ocrx_word' id='word_1_553' title='bbox 3332 3550 3646 3619; x_wconf 69' lang='lat' dir='ltr'><strong>przecedens</strong></span> <span class='ocrx_word' id='word_1_554' title='bbox 3687 3556 3741 3601; x_wconf 84' lang='lat' dir='ltr'><strong>et</strong></span> 
     </span>
    </p>
   </div>
   <div class='ocr_carea' id='block_1_78' title="bbox 2166 3642 3739 3715">
    <p class='ocr_par' dir='ltr' id='par_1_78' title="bbox 2166 3642 3739 3715">
     <span class='ocr_line' id='line_1_78' title="bbox 2166 3642 3739 3715; baseline -0.004 -14"><span class='ocrx_word' id='word_1_555' title='bbox 2166 3661 2435 3715; x_wconf 76' lang='lat' dir='ltr'><strong>superans</strong></span> <span class='ocrx_word' id='word_1_556' title='bbox 2455 3659 2571 3705; x_wconf 84' lang='lat' dir='ltr'><strong>eos,</strong></span> <span class='ocrx_word' id='word_1_557' title='bbox 2594 3644 2685 3714; x_wconf 90' lang='lat' dir='ltr'><strong>qui</strong></span> <span class='ocrx_word' id='word_1_558' title='bbox 2715 3660 2810 3713; x_wconf 89' lang='lat' dir='ltr'><strong>per</strong></span> <span class='ocrx_word' id='word_1_559' title='bbox 2830 3644 3147 3697; x_wconf 81' lang='lat' dir='ltr'><strong>alterutram</strong></span> <span class='ocrx_word' id='word_1_560' title='bbox 3169 3644 3433 3697; x_wconf 82' lang='lat' dir='ltr'><strong>adversus</strong></span> <span class='ocrx_word' id='word_1_561' title='bbox 3458 3642 3739 3695; x_wconf 76' lang='lat' dir='ltr'><strong>veritatem</strong></span> 
     </span>
    </p>
   </div>
   <div class='ocr_carea' id='block_1_79' title="bbox 2166 3732 3739 3809">
    <p class='ocr_par' dir='ltr' id='par_1_79' title="bbox 2166 3732 3739 3809">
     <span class='ocr_line' id='line_1_79' title="bbox 2166 3732 3739 3809; baseline -0.004 -17"><span class='ocrx_word' id='word_1_562' title='bbox 2166 3740 2381 3809; x_wconf 84' lang='lat' dir='ltr'><strong>aliquas</strong></span> <span class='ocrx_word' id='word_1_563' title='bbox 2410 3737 2555 3791; x_wconf 88' lang='lat' dir='ltr'><strong>vires</strong></span> <span class='ocrx_word' id='word_1_564' title='bbox 2577 3735 2779 3790; x_wconf 87' lang='lat' dir='ltr'><strong>habere</strong></span> <span class='ocrx_word' id='word_1_565' title='bbox 2809 3750 2867 3790; x_wconf 92' lang='lat' dir='ltr'><strong>se</strong></span> <span class='ocrx_word' id='word_1_566' title='bbox 2904 3735 3202 3804; x_wconf 88' lang='lat' dir='ltr'><strong>putabant,</strong></span> <span class='ocrx_word' id='word_1_567' title='bbox 3249 3749 3346 3789; x_wconf 88' lang='lat' dir='ltr'><strong>eos</strong></span> <span class='ocrx_word' id='word_1_568' title='bbox 3380 3733 3599 3804; x_wconf 78' lang='lat' dir='ltr'><strong>quidem</strong></span> <span class='ocrx_word' id='word_1_569' title='bbox 3644 3732 3739 3802; x_wconf 92' lang='lat' dir='ltr'><strong>qui</strong></span> 
     </span>
    </p>
   </div>
   <div class='ocr_carea' id='block_1_80' title="bbox 2167 3829 3736 3897">
    <p class='ocr_par' dir='ltr' id='par_1_80' title="bbox 2167 3829 3736 3897">
     <span class='ocr_line' id='line_1_80' title="bbox 2167 3829 3736 3897; baseline -0.004 -12"><span class='ocrx_word' id='word_1_570' title='bbox 2167 3832 2234 3885; x_wconf 83' lang='lat' dir='ltr'><strong>de</strong></span> <span class='ocrx_word' id='word_1_571' title='bbox 2281 3831 2663 3883; x_wconf 76' lang='lat' dir='ltr'><strong>ltzeretirormn</strong></span> <span class='ocrx_word' id='word_1_572' title='bbox 2712 3829 2982 3883; x_wconf 87' lang='lat' dir='ltr'><strong>sententia</strong></span> <span class='ocrx_word' id='word_1_573' title='bbox 3038 3829 3342 3897; x_wconf 85' lang='lat' dir='ltr'><strong>scripturas</strong></span> <span class='ocrx_word' id='word_1_574' title='bbox 3393 3829 3736 3897; x_wconf 81' lang='lat' dir='ltr'><strong>proterrent,</strong></span> 
     </span>
    </p>
   </div>
   <div class='ocr_carea' id='block_1_81' title="bbox 2170 3918 3739 3990">
    <p class='ocr_par' dir='ltr' id='par_1_81' title="bbox 2170 3918 3739 3990">
     <span class='ocr_line' id='line_1_81' title="bbox 2170 3918 3739 3990; baseline -0.006 -12"><span class='ocrx_word' id='word_1_575' title='bbox 2170 3923 2474 3990; x_wconf 75' lang='lat' dir='ltr'><strong>Scrip&#39;uris</strong></span> <span class='ocrx_word' id='word_1_576' title='bbox 2511 3929 2761 3975; x_wconf 88' lang='lat' dir='ltr'><strong>evertens</strong></span> <span class='ocrx_word' id='word_1_577' title='bbox 2818 3927 2981 3989; x_wconf 85' lang='lat' dir='ltr'><strong>atque</strong></span> <span class='ocrx_word' id='word_1_578' title='bbox 3015 3919 3346 3984; x_wconf 90' lang='lat' dir='ltr'><strong>confutans,</strong></span> <span class='ocrx_word' id='word_1_579' title='bbox 3387 3918 3609 3973; x_wconf 59' lang='lat' dir='ltr'><strong>Graecos</strong></span> <span class='ocrx_word' id='word_1_580' title='bbox 3639 3932 3739 3970; x_wconf 87' lang='lat' dir='ltr'><strong>au-</strong></span> 
     </span>
    </p>
   </div>
   <div class='ocr_carea' id='block_1_82' title="bbox 488 4003 3740 4090">
    <p class='ocr_par' dir='ltr' id='par_1_82' title="bbox 488 4003 3740 4090">
     <span class='ocr_line' id='line_1_82' title="bbox 488 4003 3740 4090; baseline 0.003 -36"><span class='ocrx_word' id='word_1_581' title='bbox 488 4011 593 4052; x_wconf 81' lang='lat' dir='ltr'><strong>tem</strong></span> <span class='ocrx_word' id='word_1_582' title='bbox 621 4019 683 4056; x_wconf 90' lang='lat' dir='ltr'><strong>ac</strong></span> <span class='ocrx_word' id='word_1_583' title='bbox 713 4003 942 4070; x_wconf 85' lang='lat' dir='ltr'><strong>gentiles</strong></span> <span class='ocrx_word' id='word_1_584' title='bbox 996 4020 1090 4074; x_wconf 88' lang='lat' dir='ltr'><strong>per</strong></span> <span class='ocrx_word' id='word_1_585' title='bbox 1124 4021 1277 4061; x_wconf 78' lang='lat' dir='ltr'><strong>suam</strong></span> <span class='ocrx_word' id='word_1_586' title='bbox 1320 4009 1561 4077; x_wconf 89' lang='lat' dir='ltr'><strong>ipsorum</strong></span> <span class='ocrx_word' id='word_1_587' title='bbox 1596 4013 1848 4073; x_wconf 88' lang='lat' dir='ltr'><strong>irretiens</strong></span> <span class='ocrx_word' id='word_1_588' title='bbox 1880 4028 2041 4090; x_wconf 86' lang='lat' dir='ltr'><strong>atque</strong></span> <span class='ocrx_word' id='word_1_589' title='bbox 2075 4021 2380 4089; x_wconf 86' lang='lat' dir='ltr'><strong>illaqueans</strong></span> <span class='ocrx_word' id='word_1_590' title='bbox 2427 4014 2817 4069; x_wconf 88' lang='lat' dir='ltr'><strong>eruditionem.</strong></span> <span class='ocrx_word' id='word_1_591' title='bbox 2872 4010 2981 4065; x_wconf 89' lang='lat' dir='ltr'><strong>Sed</strong></span> <span class='ocrx_word' id='word_1_592' title='bbox 3031 4011 3262 4065; x_wconf 81' lang='lat' dir='ltr'><strong>victoria</strong></span> <span class='ocrx_word' id='word_1_593' title='bbox 3302 4011 3367 4065; x_wconf 92' lang='lat' dir='ltr'><strong>de</strong></span> <span class='ocrx_word' id='word_1_594' title='bbox 3408 4010 3740 4065; x_wconf 83' lang='lat' dir='ltr'><strong>adversariis</strong></span> 
     </span>
    </p>
   </div>
   <div class='ocr_carea' id='block_1_83' title="bbox 490 4093 3741 4177">
    <p class='ocr_par' dir='ltr' id='par_1_83' title="bbox 490 4093 3741 4177">
     <span class='ocr_line' id='line_1_83' title="bbox 490 4093 3741 4177; baseline 0.004 -34"><span class='ocrx_word' id='word_1_595' title='bbox 490 4106 595 4145; x_wconf 91' lang='lat' dir='ltr'><strong>nou</strong></span> <span class='ocrx_word' id='word_1_596' title='bbox 646 4093 857 4146; x_wconf 89' lang='lat' dir='ltr'><strong>ruinam</strong></span> <span class='ocrx_word' id='word_1_597' title='bbox 898 4095 985 4157; x_wconf 90' lang='lat' dir='ltr'><strong>iis,</strong></span> <span class='ocrx_word' id='word_1_598' title='bbox 1025 4096 1118 4165; x_wconf 89' lang='lat' dir='ltr'><strong>qui</strong></span> <span class='ocrx_word' id='word_1_599' title='bbox 1165 4098 1293 4153; x_wconf 86' lang='lat' dir='ltr'><strong>victi</strong></span> <span class='ocrx_word' id='word_1_600' title='bbox 1343 4108 1548 4167; x_wconf 85' lang='lat' dir='ltr'><strong>essent,</strong></span> <span class='ocrx_word' id='word_1_601' title='bbox 1607 4104 1904 4177; x_wconf 83' lang='lat' dir='ltr'><strong>afferebat,</strong></span> <span class='ocrx_word' id='word_1_602' title='bbox 1966 4112 2062 4168; x_wconf 89' lang='lat' dir='ltr'><strong>sed</strong></span> <span class='ocrx_word' id='word_1_603' title='bbox 2104 4108 2583 4166; x_wconf 83' lang='lat' dir='ltr'><strong>resurrectionem.</strong></span> <span class='ocrx_word' id='word_1_604' title='bbox 2657 4104 2761 4170; x_wconf 88' lang='lat' dir='ltr'><strong>Qui</strong></span> <span class='ocrx_word' id='word_1_605' title='bbox 2815 4104 2961 4158; x_wconf 90' lang='lat' dir='ltr'><strong>enim</strong></span> <span class='ocrx_word' id='word_1_606' title='bbox 3028 4104 3241 4158; x_wconf 86' lang='lat' dir='ltr'><strong>veritati</strong></span> <span class='ocrx_word' id='word_1_607' title='bbox 3313 4103 3741 4159; x_wconf 85' lang='lat' dir='ltr'><strong>succumbebant</strong></span> 
     </span>
    </p>
   </div>
   <div class='ocr_carea' id='block_1_84' title="bbox 487 4185 2414 4266">
    <p class='ocr_par' dir='ltr' id='par_1_84' title="bbox 487 4185 2414 4266">
     <span class='ocr_line' id='line_1_84' title="bbox 487 4185 2414 4266; baseline 0.007 -32"><span class='ocrx_word' id='word_1_608' title='bbox 487 4185 767 4238; x_wconf 74' lang='lat' dir='ltr'><strong>victoriam</strong></span> <span class='ocrx_word' id='word_1_609' title='bbox 825 4196 879 4239; x_wconf 83' lang='lat' dir='ltr'><strong>et</strong></span> <span class='ocrx_word' id='word_1_610' title='bbox 915 4203 1173 4242; x_wconf 77' lang='lat' dir='ltr'><strong>coronam</strong></span> <span class='ocrx_word' id='word_1_611' title='bbox 1213 4190 1281 4246; x_wconf 91' lang='lat' dir='ltr'><strong>de</strong></span> <span class='ocrx_word' id='word_1_612' title='bbox 1325 4207 1515 4249; x_wconf 88' lang='lat' dir='ltr'><strong>errore</strong></span> <span class='ocrx_word' id='word_1_613' title='bbox 1550 4203 1713 4266; x_wconf 85' lang='lat' dir='ltr'><strong>atque</strong></span> <span class='ocrx_word' id='word_1_614' title='bbox 1757 4203 2042 4258; x_wconf 73' lang='lat' dir='ltr'><strong>mendacio</strong></span> <span class='ocrx_word' id='word_1_615' title='bbox 2082 4201 2414 4258; x_wconf 74' lang='lat' dir='ltr'><strong>referebant.</strong></span> 
     </span>
    </p>
   </div>
   <div class='ocr_carea' id='block_1_85' title="bbox 556 4269 2062 4348">
    <p class='ocr_par' dir='ltr' id='par_1_85' title="bbox 556 4269 2062 4348">
     <span class='ocr_line' id='line_1_85' title="bbox 556 4269 2062 4348; baseline 0.015 -26"><span class='ocrx_word' id='word_1_616' title='bbox 556 4270 753 4323; x_wconf 78' lang='grc' dir='ltr'>Τοῦτον</span> <span class='ocrx_word' id='word_1_617' title='bbox 789 4269 882 4325; x_wconf 74' lang='grc' dir='ltr'><strong>οὖν</strong></span> <span class='ocrx_word' id='word_1_618' title='bbox 931 4274 1125 4345; x_wconf 81' lang='grc' dir='ltr'>ἔχομεν</span> <span class='ocrx_word' id='word_1_619' title='bbox 1159 4277 1252 4331; x_wconf 83' lang='grc' dir='ltr'>καὶ</span> <span class='ocrx_word' id='word_1_620' title='bbox 1299 4280 1458 4348; x_wconf 79' lang='grc' dir='ltr'>ἡμεῖς</span> <span class='ocrx_word' id='word_1_621' title='bbox 1487 4280 1583 4334; x_wconf 81' lang='grc' dir='ltr'>νῦν</span> <span class='ocrx_word' id='word_1_622' title='bbox 1626 4283 1717 4337; x_wconf 82' lang='grc' dir='ltr'><strong>τὸν</strong></span> <span class='ocrx_word' id='word_1_623' title='bbox 1756 4286 2062 4344; x_wconf 82' lang='grc' dir='ltr'>διατιθέντα</span> 
     </span>
    </p>
   </div>
   <div class='ocr_carea' id='block_1_86' title="bbox 484 4365 2063 4451">
    <p class='ocr_par' dir='ltr' id='par_1_86' title="bbox 484 4365 2063 4451">
     <span class='ocr_line' id='line_1_86' title="bbox 484 4365 2063 4451; baseline 0.013 -38"><span class='ocrx_word' id='word_1_624' title='bbox 484 4366 618 4433; x_wconf 71' lang='grc' dir='ltr'>ἡμῖν</span> <span class='ocrx_word' id='word_1_625' title='bbox 645 4365 741 4434; x_wconf 76' lang='grc' dir='ltr'><strong>τὴν</strong></span> <span class='ocrx_word' id='word_1_626' title='bbox 770 4366 1048 4436; x_wconf 80' lang='grc' dir='ltr'>παροῦσαν</span> <span class='ocrx_word' id='word_1_627' title='bbox 1075 4370 1399 4441; x_wconf 85' lang='grc' dir='ltr'>πανήγυριν,</span> <span class='ocrx_word' id='word_1_628' title='bbox 1422 4371 1513 4426; x_wconf 82' lang='grc' dir='ltr'><strong>τὸν</strong></span> <span class='ocrx_word' id='word_1_629' title='bbox 1537 4375 1756 4445; x_wconf 81' lang='grc' dir='ltr'>γνήσιον</span> <span class='ocrx_word' id='word_1_630' title='bbox 1780 4378 2063 4451; x_wconf 78' lang='grc' dir='ltr'>ὑποφήτην</span> 
     </span>
    </p>
   </div>
   <div class='ocr_carea' id='block_1_87' title="bbox 2240 4274 3742 4356">
    <p class='ocr_par' dir='ltr' id='par_1_87' title="bbox 2240 4274 3742 4356">
     <span class='ocr_line' id='line_1_87' title="bbox 2240 4274 3742 4356; baseline 0.002 -17"><span class='ocrx_word' id='word_1_631' title='bbox 2240 4286 2392 4339; x_wconf 92' lang='lat' dir='ltr'><strong>llunc</strong></span> <span class='ocrx_word' id='word_1_632' title='bbox 2425 4284 2589 4355; x_wconf 87' lang='lat' dir='ltr'><strong>igitur</strong></span> <span class='ocrx_word' id='word_1_633' title='bbox 2612 4274 2877 4338; x_wconf 84' lang='lat' dir='ltr'><strong>habemus</strong></span> <span class='ocrx_word' id='word_1_634' title='bbox 2909 4297 3057 4337; x_wconf 92' lang='lat' dir='ltr'><strong>nunc</strong></span> <span class='ocrx_word' id='word_1_635' title='bbox 3082 4283 3245 4337; x_wconf 89' lang='lat' dir='ltr'><strong>etiam</strong></span> <span class='ocrx_word' id='word_1_636' title='bbox 3289 4299 3413 4346; x_wconf 86' lang='lat' dir='ltr'><strong>nos,</strong></span> <span class='ocrx_word' id='word_1_637' title='bbox 3460 4285 3554 4356; x_wconf 90' lang='lat' dir='ltr'><strong>qui</strong></span> <span class='ocrx_word' id='word_1_638' title='bbox 3601 4301 3742 4342; x_wconf 89' lang='lat' dir='ltr'><strong>con-</strong></span> 
     </span>
    </p>
   </div>
   <div class='ocr_carea' id='block_1_88' title="bbox 2166 4374 3739 4445">
    <p class='ocr_par' dir='ltr' id='par_1_88' title="bbox 2166 4374 3739 4445">
     <span class='ocr_line' id='line_1_88' title="bbox 2166 4374 3739 4445; baseline 0.001 -14"><span class='ocrx_word' id='word_1_639' title='bbox 2166 4377 2358 4431; x_wconf 86' lang='lat' dir='ltr'><strong>stituat</strong></span> <span class='ocrx_word' id='word_1_640' title='bbox 2391 4374 2550 4429; x_wconf 91' lang='lat' dir='ltr'><strong>nobis</strong></span> <span class='ocrx_word' id='word_1_641' title='bbox 2574 4380 2897 4442; x_wconf 85' lang='lat' dir='ltr'><strong>praesentem</strong></span> <span class='ocrx_word' id='word_1_642' title='bbox 2932 4375 3330 4441; x_wconf 81' lang='lat' dir='ltr'><strong>celebritatem,</strong></span> <span class='ocrx_word' id='word_1_643' title='bbox 3354 4379 3649 4445; x_wconf 88' lang='lat' dir='ltr'><strong>genuinum</strong></span> <span class='ocrx_word' id='word_1_644' title='bbox 3685 4387 3739 4433; x_wconf 91' lang='lat' dir='ltr'><strong>et</strong></span> 
     </span>
    </p>
   </div>
   <div class='ocr_carea' id='block_1_89' title="bbox 486 4454 2061 4552">
    <p class='ocr_par' dir='ltr' id='par_1_89' title="bbox 486 4454 2059 4540">
     <span class='ocr_line' id='line_1_89' title="bbox 486 4454 2059 4540; baseline 0.011 -34"><span class='ocrx_word' id='word_1_645' title='bbox 486 4454 578 4506; x_wconf 82' lang='grc' dir='ltr'><strong>τού</strong></span> <span class='ocrx_word' id='word_1_646' title='bbox 600 4454 735 4507; x_wconf 86' lang='grc' dir='ltr'>Πνεύ</span> <span class='ocrx_word' id='word_1_647' title='bbox 745 4472 928 4525; x_wconf 85' lang='grc' dir='ltr'>ματος,</span> <span class='ocrx_word' id='word_1_648' title='bbox 950 4457 1041 4511; x_wconf 75' lang='grc' dir='ltr'>τὸν</span> <span class='ocrx_word' id='word_1_649' title='bbox 1060 4463 1304 4527; x_wconf 81' lang='grc' dir='ltr'>γενναῖον</span> <span class='ocrx_word' id='word_1_650' title='bbox 1324 4462 1418 4515; x_wconf 76' lang='grc' dir='ltr'><strong>τοῦ</strong></span> <span class='ocrx_word' id='word_1_651' title='bbox 1442 4462 1676 4534; x_wconf 75' lang='grc' dir='ltr'>Χριστοῦ</span> <span class='ocrx_word' id='word_1_652' title='bbox 1705 4469 2059 4540; x_wconf 82' lang='grc' dir='ltr'>στρατιώτην,</span> 
     </span>
    </p>
   </div>
   <div class='ocr_carea' id='block_1_90' title="bbox 2164 4454 3736 4552">
    <p class='ocr_par' dir='ltr' id='par_1_90' title="bbox 2166 4465 3736 4536">
     <span class='ocr_line' id='line_1_90' title="bbox 2166 4465 3736 4536; baseline 0 -15"><span class='ocrx_word' id='word_1_653' title='bbox 2166 4484 2353 4522; x_wconf 88' lang='lat' dir='ltr'><strong>verum</strong></span> <span class='ocrx_word' id='word_1_654' title='bbox 2380 4467 2691 4520; x_wconf 89' lang='lat' dir='ltr'><strong>ministrum</strong></span> <span class='ocrx_word' id='word_1_655' title='bbox 2719 4473 2771 4519; x_wconf 90' lang='lat' dir='ltr'><strong>et</strong></span> <span class='ocrx_word' id='word_1_656' title='bbox 2803 4465 3155 4535; x_wconf 87' lang='lat' dir='ltr'><strong>interpretem</strong></span> <span class='ocrx_word' id='word_1_657' title='bbox 3178 4466 3427 4536; x_wconf 91' lang='lat' dir='ltr'><strong>spiritus,</strong></span> <span class='ocrx_word' id='word_1_658' title='bbox 3452 4477 3736 4522; x_wconf 88' lang='lat' dir='ltr'><strong>strenuum</strong></span> 
     </span>
    </p>
   </div>
   <div class='ocr_carea' id='block_1_91' title="bbox 484 4544 2053 4629">
    <p class='ocr_par' dir='ltr' id='par_1_91' title="bbox 484 4544 2053 4629">
     <span class='ocr_line' id='line_1_91' title="bbox 484 4544 2053 4629; baseline 0.012 -34"><span class='ocrx_word' id='word_1_659' title='bbox 484 4544 575 4596; x_wconf 68' lang='grc' dir='ltr'>τὸν</span> <span class='ocrx_word' id='word_1_660' title='bbox 608 4545 985 4615; x_wconf 77' lang='grc' dir='ltr'>μεγαλόφωνον</span> <span class='ocrx_word' id='word_1_661' title='bbox 1011 4550 1227 4620; x_wconf 75' lang='grc' dir='ltr'>κήρυκα</span> <span class='ocrx_word' id='word_1_662' title='bbox 1257 4550 1350 4604; x_wconf 81' lang='grc' dir='ltr'>τοῦ</span> <span class='ocrx_word' id='word_1_663' title='bbox 1388 4554 1654 4626; x_wconf 87' lang='grc' dir='ltr'>σωτηρίου</span> <span class='ocrx_word' id='word_1_664' title='bbox 1683 4558 2053 4629; x_wconf 70' lang='grc' dir='ltr'>κηρύγματος,</span> 
     </span>
    </p>
   </div>
   <div class='ocr_carea' id='block_1_92' title="bbox 483 4635 2057 4725">
    <p class='ocr_par' dir='ltr' id='par_1_92' title="bbox 483 4635 2057 4725">
     <span class='ocr_line' id='line_1_92' title="bbox 483 4635 2057 4725; baseline 0.012 -39"><span class='ocrx_word' id='word_1_665' title='bbox 483 4635 575 4687; x_wconf 71' lang='grc' dir='ltr'>τὸν</span> <span class='ocrx_word' id='word_1_666' title='bbox 606 4637 909 4725; x_wconf 58' lang='grc' dir='ltr'>ἀγωνιστῄν</span> <span class='ocrx_word' id='word_1_667' title='bbox 944 4655 1003 4690; x_wconf 90' lang='grc' dir='ltr'><strong>τε</strong></span> <span class='ocrx_word' id='word_1_668' title='bbox 1051 4640 1145 4692; x_wconf 80' lang='grc' dir='ltr'><strong>καὶ</strong></span> <span class='ocrx_word' id='word_1_669' title='bbox 1178 4642 1462 4713; x_wconf 82' lang='grc' dir='ltr'>πρόμαχον</span> <span class='ocrx_word' id='word_1_670' title='bbox 1510 4646 1609 4716; x_wconf 85' lang='grc' dir='ltr'><strong>τῆς</strong></span> <span class='ocrx_word' id='word_1_671' title='bbox 1651 4647 1790 4719; x_wconf 84' lang='grc' dir='ltr'>ὑπὲρ</span> <span class='ocrx_word' id='word_1_672' title='bbox 1821 4651 2057 4720; x_wconf 81' lang='grc' dir='ltr'>Χριστοῦ</span> 
     </span>
    </p>
   </div>
   <div class='ocr_carea' id='block_1_93' title="bbox 488 4720 2059 4803">
    <p class='ocr_par' dir='ltr' id='par_1_93' title="bbox 488 4720 2059 4803">
     <span class='ocr_line' id='line_1_93' title="bbox 488 4720 2059 4803; baseline 0.011 -26"><span class='ocrx_word' id='word_1_673' title='bbox 488 4720 908 4796; x_wconf 65' lang='grc' dir='ltr'>παρρησίας”ᾧ</span> <span class='ocrx_word' id='word_1_674' title='bbox 940 4728 1009 4781; x_wconf 82' lang='grc' dir='ltr'><strong>τὰ</strong></span> <span class='ocrx_word' id='word_1_675' title='bbox 1039 4727 1263 4801; x_wconf 88' lang='grc' dir='ltr'>δεύτερα</span> <span class='ocrx_word' id='word_1_676' title='bbox 1298 4733 1435 4801; x_wconf 82' lang='grc' dir='ltr'><strong>μετά</strong></span> <span class='ocrx_word' id='word_1_677' title='bbox 1484 4735 1609 4798; x_wconf 83' lang='grc' dir='ltr'>τοὺς</span> <span class='ocrx_word' id='word_1_678' title='bbox 1658 4737 1985 4803; x_wconf 83' lang='grc' dir='ltr'>ἀποστόλους</span> <span class='ocrx_word' id='word_1_679' title='bbox 2030 4743 2059 4795; x_wconf 88' lang='grc' dir='ltr'><strong>ό</strong></span> 
     </span>
    </p>
   </div>
   <div class='ocr_carea' id='block_1_94' title="bbox 482 4814 2059 4898">
    <p class='ocr_par' dir='ltr' id='par_1_94' title="bbox 482 4814 2059 4898">
     <span class='ocr_line' id='line_1_94' title="bbox 482 4814 2059 4898; baseline 0.002 -20"><span class='ocrx_word' id='word_1_680' title='bbox 482 4815 673 4885; x_wconf 73' lang='grc' dir='ltr'>γρόνος</span> <span class='ocrx_word' id='word_1_681' title='bbox 717 4814 898 4869; x_wconf 81' lang='grc' dir='ltr'>δίδωσι</span> <span class='ocrx_word' id='word_1_682' title='bbox 950 4817 1127 4888; x_wconf 84' lang='grc' dir='ltr'>μόνον.</span> <span class='ocrx_word' id='word_1_683' title='bbox 1178 4820 1241 4871; x_wconf 80' lang='lat' dir='ltr'><strong>El</strong></span> <span class='ocrx_word' id='word_1_684' title='bbox 1301 4821 1409 4892; x_wconf 87' lang='grc' dir='ltr'>γὰρ</span> <span class='ocrx_word' id='word_1_685' title='bbox 1446 4823 1585 4877; x_wconf 74' lang='grc' dir='ltr'>κατὰ</span> <span class='ocrx_word' id='word_1_686' title='bbox 1622 4824 1717 4879; x_wconf 83' lang='grc' dir='ltr'><strong>τὸν</strong></span> <span class='ocrx_word' id='word_1_687' title='bbox 1767 4827 1929 4880; x_wconf 78' lang='grc' dir='ltr'>αὐτὸν</span> <span class='ocrx_word' id='word_1_688' title='bbox 1979 4828 2059 4898; x_wconf 86' lang='grc' dir='ltr'>τῷ</span> 
     </span>
    </p>
   </div>
   <div class='ocr_carea' id='block_1_95' title="bbox 481 4906 2055 4986">
    <p class='ocr_par' dir='ltr' id='par_1_95' title="bbox 481 4906 2055 4986">
     <span class='ocr_line' id='line_1_95' title="bbox 481 4906 2055 4986; baseline 0.009 -29"><span class='ocrx_word' id='word_1_689' title='bbox 481 4906 679 4977; x_wconf 81' lang='grc' dir='ltr'>Παύλῳ</span> <span class='ocrx_word' id='word_1_690' title='bbox 703 4906 893 4975; x_wconf 88' lang='grc' dir='ltr'>χρόνον</span> <span class='ocrx_word' id='word_1_691' title='bbox 942 4908 1201 4979; x_wconf 85' lang='grc' dir='ltr'>μετέσχεν</span> <span class='ocrx_word' id='word_1_692' title='bbox 1231 4909 1325 4963; x_wconf 81' lang='grc' dir='ltr'>τοῦ</span> <span class='ocrx_word' id='word_1_693' title='bbox 1346 4913 1684 4984; x_wconf 81' lang='grc' dir='ltr'>ἀνθρωπίνου</span> <span class='ocrx_word' id='word_1_694' title='bbox 1736 4916 1851 4986; x_wconf 83' lang='grc' dir='ltr'>βίου</span> <span class='ocrx_word' id='word_1_695' title='bbox 1894 4920 2055 4972; x_wconf 84' lang='grc' dir='ltr'>Βασί-</span> 
     </span>
    </p>
   </div>
   <div class='ocr_carea' id='block_1_96' title="bbox 480 4994 2063 5079">
    <p class='ocr_par' dir='ltr' id='par_1_96' title="bbox 480 4994 2063 5079">
     <span class='ocr_line' id='line_1_96' title="bbox 480 4994 2063 5079; baseline 0.01 -33"><span class='ocrx_word' id='word_1_696' title='bbox 480 4994 641 5059; x_wconf 82' lang='grc' dir='ltr'>λειος,</span> <span class='ocrx_word' id='word_1_697' title='bbox 682 4994 855 5061; x_wconf 76' lang='grc' dir='ltr'>οὕτως</span> <span class='ocrx_word' id='word_1_698' title='bbox 898 4996 964 5051; x_wconf 82' lang='grc' dir='ltr'>ἂν</span> <span class='ocrx_word' id='word_1_699' title='bbox 1008 4999 1226 5065; x_wconf 83' lang='grc' dir='ltr'>πάντως</span> <span class='ocrx_word' id='word_1_700' title='bbox 1270 5005 1582 5075; x_wconf 76' lang='grc' dir='ltr'>συνεγράφη</span> <span class='ocrx_word' id='word_1_701' title='bbox 1616 5006 1696 5076; x_wconf 85' lang='grc' dir='ltr'>τῷ</span> <span class='ocrx_word' id='word_1_702' title='bbox 1745 5008 1941 5079; x_wconf 81' lang='grc' dir='ltr'>Παύλῳ</span> <span class='ocrx_word' id='word_1_703' title='bbox 1986 5010 2063 5073; x_wconf 83' lang='grc' dir='ltr'>ὡς</span> 
     </span>
    </p>
   </div>
   <div class='ocr_carea' id='block_1_97' title="bbox 478 5086 2061 5168">
    <p class='ocr_par' dir='ltr' id='par_1_97' title="bbox 478 5086 2061 5168">
     <span class='ocr_line' id='line_1_97' title="bbox 478 5086 2061 5168; baseline 0.011 -32"><span class='ocrx_word' id='word_1_704' title='bbox 478 5086 765 5149; x_wconf 82' lang='grc' dir='ltr'>Σιλουανδς</span> <span class='ocrx_word' id='word_1_705' title='bbox 786 5088 879 5141; x_wconf 72' lang='grc' dir='ltr'><strong>καὶ</strong></span> <span class='ocrx_word' id='word_1_706' title='bbox 899 5088 1161 5159; x_wconf 83' lang='grc' dir='ltr'>Τιμόθεος</span> <span class='ocrx_word' id='word_1_707' title='bbox 1180 5106 1195 5120; x_wconf 89' lang='grc'><strong>·</strong></span> <span class='ocrx_word' id='word_1_708' title='bbox 1218 5091 1312 5145; x_wconf 80' lang='grc' dir='ltr'>καὶ</span> <span class='ocrx_word' id='word_1_709' title='bbox 1332 5093 1414 5145; x_wconf 87' lang='grc' dir='ltr'>ὅτι</span> <span class='ocrx_word' id='word_1_710' title='bbox 1433 5095 1531 5146; x_wconf 75' lang='grc' dir='ltr'><strong>οὐκ</strong></span> <span class='ocrx_word' id='word_1_711' title='bbox 1562 5095 1665 5160; x_wconf 73' lang='grc' dir='ltr'><strong>ἔξω</strong></span> <span class='ocrx_word' id='word_1_712' title='bbox 1685 5098 1784 5166; x_wconf 77' lang='grc' dir='ltr'><strong>τῆς</strong></span> <span class='ocrx_word' id='word_1_713' title='bbox 1808 5098 2061 5168; x_wconf 83' lang='grc' dir='ltr'>ἀληθείας</span> 
     </span>
    </p>
   </div>
   <div class='ocr_carea' id='block_1_98' title="bbox 483 5177 2061 5261">
    <p class='ocr_par' dir='ltr' id='par_1_98' title="bbox 483 5177 2061 5261">
     <span class='ocr_line' id='line_1_98' title="bbox 483 5177 2061 5261; baseline 0.008 -30"><span class='ocrx_word' id='word_1_714' title='bbox 483 5177 834 5249; x_wconf 74' lang='grc' dir='ltr'>στοχάζομαι,</span> <span class='ocrx_word' id='word_1_715' title='bbox 869 5180 1068 5233; x_wconf 71' lang='grc' dir='ltr'>οὑτωσὶ</span> <span class='ocrx_word' id='word_1_716' title='bbox 1091 5181 1183 5235; x_wconf 84' lang='grc' dir='ltr'>τὸν</span> <span class='ocrx_word' id='word_1_717' title='bbox 1214 5181 1371 5251; x_wconf 91' lang='grc' dir='ltr'>λόγον</span> <span class='ocrx_word' id='word_1_718' title='bbox 1415 5189 1837 5259; x_wconf 87' lang='grc' dir='ltr'>κατανοήσωμεν</span> <span class='ocrx_word' id='word_1_719' title='bbox 1863 5206 1876 5220; x_wconf 88' lang='grc'><strong>·</strong></span> <span class='ocrx_word' id='word_1_720' title='bbox 1914 5191 2061 5261; x_wconf 84' lang='grc' dir='ltr'>Παρ-</span> 
     </span>
    </p>
   </div>
   <div class='ocr_carea' id='block_1_99' title="bbox 481 5270 2054 5351">
    <p class='ocr_par' dir='ltr' id='par_1_99' title="bbox 481 5270 2054 5351">
     <span class='ocr_line' id='line_1_99' title="bbox 481 5270 2054 5351; baseline 0.009 -31"><span class='ocrx_word' id='word_1_721' title='bbox 481 5270 642 5322; x_wconf 75' lang='grc' dir='ltr'>είσθω</span> <span class='ocrx_word' id='word_1_722' title='bbox 698 5270 759 5324; x_wconf 79' lang='grc' dir='ltr'>τὸ</span> <span class='ocrx_word' id='word_1_723' title='bbox 812 5271 1161 5343; x_wconf 82' lang='grc' dir='ltr'>προτερεύειν</span> <span class='ocrx_word' id='word_1_724' title='bbox 1204 5274 1331 5337; x_wconf 80' lang='grc' dir='ltr'>τοὺς</span> <span class='ocrx_word' id='word_1_725' title='bbox 1377 5274 1563 5342; x_wconf 83' lang='grc' dir='ltr'>ἁγίους</span> <span class='ocrx_word' id='word_1_726' title='bbox 1607 5277 1686 5347; x_wconf 81' lang='grc' dir='ltr'>τῷ</span> <span class='ocrx_word' id='word_1_727' title='bbox 1730 5280 1924 5351; x_wconf 84' lang='grc' dir='ltr'>χρόνῳ.</span> <span class='ocrx_word' id='word_1_728' title='bbox 1990 5283 2054 5334; x_wconf 87' lang='grc' dir='ltr'><strong>Ἦ</strong></span> 
     </span>
    </p>
   </div>
   <div class='ocr_carea' id='block_1_100' title="bbox 481 5360 2052 5443">
    <p class='ocr_par' dir='ltr' id='par_1_100' title="bbox 481 5360 2052 5443">
     <span class='ocr_line' id='line_1_100' title="bbox 481 5360 2052 5443; baseline 0.008 -32"><span class='ocrx_word' id='word_1_729' title='bbox 481 5360 588 5429; x_wconf 73' lang='grc' dir='ltr'>γὰρ</span> <span class='ocrx_word' id='word_1_730' title='bbox 634 5362 727 5415; x_wconf 79' lang='grc' dir='ltr'>τοῦ</span> <span class='ocrx_word' id='word_1_731' title='bbox 778 5364 970 5433; x_wconf 86' lang='grc' dir='ltr'>χρόνου</span> <span class='ocrx_word' id='word_1_732' title='bbox 1026 5363 1188 5433; x_wconf 83' lang='grc' dir='ltr'>φύσις</span> <span class='ocrx_word' id='word_1_733' title='bbox 1223 5365 1281 5417; x_wconf 81' lang='grc' dir='ltr'>ἐν</span> <span class='ocrx_word' id='word_1_734' title='bbox 1328 5364 1406 5434; x_wconf 84' lang='grc' dir='ltr'>τῷ</span> <span class='ocrx_word' id='word_1_735' title='bbox 1446 5370 1796 5439; x_wconf 81' lang='grc' dir='ltr'>παρῳχηκότι</span> <span class='ocrx_word' id='word_1_736' title='bbox 1835 5372 1926 5424; x_wconf 76' lang='grc' dir='ltr'><strong>καὶ</strong></span> <span class='ocrx_word' id='word_1_737' title='bbox 1976 5372 2052 5443; x_wconf 80' lang='grc' dir='ltr'>τῷ</span> 
     </span>
    </p>
   </div>
   <div class='ocr_carea' id='block_1_101' title="bbox 485 5450 2049 5533">
    <p class='ocr_par' dir='ltr' id='par_1_101' title="bbox 485 5450 2049 5533">
     <span class='ocr_line' id='line_1_101' title="bbox 485 5450 2049 5533; baseline 0.011 -33"><span class='ocrx_word' id='word_1_738' title='bbox 485 5450 748 5517; x_wconf 78' lang='grc' dir='ltr'>μέλλοντι,</span> <span class='ocrx_word' id='word_1_739' title='bbox 800 5454 935 5524; x_wconf 76' lang='grc' dir='ltr'>πρὸς</span> <span class='ocrx_word' id='word_1_740' title='bbox 965 5455 1167 5526; x_wconf 80' lang='grc' dir='ltr'>ἀρετήν</span> <span class='ocrx_word' id='word_1_741' title='bbox 1205 5473 1261 5509; x_wconf 89' lang='grc' dir='ltr'><strong>τε</strong></span> <span class='ocrx_word' id='word_1_742' title='bbox 1308 5459 1401 5509; x_wconf 80' lang='grc' dir='ltr'><strong>καὶ</strong></span> <span class='ocrx_word' id='word_1_743' title='bbox 1450 5457 1644 5510; x_wconf 89' lang='grc' dir='ltr'>κακίαν</span> <span class='ocrx_word' id='word_1_744' title='bbox 1690 5461 1887 5529; x_wconf 76' lang='grc' dir='ltr'>ὁμοίως</span> <span class='ocrx_word' id='word_1_745' title='bbox 1920 5463 2049 5533; x_wconf 79' lang='grc' dir='ltr'>ἔχει,</span> 
     </span>
    </p>
   </div>
   <div class='ocr_carea' id='block_1_102' title="bbox 477 5538 2051 5625">
    <p class='ocr_par' dir='ltr' id='par_1_102' title="bbox 477 5538 2051 5625">
     <span class='ocr_line' id='line_1_102' title="bbox 477 5538 2051 5625; baseline 0.011 -32"><span class='ocrx_word' id='word_1_746' title='bbox 477 5538 604 5594; x_wconf 72' lang='grc' dir='ltr'>οὕτε</span> <span class='ocrx_word' id='word_1_747' title='bbox 628 5542 785 5596; x_wconf 75' lang='grc' dir='ltr'>τοῦτο</span> <span class='ocrx_word' id='word_1_748' title='bbox 810 5542 963 5611; x_wconf 78' lang='grc' dir='ltr'>οὖσα,</span> <span class='ocrx_word' id='word_1_749' title='bbox 994 5546 1117 5601; x_wconf 74' lang='grc' dir='ltr'>οὕτε</span> <span class='ocrx_word' id='word_1_750' title='bbox 1144 5547 1204 5601; x_wconf 77' lang='grc' dir='ltr'>τὸ</span> <span class='ocrx_word' id='word_1_751' title='bbox 1228 5548 1412 5619; x_wconf 83' lang='grc' dir='ltr'>ἓτερον</span> <span class='ocrx_word' id='word_1_752' title='bbox 1436 5564 1453 5581; x_wconf 76' lang='grc' dir='ltr'><strong><em>ο</em></strong></span> <span class='ocrx_word' id='word_1_753' title='bbox 1494 5549 1552 5602; x_wconf 79' lang='grc' dir='ltr'><strong>ἐν</strong></span> <span class='ocrx_word' id='word_1_754' title='bbox 1590 5553 1698 5621; x_wconf 71' lang='grc' dir='ltr'>γὰρ</span> <span class='ocrx_word' id='word_1_755' title='bbox 1741 5557 2051 5625; x_wconf 74' lang='grc' dir='ltr'>προαιρέτει</span> 
     </span>
    </p>
   </div>
   <div class='ocr_carea' id='block_1_103' title="bbox 559 5717 1541 5789">
    <p class='ocr_par' dir='ltr' id='par_1_103' title="bbox 559 5717 1541 5789">
     <span class='ocr_line' id='line_1_103' title="bbox 559 5717 1541 5789; baseline 0.006 -18"><span class='ocrx_word' id='word_1_756' title='bbox 559 5719 575 5751; x_wconf 85' lang='grc'>¹</span> <span class='ocrx_word' id='word_1_757' title='bbox 609 5717 629 5772; x_wconf 78' lang='grc' dir='ltr'><strong>ι</strong></span> <span class='ocrx_word' id='word_1_758' title='bbox 663 5719 791 5771; x_wconf 81' lang='lat' dir='ltr'><strong>Cor.</strong></span> <span class='ocrx_word' id='word_1_759' title='bbox 827 5736 923 5781; x_wconf 59' lang='grc' dir='ltr'>χιι,</span> <span class='ocrx_word' id='word_1_760' title='bbox 954 5721 1039 5775; x_wconf 74' lang='lat'><strong>9.8.</strong></span> <span class='ocrx_word' id='word_1_761' title='bbox 1123 5726 1139 5754; x_wconf 79' lang='lat'><strong>&#39;</strong></span> <span class='ocrx_word' id='word_1_762' title='bbox 1170 5723 1285 5777; x_wconf 68' lang='lat' dir='ltr'><strong>Act.</strong></span> <span class='ocrx_word' id='word_1_763' title='bbox 1325 5740 1419 5789; x_wconf 77' lang='lat' dir='ltr'><strong>\‘tt,</strong></span> <span class='ocrx_word' id='word_1_764' title='bbox 1452 5725 1541 5780; x_wconf 72' lang='grc'><strong>22.</strong></span> 
     </span>
    </p>
   </div>
   <div class='ocr_carea' id='block_1_104' title="bbox 2164 4558 3739 4618">
    <p class='ocr_par' dir='ltr' id='par_1_104' title="bbox 2164 4558 3739 4618">
     <span class='ocr_line' id='line_1_104' title="bbox 2164 4558 3739 4618; baseline 0.001 -5"><span class='ocrx_word' id='word_1_765' title='bbox 2164 4560 2368 4614; x_wconf 81' lang='lat' dir='ltr'><strong>Christi</strong></span> <span class='ocrx_word' id='word_1_766' title='bbox 2434 4558 2693 4618; x_wconf 89' lang='lat' dir='ltr'><strong>militem,</strong></span> <span class='ocrx_word' id='word_1_767' title='bbox 2756 4573 3018 4612; x_wconf 90' lang='lat' dir='ltr'><strong>sonorum</strong></span> <span class='ocrx_word' id='word_1_768' title='bbox 3073 4564 3127 4614; x_wconf 92' lang='lat' dir='ltr'><strong>et</strong></span> <span class='ocrx_word' id='word_1_769' title='bbox 3180 4559 3422 4613; x_wconf 89' lang='lat' dir='ltr'><strong>vocalem</strong></span> <span class='ocrx_word' id='word_1_770' title='bbox 3479 4562 3739 4615; x_wconf 88' lang='lat' dir='ltr'><strong>salutaris</strong></span> 
     </span>
    </p>
   </div>
   <div class='ocr_carea' id='block_1_105' title="bbox 2166 4646 3737 4718">
    <p class='ocr_par' dir='ltr' id='par_1_105' title="bbox 2166 4646 3737 4718">
     <span class='ocr_line' id='line_1_105' title="bbox 2166 4646 3737 4718; baseline 0.001 -18"><span class='ocrx_word' id='word_1_771' title='bbox 2166 4648 2423 4716; x_wconf 85' lang='lat' dir='ltr'><strong>pr:econii</strong></span> <span class='ocrx_word' id='word_1_772' title='bbox 2448 4659 2609 4716; x_wconf 89' lang='lat' dir='ltr'><strong>atque</strong></span> <span class='ocrx_word' id='word_1_773' title='bbox 2642 4646 3055 4715; x_wconf 65' lang='lat' dir='ltr'><strong>prwdicationis</strong></span> <span class='ocrx_word' id='word_1_774' title='bbox 3081 4662 3412 4715; x_wconf 62' lang='lat' dir='ltr'><strong>praeconem.</strong></span> <span class='ocrx_word' id='word_1_775' title='bbox 3434 4647 3603 4702; x_wconf 88' lang='lat' dir='ltr'><strong>libere</strong></span> <span class='ocrx_word' id='word_1_776' title='bbox 3640 4664 3737 4718; x_wconf 90' lang='lat' dir='ltr'><strong>pro</strong></span> 
     </span>
    </p>
   </div>
   <div class='ocr_carea' id='block_1_106' title="bbox 2162 4739 3736 4809">
    <p class='ocr_par' dir='ltr' id='par_1_106' title="bbox 2162 4739 3736 4809">
     <span class='ocr_line' id='line_1_106' title="bbox 2162 4739 3736 4809; baseline -0.002 -15"><span class='ocrx_word' id='word_1_777' title='bbox 2162 4739 2385 4794; x_wconf 88' lang='lat' dir='ltr'><strong>Christo</strong></span> <span class='ocrx_word' id='word_1_778' title='bbox 2424 4739 2699 4809; x_wconf 91' lang='lat' dir='ltr'><strong>loquendo</strong></span> <span class='ocrx_word' id='word_1_779' title='bbox 2728 4739 3127 4803; x_wconf 84' lang='lat' dir='ltr'><strong>decertantem,</strong></span> <span class='ocrx_word' id='word_1_780' title='bbox 3152 4747 3206 4793; x_wconf 93' lang='lat' dir='ltr'><strong>ct</strong></span> <span class='ocrx_word' id='word_1_781' title='bbox 3238 4739 3291 4791; x_wconf 93' lang='lat' dir='ltr'><strong>in</strong></span> <span class='ocrx_word' id='word_1_782' title='bbox 3320 4740 3610 4808; x_wconf 89' lang='lat' dir='ltr'><strong>principiis</strong></span> <span class='ocrx_word' id='word_1_783' title='bbox 3642 4757 3736 4809; x_wconf 91' lang='lat' dir='ltr'><strong>pn-</strong></span> 
     </span>
    </p>
   </div>
   <div class='ocr_carea' id='block_1_107' title="bbox 2162 4827 3733 4897">
    <p class='ocr_par' dir='ltr' id='par_1_107' title="bbox 2162 4827 3733 4897">
     <span class='ocr_line' id='line_1_107' title="bbox 2162 4827 3733 4897; baseline 0.002 -17"><span class='ocrx_word' id='word_1_784' title='bbox 2162 4843 2321 4897; x_wconf 90' lang='lat' dir='ltr'><strong>gnam</strong></span> <span class='ocrx_word' id='word_1_785' title='bbox 2345 4830 2575 4883; x_wconf 85' lang='lat' dir='ltr'><strong>cientem</strong></span> <span class='ocrx_word' id='word_1_786' title='bbox 2602 4846 2614 4880; x_wconf 92' lang='lat'>:</span> <span class='ocrx_word' id='word_1_787' title='bbox 2645 4828 2731 4881; x_wconf 90' lang='lat' dir='ltr'><strong>cui</strong></span> <span class='ocrx_word' id='word_1_788' title='bbox 2761 4827 3034 4880; x_wconf 88' lang='lat' dir='ltr'><strong>secundas</strong></span> <span class='ocrx_word' id='word_1_789' title='bbox 3073 4835 3196 4896; x_wconf 90' lang='lat' dir='ltr'><strong>post</strong></span> <span class='ocrx_word' id='word_1_790' title='bbox 3236 4829 3517 4895; x_wconf 77' lang='lat' dir='ltr'><strong>apostolos</strong></span> <span class='ocrx_word' id='word_1_791' title='bbox 3550 4834 3733 4897; x_wconf 76' lang='lat' dir='ltr'><strong>partes</strong></span> 
     </span>
    </p>
   </div>
   <div class='ocr_carea' id='block_1_108' title="bbox 2163 4917 3737 4995">
    <p class='ocr_par' dir='ltr' id='par_1_108' title="bbox 2163 4917 3737 4995">
     <span class='ocr_line' id='line_1_108' title="bbox 2163 4917 3737 4995; baseline 0.001 -22"><span class='ocrx_word' id='word_1_792' title='bbox 2163 4929 2380 4991; x_wconf 86' lang='lat' dir='ltr'><strong>tempus</strong></span> <span class='ocrx_word' id='word_1_793' title='bbox 2436 4922 2612 4974; x_wconf 88' lang='lat' dir='ltr'><strong>solum</strong></span> <span class='ocrx_word' id='word_1_794' title='bbox 2637 4919 2747 4972; x_wconf 86' lang='lat' dir='ltr'><strong>dat.</strong></span> <span class='ocrx_word' id='word_1_795' title='bbox 2792 4917 2933 4995; x_wconf 84' lang='lat' dir='ltr'><strong>_Nam</strong></span> <span class='ocrx_word' id='word_1_796' title='bbox 2989 4920 3032 4973; x_wconf 90' lang='lat' dir='ltr'><strong>si</strong></span> <span class='ocrx_word' id='word_1_797' title='bbox 3089 4919 3278 4973; x_wconf 88' lang='lat' dir='ltr'><strong>eodem</strong></span> <span class='ocrx_word' id='word_1_798' title='bbox 3315 4927 3581 4989; x_wconf 79' lang='lat' dir='ltr'><strong>tempore.</strong></span> <span class='ocrx_word' id='word_1_799' title='bbox 3628 4939 3737 4987; x_wconf 91' lang='lat' dir='ltr'><strong>quo</strong></span> 
     </span>
    </p>
   </div>
   <div class='ocr_carea' id='block_1_109' title="bbox 2159 5007 3735 5079">
    <p class='ocr_par' dir='ltr' id='par_1_109' title="bbox 2159 5007 3735 5079">
     <span class='ocr_line' id='line_1_109' title="bbox 2159 5007 3735 5079; baseline -0.004 -15"><span class='ocrx_word' id='word_1_800' title='bbox 2159 5009 2397 5072; x_wconf 84' lang='lat' dir='ltr'><strong>Paulus,</strong></span> <span class='ocrx_word' id='word_1_801' title='bbox 2444 5015 2566 5065; x_wconf 78' lang='lat' dir='ltr'><strong>vita:</strong></span> <span class='ocrx_word' id='word_1_802' title='bbox 2604 5009 2883 5079; x_wconf 84' lang='lat' dir='ltr'><strong>particeps</strong></span> <span class='ocrx_word' id='word_1_803' title='bbox 2932 5009 3184 5061; x_wconf 69' lang='lat' dir='ltr'><strong>humana:</strong></span> <span class='ocrx_word' id='word_1_804' title='bbox 3239 5007 3432 5062; x_wconf 79' lang='lat' dir='ltr'><strong>luisset</strong></span> <span class='ocrx_word' id='word_1_805' title='bbox 3478 5009 3735 5075; x_wconf 61' lang='lat' dir='ltr'><strong>Basilius,</strong></span> 
     </span>
    </p>
   </div>
   <div class='ocr_carea' id='block_1_110' title="bbox 2160 5101 3732 5171">
    <p class='ocr_par' dir='ltr' id='par_1_110' title="bbox 2160 5101 3732 5171">
     <span class='ocr_line' id='line_1_110' title="bbox 2160 5101 3732 5171; baseline -0.003 -14"><span class='ocrx_word' id='word_1_806' title='bbox 2160 5103 2322 5157; x_wconf 89' lang='lat' dir='ltr'><strong>sicuti</strong></span> <span class='ocrx_word' id='word_1_807' title='bbox 2364 5101 2634 5171; x_wconf 80' lang='lat' dir='ltr'><strong>Sylvauus</strong></span> <span class='ocrx_word' id='word_1_808' title='bbox 2667 5111 2721 5155; x_wconf 90' lang='lat' dir='ltr'><strong>et</strong></span> <span class='ocrx_word' id='word_1_809' title='bbox 2744 5101 3097 5154; x_wconf 81' lang='lat' dir='ltr'><strong>Timotheus:</strong></span> <span class='ocrx_word' id='word_1_810' title='bbox 3121 5102 3192 5153; x_wconf 90' lang='lat' dir='ltr'><strong>ita</strong></span> <span class='ocrx_word' id='word_1_811' title='bbox 3218 5116 3446 5169; x_wconf 80' lang='lat' dir='ltr'><strong>prorsus</strong></span> <span class='ocrx_word' id='word_1_812' title='bbox 3478 5116 3583 5153; x_wconf 90' lang='lat' dir='ltr'><strong>uua</strong></span> <span class='ocrx_word' id='word_1_813' title='bbox 3610 5117 3732 5154; x_wconf 90' lang='lat' dir='ltr'><strong>cum</strong></span> 
     </span>
    </p>
   </div>
   <div class='ocr_carea' id='block_1_111' title="bbox 2161 5192 3733 5246">
    <p class='ocr_par' dir='ltr' id='par_1_111' title="bbox 2161 5192 3733 5246">
     <span class='ocr_line' id='line_1_111' title="bbox 2161 5192 3733 5246; baseline 0.001 -2"><span class='ocrx_word' id='word_1_814' title='bbox 2161 5194 2334 5246; x_wconf 76' lang='grc' dir='ltr'>ΡιιιιΙυ</span> <span class='ocrx_word' id='word_1_815' title='bbox 2401 5193 2707 5246; x_wconf 88' lang='lat' dir='ltr'><strong>litterarum</strong></span> <span class='ocrx_word' id='word_1_816' title='bbox 2757 5192 3130 5245; x_wconf 86' lang='lat' dir='ltr'><strong>monumentis</strong></span> <span class='ocrx_word' id='word_1_817' title='bbox 3195 5192 3507 5245; x_wconf 77' lang='lat' dir='ltr'><strong>celebratus</strong></span> <span class='ocrx_word' id='word_1_818' title='bbox 3565 5202 3733 5245; x_wconf 77' lang='lat' dir='ltr'><strong>esset.</strong></span> 
     </span>
    </p>
   </div>
   <div class='ocr_carea' id='block_1_112' title="bbox 2160 5282 3733 5355">
    <p class='ocr_par' dir='ltr' id='par_1_112' title="bbox 2160 5282 3733 5355">
     <span class='ocr_line' id='line_1_112' title="bbox 2160 5282 3733 5355; baseline 0 -18"><span class='ocrx_word' id='word_1_819' title='bbox 2160 5283 2338 5354; x_wconf 86' lang='lat' dir='ltr'><strong>Atque</strong></span> <span class='ocrx_word' id='word_1_820' title='bbox 2363 5293 2422 5338; x_wconf 91' lang='lat' dir='ltr'><strong>ut</strong></span> <span class='ocrx_word' id='word_1_821' title='bbox 2452 5284 2810 5355; x_wconf 84' lang='lat' dir='ltr'><strong>intelligatur,</strong></span> <span class='ocrx_word' id='word_1_822' title='bbox 2836 5282 2983 5352; x_wconf 90' lang='lat' dir='ltr'><strong>quod</strong></span> <span class='ocrx_word' id='word_1_823' title='bbox 3017 5285 3391 5352; x_wconf 85' lang='lat' dir='ltr'><strong>conjecturam</strong></span> <span class='ocrx_word' id='word_1_824' title='bbox 3425 5284 3673 5338; x_wconf 78' lang='lat' dir='ltr'><strong>faciendo</strong></span> <span class='ocrx_word' id='word_1_825' title='bbox 3704 5302 3733 5337; x_wconf 81' lang='grc' dir='ltr'><strong>ιι</strong></span> 
     </span>
    </p>
   </div>
   <div class='ocr_carea' id='block_1_113' title="bbox 2158 5376 3731 5439">
    <p class='ocr_par' dir='ltr' id='par_1_113' title="bbox 2158 5376 3731 5439">
     <span class='ocr_line' id='line_1_113' title="bbox 2158 5376 3731 5439; baseline 0.001 -11"><span class='ocrx_word' id='word_1_826' title='bbox 2158 5379 2388 5430; x_wconf 86' lang='lat' dir='ltr'><strong>veritate</strong></span> <span class='ocrx_word' id='word_1_827' title='bbox 2421 5392 2528 5429; x_wconf 88' lang='lat' dir='ltr'><strong>non</strong></span> <span class='ocrx_word' id='word_1_828' title='bbox 2564 5377 2779 5439; x_wconf 87' lang='lat' dir='ltr'><strong>abcrro,</strong></span> <span class='ocrx_word' id='word_1_829' title='bbox 2827 5376 2930 5431; x_wconf 88' lang='lat' dir='ltr'><strong>hoc</strong></span> <span class='ocrx_word' id='word_1_830' title='bbox 2968 5377 3128 5430; x_wconf 90' lang='lat' dir='ltr'><strong>modo</strong></span> <span class='ocrx_word' id='word_1_831' title='bbox 3163 5378 3428 5430; x_wconf 88' lang='lat' dir='ltr'><strong>rationem</strong></span> <span class='ocrx_word' id='word_1_832' title='bbox 3462 5377 3731 5431; x_wconf 83' lang='lat' dir='ltr'><strong>ineamus.</strong></span> 
     </span>
    </p>
   </div>
   <div class='ocr_carea' id='block_1_114' title="bbox 2158 5466 3735 5538">
    <p class='ocr_par' dir='ltr' id='par_1_114' title="bbox 2158 5466 3735 5538">
     <span class='ocr_line' id='line_1_114' title="bbox 2158 5466 3735 5538; baseline 0.001 -17"><span class='ocrx_word' id='word_1_833' title='bbox 2158 5466 2618 5524; x_wconf 66' lang='lat' dir='ltr'><strong>Prmlcrmittatur</strong></span> <span class='ocrx_word' id='word_1_834' title='bbox 2649 5484 2711 5523; x_wconf 89' lang='lat' dir='ltr'><strong>ea</strong></span> <span class='ocrx_word' id='word_1_835' title='bbox 2748 5470 2946 5530; x_wconf 84' lang='lat' dir='ltr'><strong>oratio.</strong></span> <span class='ocrx_word' id='word_1_836' title='bbox 2978 5483 3085 5538; x_wconf 89' lang='lat' dir='ltr'><strong>qua</strong></span> <span class='ocrx_word' id='word_1_837' title='bbox 3122 5468 3446 5538; x_wconf 77' lang='lat' dir='ltr'><strong>explicetur,</strong></span> <span class='ocrx_word' id='word_1_838' title='bbox 3483 5468 3575 5537; x_wconf 87' lang='lat' dir='ltr'><strong>qui</strong></span> <span class='ocrx_word' id='word_1_839' title='bbox 3607 5484 3735 5522; x_wconf 84' lang='lat' dir='ltr'><strong>san-</strong></span> 
     </span>
    </p>
   </div>
   <div class='ocr_carea' id='block_1_115' title="bbox 2159 5561 3734 5633">
    <p class='ocr_par' dir='ltr' id='par_1_115' title="bbox 2159 5561 3734 5633">
     <span class='ocr_line' id='line_1_115' title="bbox 2159 5561 3734 5633; baseline 0.003 -20"><span class='ocrx_word' id='word_1_840' title='bbox 2159 5561 2253 5626; x_wconf 85' lang='lat' dir='ltr'><strong>cti,</strong></span> <span class='ocrx_word' id='word_1_841' title='bbox 2288 5577 2424 5631; x_wconf 86' lang='lat' dir='ltr'><strong>quos</strong></span> <span class='ocrx_word' id='word_1_842' title='bbox 2458 5568 2680 5617; x_wconf 83' lang='lat' dir='ltr'><strong>sanctos</strong></span> <span class='ocrx_word' id='word_1_843' title='bbox 2728 5569 2969 5631; x_wconf 78' lang='lat' dir='ltr'><strong>tempore</strong></span> <span class='ocrx_word' id='word_1_844' title='bbox 3014 5561 3406 5617; x_wconf 83' lang='lat' dir='ltr'><strong>antecesserint</strong></span> <span class='ocrx_word' id='word_1_845' title='bbox 3445 5561 3734 5633; x_wconf 71' lang='lat' dir='ltr'><strong>(temporis</strong></span> 
     </span>
    </p>
   </div>
  </div>
