4132 6356
412 275 518 334 ’191

1656 272 1719 330 S.
1743 269 2074 330 GREGORII
2112 268 2404 328 NYSSEM

3575 273 3685 328 792

410 390 560 451 enim
580 396 779 451 natura
795 388 853 447 in
874 391 1149 462 praeterito
1168 398 1225 449 et
1249 391 1458 457 futuro,
1477 391 1624 463 quod
1648 393 1716 449 ad
1741 393 1996 449 virtutem

2101 392 2163 447 τὸ
2207 391 2435 463 ἀγαθὸν,
2483 391 2586 447 οὑκ
2630 391 2692 446 ἐν
2736 390 2933 464 χρόνῳ.
2980 389 3122 445 Ἀλλ’
3159 387 3498 456 ἐξεταζέσθω
3543 389 3686 461 πρὸς

411 491 467 536 et
519 479 715 537 vitium
773 481 994 548 attinet,
1026 483 1225 548 eodem
1257 482 1419 539 modo
1473 498 1599 541 sese
1648 483 1834 550 habet,
1871 499 1999 541 cum

413 588 598 644 neque
646 572 778 640 hoc,
809 590 990 645 neque
1028 574 1367 631 contrarium
1401 575 1507 632 sit:
1558 575 1614 631 in
1648 575 1820 632 libero
1853 577 1999 635 enim

416 664 651 728 arbitrio
679 672 848 737 atque
880 669 1164 737 proposito
1192 652 1514 730 voluntatis,
1535 682 1644 722 non
1672 667 1728 722 in
1756 676 2001 738 tempore

415 753 623 810 bonum
653 754 956 826 consistit),
987 764 1045 811 at
1080 756 1218 813 lides
1258 773 1383 812 cum
1420 757 1557 825 fide,
1585 773 1710 814 cum
1753 760 2003 815 oratione

417 843 599 901 oratio
621 843 962 901 conferatur.
1001 845 1140 899 Nam
1181 847 1227 903 si
1277 848 1404 918 quis
1447 846 1637 919 justus
1694 848 2002 906 aestimator

420 932 583 987 fuerit
613 934 668 990 in
698 934 1053 992 conferendis
1107 936 1250 993 inter
1303 954 1363 994 se
1404 939 1707 1006 miraculis,
1764 939 2002 1011 reperiet

418 1038 583 1079 unam
619 1024 674 1079 in
706 1025 980 1082 ambobus
1001 1028 1258 1099 gratiam,
1292 1045 1416 1101 qua:
1444 1046 1513 1086 ex
1554 1030 1747 1088 eodem
1800 1033 1999 1102 spiritu

411 1114 568 1185 juxta
619 1117 1062 1175 convenientiam
1102 1129 1267 1190 atque
1303 1122 1709 1193 proportionem
1746 1122 1868 1179 fidei
1903 1139 2000 1180 ex-

417 1207 637 1265 sisteret
665 1209 721 1264 in
769 1218 1023 1283 utroque.
1062 1211 1221 1280 Quod
1259 1213 1305 1269 si
1343 1221 1590 1287 tempore
1620 1213 1825 1270 Paulus
1862 1230 2000 1285 prae-

417 1299 588 1364 cedit,
620 1309 674 1356 et
707 1302 895 1359 multis
922 1305 1185 1362 aetatibus
1208 1315 1335 1378 post
1355 1305 1598 1363 Basilius
1618 1307 1898 1365 exhibitas
1936 1323 2003 1367 ac

417 1391 735 1464 designatus
775 1403 898 1451 est:
937 1394 1138 1453 divinae
1171 1398 1670 1456 administrationis
1701 1415 1866 1472 quam
1902 1400 2004 1456 bo-

416 1484 626 1538 minum
657 1485 833 1557 gratia
863 1488 1133 1560 suscepit,
1173 1504 1316 1561 opus
1344 1489 1510 1557 dicis,
1543 1507 1651 1546 non
1691 1491 1852 1548 affers
1876 1508 2005 1563 pro-

417 1574 698 1633 bationem
729 1575 878 1633 circa
905 1577 1163 1632 virtutem
1187 1577 1600 1637 diminutionis.
1616 1579 1751 1636 Nam
1770 1591 1825 1636 et
1849 1581 2005 1655 Moy-

416 1681 506 1725 ses
537 1667 729 1723 multis
755 1669 1094 1740 temporibus
1114 1672 1389 1742 posterior
1410 1672 1754 1729 Abrabamo:
1782 1672 2004 1731 Samuel

2096 483 2197 556 τὴν
2243 483 2423 539 πίστιν
2448 485 2484 556 ἡ
2520 482 2725 549 πίστις,
2775 483 2871 538 καὶ
2912 482 3049 554 πρὸς
3082 481 3173 535 τὸν
3219 479 3376 550 λόγον
3417 482 3447 534 ὁ
3488 480 3683 551 λόγος’

2098 573 2319 646 εὑρήσει
2335 571 2443 646 γάρ
2461 574 2570 644 ὅγε
2597 572 2821 638 δικαίως
2844 573 2909 627 ὲκ
2939 570 3285 645 παραλλήλου
3315 571 3688 639 ἀντεξετάζων

2097 659 2168 717 τὰ
2196 660 2468 734 Θαύματα,
2521 661 2651 736 μίαν
2691 663 2780 717 ἐπ’
2809 662 3136 735 ἀμφοτέρων
3179 661 3279 734 τὴν
3306 662 3468 736 χάριν
3495 664 3560 715 ὲκ
3588 661 3686 715 τοῦ

2098 754 2263 813 αὑτοῦ
2294 753 2608 826 Πνεύματος
2633 754 2989 827 ἐγγινομένην
3015 756 3076 809 ἐν
3113 754 3358 827 ἑκατέρῳ
3386 753 3528 809 κατά
3585 753 3689 826 τήν

2099 846 2391 916 ἀναλογίαν
2437 845 2535 918 τῆς
2581 846 2841 913 πίστεως.
2894 847 2961 901 Εἰ
3003 847 3073 909 δὲ⁹
3100 847 3337 919 προήκει
3377 846 3461 919 τῷ
3506 845 3688 920 χρόνῳ

2102 937 2331 1006 Παῦλος,
2362 937 2457 995 καὶ
2500 939 2721 1003 πολλαῖς
2765 937 2995 1010 ὕστερον
3022 940 3235 1009 γενεαῖς
3268 937 3549 1010 ἀνεδείχθη
3580 938 3688 992 Βα-

2102 1030 2319 1096 σίλειος.
2367 1031 2468 1102 τῆς
2502 1030 2654 1097 θείας
2704 1030 2841 1103 ὑπὲρ
2882 1029 2992 1086 τῶν
3039 1029 3340 1102 ἀνθρώπων
3375 1030 3685 1102 οἰκονομίας

2099 1117 2278 1190 λέγεις
2332 1120 2395 1175 τὺ
2446 1118 2627 1194 ἔργον,
2680 1121 2782 1176 οὑκ
2827 1119 3101 1188 ἀπόδειξιν
3150 1119 3250 1192 τῆς
3300 1120 3423 1176 κατ’
3480 1119 3685 1194 ἀρετὴν

2101 1211 2446 1279 ἐλαττώσεως
2469 1229 2484 1245 ο
2533 1212 2658 1267 ἐπεὶ
2686 1211 2781 1269 καὶ
2813 1212 3044 1286 Μωῦσῆς
3068 1211 3162 1266 τοῦ
3201 1211 3454 1285 Ἀϐραάμ
3472 1212 3688 1277 πολλοῖς

2099 1303 2311 1377 χρόνοις
2368 1305 2871 1376 μεταγενέστερος,
2923 1306 3020 1360 καὶ
3061 1303 3317 1377 Σαμουὴλ
3380 1302 3687 1373 Μωῡσέως,

2102 1393 2195 1450 καὶ
2235 1395 2426 1450 τούτου
2492 1395 2677 1462 Ἠλίας
2694 1411 2709 1427 ο
2772 1395 3027 1450 κάκείνου
3067 1396 3096 1450 ό
3152 1394 3328 1468 μέγας
3397 1395 3688 1466 Ἰωάννης,

2102 1489 2197 1542 καὶ
2251 1489 2388 1560 μετά
2456 1487 2709 1562 Ἰωάννην
2794 1485 3041 1553 Παῦλοςο
3117 1490 3214 1543 καὶ
3282 1487 3424 1561 μετά
3496 1487 3689 1543 τοῦτον

2102 1574 2402 1645 Βασίλειος.
2467 1579 2680 1651 ’Ὠσπερ
2740 1575 2835 1635 οὖν
2886 1581 2945 1635 ὲν
2992 1582 3105 1645 τοίς
3152 1581 3490 1653 προάγουσιν
3534 1580 3691 1636 οὐδὲν

2104 1673 2134 1726 ό
2174 1671 2364 1746 χρόνος
2410 1671 2743 1743 δευτερεύων
2762 1712 2781 1741 ,
2842 1673 2925 1736 εἰς
2974 1670 3073 1745 τήν
3116 1674 3256 1728 κατά
3323 1672 3458 1728 Θεὸν
3527 1672 3691 1741 δόξαν

417 1758 627 1830 Moyse,
655 1768 711 1816 et
761 1760 865 1816 hoc
905 1760 1090 1818 Elias:
1124 1770 1180 1819 et
1218 1763 1313 1819 illo
1354 1779 1588 1837 magnus
1639 1764 1911 1832 Joannes,
1944 1775 1996 1823 et

2098 1765 2225 1828 τοὺς
2274 1764 2461 1834 ἀγίως
2498 1764 2842 1837 ὴλάττωσενο
2891 1764 3031 1820 οὕτω
3082 1766 3178 1822 καὶ
3214 1766 3309 1821 νῦν
3352 1766 3412 1820 ὲν
3443 1765 3543 1838 ’τῷ
3585 1766 3687 1838 τῆς

416 1859 543 1925 post
566 1850 831 1909 Joannem
859 1851 1087 1921 Paulus,
1110 1863 1166 1937 et
1190 1867 1316 1928 post
1345 1857 1491 1913 hunc
1507 1857 1769 1916 Basilius.
1801 1858 2004 1928 Quem-

417 1942 715 2001 admodum
768 1943 936 2014 igitnr
983 1946 1039 2001 in
1091 1948 1530 2019 praecedentibus
1585 1950 1725 2007 nihil
1785 1959 2002 2024 tempus

420 2035 718 2105 posterius,
751 2035 901 2107 quod
940 2037 1140 2094 attinet
1184 2039 1252 2097 ad
1291 2041 1520 2111 gloriam
1549 2058 1671 2113 qua:
1710 2057 1841 2101 cum
1890 2043 2028 2101 Deo'

416 2124 713 2195 conjuncta
762 2135 871 2192 est,
944 2130 1157 2186 sanctis
1202 2131 1664 2190 incommodavit:
1722 2136 1797 2191 ita
1834 2137 2001 2191 etiam

417 2231 566 2272 nunc
603 2217 657 2271 in
681 2216 1081 2291 disceptatione
1120 2221 1378 2288 virtutis,
1428 2224 1607 2281 aetatis
1652 2225 2002 2282 commodum

419 2308 644 2367 silentio
668 2314 1139 2382 praetermittatur.
1183 2314 1321 2371 Nam
1367 2316 1443 2382 id,
1485 2326 1547 2372 ut
1585 2317 1751 2374 modo
1778 2319 2003 2375 diceba-

418 2414 565 2466 mus,
598 2400 959 2471 providentiae
990 2404 1212 2471 divinze,
1262 2421 1370 2478 qua
1418 2408 1731 2477 consulitur
1764 2410 2003 2465 homini-

416 2491 543 2550 bus.
571 2492 821 2550 continet
853 2493 1408 2564 demonstrationem,
1437 2499 1533 2557 Ille
1567 2501 1735 2568 enim,
1767 2500 1882 2573 qui,
1942 2508 2001 2556 ut

415 2582 596 2653 inquit
615 2583 879 2655 propheta
902 2624 917 2647 ,
945 2600 1034 2642 res
1071 2601 1266 2643 omnes
1295 2590 1449 2645 novit
1506 2602 1798 2662 antequam
1848 2592 2001 2649 exsi-

414 2674 623 2741 stant’,
679 2686 737 2730 et
775 2675 1039 2731 malitiam
1082 2675 1287 2734 diaboli
1345 2680 1511 2736 simul
1565 2696 1693 2738 cum
1742 2684 2001 2743 aetatibus

414 2765 696 2829 hominum
724 2767 945 2829 extendi
978 2778 1143 2843 atque
1172 2770 1391 2828 traduci
1415 2779 1471 2828 et
1491 2772 1562 2829 ad
1586 2774 1749 2829 linem
1774 2789 2003 2845 pergere

413 2856 830 2925 animadvertit,
861 2863 1284 2918 convenientem
1324 2871 1380 2919 et
1411 2867 1882 2921 accommodatam
1929 2864 2000 2922 ad

412 2951 685 3022 cujusque
733 2953 916 3010 aetatis
970 2956 1222 3011 morbum
1282 2956 1611 3014 medicinam
1670 2967 1864 3030 parat,
1932 2974 2001 3016 ne

410 3044 723 3101 curationis
750 3054 1032 3115 expertem
1065 3048 1214 3103 sinat
1245 3062 1368 3107 esse
1400 3051 1654 3107 morbum
1688 3051 1996 3117 hominum,

2101 1852 2303 1927 ἀρετῆς
2359 1853 2504 1925 λόγῳ
2549 1854 2846 1909 σιωπάσῦω
2893 1854 2964 1910 τά
3009 1858 3276 1929 πρεσϐεῖα
3322 1857 3419 1912 τοῦ
3467 1858 3685 1930 χρόνου.

2104 1947 2178 2001 Τὸ
2203 1947 2311 2019 γάρ
2350 1946 2616 2013 τοιοῦτον,
2658 1946 2841 2012 καθὼς
2867 1947 3103 2020 ἔφαμεν,
3141 1950 3243 2023 τῆς
3283 1949 3423 2023 ὑπὲρ
3454 1948 3564 2003 τῶν
3589 1949 3685 2003 ἀν-

2104 2039 2336 2112 θρώπων
2364 2039 2461 2095 τοῦ
2487 2040 2621 2094 Θεοῦ
2648 2040 2989 2113 προμηθείας
3016 2041 3116 2113 τὴν
3145 2040 3421 2109 ἀπόδειξιν
3452 2040 3583 2112 ἔχει.
3630 2042 3692 2097 '0

2102 2132 2213 2204 γὰρ
2259 2130 2415 2198 εἰδὼς
2457 2131 2527 2186 τά
2575 2132 2753 2188 πάντα
2804 2133 2930 2207 πρὶν
2956 2134 3224 2205 γενέσεως
3268 2134 3474 2199 αὑτῶν,
3506 2133 3693 2198 καθιεῖ-ς

2103 2240 2267 2294 φησιν
2297 2223 2328 2276 ό
2359 2223 2644 2296 προφήτης
2668 2263 2685 2288 ,
2725 2224 2820 2279 καὶ
2857 2223 2959 2298 τὴν
3007 2224 3410 2295 συνδιεξιοῦσαν
3440 2228 3562 2290 ταῖς
3591 2226 3691 2280 ἁν-

2102 2315 2403 2387 Θρωπίναις
2452 2318 2668 2386 γενεαῖς
2707 2316 2803 2371 τοῦ
2845 2317 3092 2375 διαϐόλου
3136 2317 3336 2374 κακίαν
3384 2317 3690 2384 κατανοῶν,

2102 2407 2410 2480 πρόσφορόν
2457 2424 2518 2461 τε
2567 2408 2659 2461 καί
2688 2407 3022 2482 κατάλληλον
3051 2408 3132 2482 τῷ
3164 2409 3287 2466 καθ’
3321 2408 3561 2480 ἑκάστην
3590 2425 3687 2480 γεο

2101 2497 2229 2553 νεὰν
2260 2499 2656 2572 άρῤωστήματι
2687 2499 2779 2555 τὸν
2811 2500 2997 2573 ἰατρὸν
3029 2500 3329 2572 ἑτοιμάζει,
3369 2500 3446 2566 ὡς
3490 2500 3558 2557 ἂν
3612 2498 3688 2572 μὴ

2099 2587 2473 2661 ἀθεράπευτον
2506 2590 2739 2663 περιίδοι
2770 2589 2880 2644 τῶν
2921 2587 3226 2661 ἀνθρώπων
3266 2589 3366 2662 τὴν
3411 2588 3588 2656 νόσον,
3619 2588 3689 2646 δι’

2100 2679 2336 2753 ἐρημίαν
2383 2680 2493 2735 τῶν
2530 2679 2926 2753 διορθουμένων
2961 2681 3413 2754 κατακρατοῐὴαν
3463 2680 3558 2736 τοῦ
3590 2680 3689 2750 γέ-

2101 2788 2242 2835 vouq.
2275 2771 2477 2826 Τούτου
2501 2773 2662 2844 χάριν
2684 2770 3088 2845 ἐπικρατούσης
3105 2770 3235 2827 ποτὲ
3253 2772 3352 2845 τῆς
3375 2770 3690 2842 Χαλδαῖκῆς

2098 2846 2441 2935 φιλοσοφίας,
2492 2864 2542 2919 οἳ
2585 2864 2684 2937 τὴν
2741 2864 2851 2919 τῶν
2892 2863 3061 2920 ὅντων
3108 2864 3288 2920 αἰτίαν
3342 2865 3401 2918 ὲν
3437 2866 3506 2936 τῇ
3557 2864 3691 2936 ποιᾷ

2101 2956 2313 3026 κινήσει
2354 2954 2465 3018 τῶν
2504 2954 2721 3030 ἄστρων
2762 2954 3058 3029 ὡρίζοντο,
3095 2954 3451 3026 ὑπερκεῖσθαι
3477 2954 3535 3008 δέ
3562 2971 3688 3009 τινα

2101 3045 2209 3102 τῶν
2255 3047 2594 3118 φαινομένων
2625 3045 2856 3118 δύναμιν
2884 3045 3175 3120 ποιητικήν
3218 3045 3328 3101 τῶν
3367 3045 3536 3100 ὄντων
3581 3045 3686 3100 οὑκ

411 3140 507 3206 qui
537 3137 586 3194 si
623 3138 790 3203 desit,
830 3153 861 3194 a
889 3154 1000 3209 quo
1047 3149 1299 3208 sanetur,
1340 3132 1594 3215 subigere
1648 3144 1787 3201 solet
1825 3151 1879 3199 et
1939 3145 1996 3205 in

2102 3137 2272 3210 ῷοντο
2290 3156 2304 3171 ’
2336 3140 2458 3195 τότε
2488 3140 2581 3194 τὸν
2618 3137 2870 3212 Ἀϐραὰμ
2896 3137 3292 3198 ἀναδείκνυσιν.
3318 3138 3377 3205 ὃς
3410 3137 3687 3209 ἐπιϐάθρα⁵

412 3236 742 3300 potestatem
778 3245 938 3286 suam
960 3231 1207 3302 redigere
1236 3249 1414 3304 genus
1455 3234 1779 3299 humanum,
1819 3233 1997 3306 Hujus

413 3319 491 3375 rei
537 3320 740 3399 gratia,
790 3335 917 3374 cum
957 3321 1170 3393 vigeret
1218 3337 1284 3379 ac
1336 3324 1663 3394 praevaleret
1701 3324 2002 3396 aliquando

412 3410 767 3484 pliiloSOpbia
792 3412 1197 3481 Clialdmorum,
1226 3415 1322 3486 qui
1357 3431 1541 3473 rerum
1564 3431 1764 3479 causas
1787 3434 1820 3475 a
1847 3425 2000 3475 certo

419 3503 662 3573 quodam
677 3513 829 3561 motu
844 3506 1083 3562 siderum
1098 3506 1335 3580 pendere
1346 3509 1695 3577 statuebant,
1709 3525 1812 3567 nec
1824 3511 1963 3567 virtu
1976 3541 1998 3554 -

416 3605 525 3650 tem
575 3594 871 3664 quamdam
902 3597 1181 3654 sideribus
1201 3599 1597 3670 apparentibus
1616 3600 1912 3670 pmsidere
1932 3616 1999 3658 ac

413 3698 650 3754 praeesse
671 3685 959 3755 putabant,
983 3702 1106 3758 qua:
1135 3703 1320 3745 rerum
1350 3689 1723 3760 quarumlibet
1745 3690 1996 3749 elIectrix

409 3783 730 3831 essetztum
767 3776 1145 3833 Abrahamnm
1199 3779 1444 3843 exhibet,
1489 3780 1584 3852 qui
1625 3782 1786 3853 quasi
1844 3783 1996 3838 scala

413 3881 547 3922 usus
592 3865 866 3938 ejusmodi
908 3867 1229 3942 disciplina,
1284 3871 1635 3944 investigavit
1678 3873 1855 3949 illum,
1899 3874 1996 3945 qui

411 3970 509 4027 per
544 3971 655 4023 res,
686 3972 811 4029 quae
840 3957 1117 4026 videntur,
1174 3960 1520 4033 intelligitur,
1559 3977 1625 4017 ac
1670 3962 1874 4034 (quasi)
1908 3964 1995 4019 via

412 4046 557 4113 tidei,
587 4063 708 4119 quae
735 4049 901 4106 estin
930 4066 1057 4107 eum
1083 4051 1178 4125 qui
1206 4068 1398 4110 revera
1437 4051 1583 4109 Deus
1612 4061 1716 4120 est,
1759 4054 1995 4125 posteris

409 4141 646 4207 exstitit,
677 4156 805 4198 cuni
830 4144 950 4214 ipse
990 4146 1185 4202 relicto
1231 4145 1411 4225 patrio
1448 4160 1656 4211 errore,
1708 4154 1874 4217 atque
1905 4160 1994 4213 ea,

407 4244 532 4301 quae
551 4244 818 4288 sensuum
863 4231 1252 4290 instrumentis
1297 4248 1422 4291 esse
1469 4232 1676 4291 dicitur
1726 4249 1850 4291 cum
1904 4249 1992 4299 ea,

409 4337 534 4392 quae
557 4329 784 4393 apparet
811 4322 866 4377 in
896 4322 1063 4379 astris
1091 4337 1374 4393 creatura,
1406 4324 1757 4397 cognatione,
1790 4323 1898 4386 dux
1923 4326 1993 4382 ad

406 4428 529 4471 eam
563 4413 722 4468 tidem
756 4413 971 4470 fuisset.
1004 4413 1209 4472 Deinde
1242 4432 1367 4471 eum
1398 4416 1643 4489 [Egyptii
1677 4434 1743 4477 ex
1791 4434 1990 4491 sugge-

408 4507 611 4572 stione,
635 4507 854 4576 Opinor,
884 4507 1028 4578 ejus,
1057 4510 1155 4579 qui
1181 4525 1276 4580 per
1305 4510 1485 4563 varias
1515 4511 1734 4566 fraudes
1763 4510 1782 4578 (
1812 4511 1986 4565 bon-i-

408 4597 553 4669 nes)
589 4594 878 4670 demergit,
914 4599 1220 4655 mirabilem
1256 4602 1548 4669 quamdam
1584 4610 1639 4655 et
1670 4601 1982 4671 przcstigia-

407 4691 599 4746 tricem
643 4691 995 4746 calliditatem
1040 4691 1400 4756 invenissent,
1447 4691 1699 4746 exhibuit
1736 4691 1980 4763 Moysen,

415 4778 500 4839 ιιί
555 4780 840 4851 sapientia
891 4782 1211 4837 excellentia
1292 4780 1674 4853 Egyptiorum
1732 4782 1977 4837 fraudmu

409 4870 705 4938 expelleret
738 4868 1355 4940 etaboleret.Agnoscit
1387 4878 1567 4927 autem
1607 4884 1836 4938 prorsus
1865 4883 1979 4924 rem

407 4970 640 5026 gestant,
691 4959 759 5016 de
809 4976 916 5031 qua
975 4961 1189 5030 loquor,
1247 4962 1342 5032 qui
1399 4959 1741 5030 Scripturam
1795 4961 1977 5023 novit,

406 5051 682 5121 quomodo
720 5068 845 5110 cum
894 5053 1322 5124 praestigiatures
1356 5053 1433 5107 illi
1463 5051 1666 5111 divinis
1712 5051 1885 5122 signis
1913 5069 1980 5106 ex

405 5143 640 5199 adverso
698 5158 922 5199 suarum
978 5141 1233 5198 fraudum
1311 5143 1589 5214 specimen
1655 5143 1980 5210 praeberent,

407 5231 621 5303 Moyses
664 5234 925 5290 omnibus
954 5234 1131 5289 modis
1159 5235 1408 5305 superior
1442 5233 1635 5301 fuerit,
1659 5241 1713 5288 et
1749 5248 1985 5303 superne

406 5327 611 5380 auxilio
670 5327 840 5381 misso
902 5342 1095 5382 oumes
1160 5326 1450 5399 Egyptias
1511 5327 1654 5382 vires
1703 5327 1981 5382 dcleverit.

2102 3232 2170 3302 τῇ
2195 3229 2419 3304 τοιαύτῃ
2447 3228 2724 3293 παιδεύσει
2749 3230 3114 3302 χρησάμενος,
3143 3231 3443 3303 ἀνεζήτησε
3482 3230 3574 3285 τὸν
3597 3229 3688 3284 διά

2100 3321 2210 3375 τῶν
2269 3322 2559 3394 ὁρωμένων
2616 3321 2924 3393 νοούμενον.
2989 3322 3100 3378 Καὶ
3143 3321 3262 3387 ὁδὸς
3322 3325 3436 3386 τοῖς
3485 3321 3686 3391 ἑφεξῆς

2100 3412 2319 3483 ἐγένετο
2349 3414 2582 3479 πίστεως
2610 3415 2711 3486 τῆς
2748 3414 2830 3476 είς
2874 3413 2965 3470 τὸν
2988 3415 3157 3480 ὅντως
3184 3413 3313 3471 ὄντα
3338 3413 3493 3479 Θεὸν,
3521 3414 3685 3478 αὑτὸς
3758 3474 3762 3478 ,

2101 3504 2237 3576 πρὸς
2269 3503 2470 3577 ταύτην
2498 3505 2973 3578 καθηγησάμενος,
3004 3505 3093 3561 διὰ
3119 3505 3215 3560 τοῦ
3247 3505 3563 3562 καταλιπεῖν
3584 3504 3685 3575 τὴν

2100 3595 2356 3668 πατρῴαν
2383 3596 2620 3668 ἀπάτην,
2648 3596 2743 3651 καί
2765 3595 2862 3668 τὴν
2888 3595 2997 3651 τῶν
3020 3596 3388 3669 αἰσθητηρίων
3424 3595 3560 3668 πρὸς
3582 3599 3682 3668 τὴν

2099 3685 2428 3757 φαινομένην
2459 3685 2634 3740 κτίσιν
2681 3686 3025 3756 συγγένειαν.
3063 3682 3197 3741 Εἶτα
3226 3686 3336 3741 τῶν
3367 3687 3681 3755 Αἰγυπτίων

2096 3775 2375 3850 δαιμονίαν
2404 3775 2527 3832 τινά
2555 3779 2652 3834 καὶ
2686 3781 2952 3854 γοητικὴν
2978 3781 3171 3851 σοφίαν
3195 3778 3587 3852 ὲξευρηκότων,
3617 3780 3682 3845 ἐξ

2097 3866 2396 3939 ὑποθήκης,
2440 3863 2617 3939 οἶμαι,
2651 3868 2746 3925 τοῦ
2792 3872 3051 3937 ποικίλως
3081 3872 3149 3925 δι’
3179 3871 3393 3942 ἀπάτης
3442 3871 3681 3927 καταϐυ-

2095 3959 2354 4027 θίζοντος,
2388 3960 2629 4028 ἀνέδειξε
2656 3963 2750 4017 τὸν
2778 3963 3018 4019 Μωῦσέα
3050 3964 3128 4036 τῷ
3158 3963 3548 4037 ὑπερϐάλλοντι
3578 3965 3678 4037 τῆς

2097 4049 2287 4120 σοφίας
2326 4048 2426 4121 τὴν
2456 4050 2760 4120 Αἰγυπτίαν
2806 4051 3024 4125 ἀπάτην
3064 4052 3474 4121 ἑξαφανίσοντα.
3527 4054 3678 4108 Ἐπι-

2092 4140 2349 4211 γινώσκει
2377 4141 2435 4197 δὲ
2464 4142 2683 4208 πάντως
2709 4143 2805 4198 τὸν
2823 4144 2982 4215 λόγον
3006 4148 3035 4200 ό
3062 4146 3160 4216 τὴν
3193 4146 3420 4218 Γραφήν
3450 4146 3683 4202 smne.

2077 4249 2276 4311 μενος,
2316 4231 2454 4298 πῶς,
2473 4234 3031 4308 ἀντεπιδεικνυμένων
3070 4238 3185 4301 τοῖς
3224 4236 3390 4300 θείοις
3428 4237 3676 4310 σημείοις

2090 4323 2200 4382 τῶν
2230 4325 2444 4398 γοήτων
2470 4326 2569 4390 τάς
2590 4326 2725 4393 ἰδίας
2751 4328 2987 4393 ἀπάτας,
3011 4329 3281 4402 ὑπερέσχε
3309 4329 3450 4384 κατά
3473 4329 3679 4402 κράτος

2093 4415 2360 4486 Μωῦσῆς,
2395 4415 2487 4471 διά
2521 4417 2622 4488 τῆς
2657 4417 2862 4475 ἄνωθεν
2895 4420 3206 4491 συμμαχίας
3230 4421 3330 4491 τὴν
3370 4421 3679 4490 Αἰγυπτίαν

2096 4505 2250 4576 ἰσχὺν
2278 4508 2459 4571 πᾷσαν
2498 4507 2847 4577 ἐξαφανίσας.
2880 4508 3041 4573 Νοείς
3081 4509 3139 4563 δὲ
3166 4507 3325 4565 τοῦτο
3349 4508 3440 4565 διά
3478 4526 3539 4565 τε
3564 4511 3673 4565 τῶν

2091 4594 2290 4658 ἄλλων,
2322 4599 2416 4661 καὶ
2447 4596 2529 4668 τῷ
2567 4598 2676 4653 τῶν
2704 4599 2915 4671 ῥάϐδων
2945 4599 3250 4671 αἰνίγματι.
3297 4601 3588 4674 Προϊόντος
3613 4601 3672 4656 δὲ

2088 4683 2188 4745 τοῦ
2235 4705 2268 4757 χ
2276 4688 2449 4757 ρόνου,
2501 4688 2599 4742 καὶ
2657 4689 2764 4745 τῶν
2823 4689 3174 4761 Ἰσραηλιτῶν
3215 4691 3282 4747 δι’
3314 4691 3578 4765 ἀναρχίας
3611 4694 3671 4747 ὲν

2088 4775 2528 4850 δημοκρατορικῇ
2562 4778 2821 4851 συγχύσει
2863 4781 3201 4853 πλημμελῶς
3227 4782 3602 4854 διακειμένων,
3640 4785 3671 4839 ὀ

2092 4867 2346 4938 Σαμουὴλ
2371 4868 2745 4937 ἀναφαίνεται,
2772 4870 2989 4942 κρατῶν
3013 4870 3082 4926 δι’
3107 4870 3299 4927 ἑαυτοῦ
3318 4870 3378 4923 τὸ
3405 4872 3665 4940 ὑπήκοον,

2092 4961 2187 5013 καὶ
2218 4960 2316 5030 τῆς
2357 4961 2495 5031 προς
2524 4962 2650 5025 τοὺς
2679 4961 3007 5030 ἀλλοφύλους
3049 4961 3328 5033 ἐπιμιξίας
3353 4963 3629 5034 ἀπείργων
3647 4979 3663 4994 ο

2091 5046 2210 5105 εἶτα
2255 5051 2390 5122 πρὸς
2438 5051 2712 5123 βασιλείας
2758 5053 3092 5112 κατάστασιν
3137 5055 3235 5125 τὴν
3273 5053 3537 5128 ἀναρχίαν
3570 5070 3669 5125 με-

2090 5134 2454 5207 τασκευάσας,
2490 5144 2836 5217 συνήθροισεν
2866 5145 2999 5199 αὑτὸ
3039 5145 3167 5217 περί
3212 5145 3374 5199 ἑαυτὸ
3410 5146 3472 5201 τὸ
3510 5145 3671 5200 and.

2090 5237 2292 5304 φυλον,
2332 5237 2432 5308 τῆς
2478 5236 2760 5310 βασιλικῆς
2802 5238 3121 5304 δυναστείας
3168 5239 3462 5311 νομοθέτης
3513 5239 3668 5310 γενό-

2094 5345 2273 5399 μενος.

405 5414 669 5486 lntelligis
699 5426 879 5474 autem
912 5418 1019 5474 hoc
1050 5434 1173 5476 cum
1202 5435 1298 5491 per
1336 5422 1472 5476 alias
1506 5435 1611 5484 res,
1643 5430 1752 5473 tum
1788 5435 1884 5489 per
1913 5420 2186 5489 virgarum
2211 5420 2460 5490 mnigum.
2492 5419 2757 5478 Processu
2787 5422 2983 5480 deinde
3013 5425 3293 5496 temporis,
3334 5439 3459 5479 cum
3499 5423 3664 5478 etiam

403 5503 775 5567 lsraclitarum
823 5523 910 5564 res
948 5524 1045 5581 per
1078 5524 1201 5571 eum
1251 5516 1475 5575 statum,
1512 5524 1620 5582 quo
1659 5507 1861 5562 nullius
1904 5507 2039 5561 certi
2074 5509 2439 5581 magistratus
2486 5510 2715 5579 imperio
2765 5512 3207 5583 continebantur,
3256 5512 3309 5567 in
3348 5514 3665 5585 promiscua

475 5689 650 5759 man.
677 5708 799 5761 xm,
832 5693 921 5761 42.
