4132 6356
501 304 534 341 .)
1545 304 1614 362 IN
1651 307 1935 366 LAUDEM
1971 313 2011 368 F

2113 313 2276 375 TRIS
2321 319 2581 382 BASILII.
3596 338 3699 395 πιιι

431 406 614 478 populi
659 415 822 480 atque
872 411 1104 468 confusa
1154 424 1426 487 potestate
1468 421 1608 478 male
1652 438 1774 479 sese
1811 425 2108 497 haberent,
2152 433 2374 492 Samuel
2423 437 2657 502 exsistit,
2694 438 2787 510 qui
2837 456 2935 513 per
2986 458 3108 500 sese
3142 444 3392 503 subditos
3429 447 3482 503 in
3523 450 3699 506 ollicio

429 502 755 565 cmitineret,
789 515 838 557 et
880 520 908 557 a
944 509 1343 565 consuetudine
1387 519 1551 582 atque
1581 519 1912 574 commercio
1950 523 2376 601 alienigenarum
2425 533 2769 601 prohiberet,
2805 535 3001 592 deinde
3043 553 3166 593 cum
3204 541 3355 595 illum
3403 546 3694 600 confusum

429 603 654 660 statum,
685 610 796 666 quo
827 599 1010 654 nullus
1049 609 1234 658 certus
1278 605 1628 676 magistratus
1671 619 1810 676 eral,
1851 613 1918 668 ad
1957 597 2404 677 constitutionem
2454 627 2603 696 regni
2649 629 3003 694 traduxisset,
3045 631 3330 688 duodecim
3355 635 3530 692 tribus
3560 653 3696 692 eon-

428 691 674 759 gregavit
712 692 767 746 in
810 709 1000 757 unum,
1041 705 1096 750 et
1131 700 1339 768 regium
1382 702 1670 773 imperium
1701 706 1817 775 lege
1855 710 1961 764 lata
1993 715 2194 769 sanxit.

500 783 654 838 Μετά
674 785 845 841 ταῦτα
863 788 920 841 δὲ
943 788 1160 856 πολλαῖς
1182 791 1307 848 ὖστε
1317 812 1406 866 ρον
1427 801 1661 866 γενεαῖς,

432 879 656 944 εκεῖνος,
693 880 755 934 τὸ
811 887 1120 950 γυναικεῖον
1171 887 1524 961 ἀνδράποδον,
1585 893 1746 958 αὐτός
1794 911 1853 950 τε
1903 896 2013 951 τῶν

433 971 701 1045 πατρῴων
727 974 935 1050 ἀπέστη
968 976 1204 1050 θεσμῶν,
1236 983 1456 1050 γυναικὶ
1481 984 1717 1060 χλιδὼσῃ
1759 987 2013 1044 δεδουλω-

436 1062 616 1133 μένος,
645 1065 738 1119 καὶ
767 1066 867 1138 τὴν
904 1068 1014 1122 τῶν
1047 1070 1279 1126 εἰδώλων
1308 1073 1518 1145 πλάνην
1545 1077 1614 1130 δι’
1642 1079 1858 1150 ἐκείνης
1889 1083 2012 1134 ἐπι-

435 1158 802 1229 σπασάμενος,
850 1163 1257 1236 συναπέστησεν
1307 1166 1486 1239 ἑαυτῷ
1534 1169 1626 1222 τὸν
1671 1172 2013 1244 Ἰσραηλίτην

430 1246 559 1301 λαόν
577 1264 592 1278 ·
615 1249 735 1303 τότε
755 1250 1133 1309 ἀναδείκνυσιν
1150 1256 1178 1308 6
1198 1255 1330 1320 Θεὸς
1347 1259 1438 1312 τὸν
1473 1259 1657 1314 Ἠλίαν
1685 1262 2012 1335 ἀντίρροπον

433 1336 623 1426 ἔχοντα
671 1339 751 1411 τῷ
803 1342 1022 1411 μεγέθει
1068 1345 1168 1417 τῆς
1210 1347 1366 1401 νόσου
1412 1349 1520 1402 τῶν
1565 1349 1864 1423 ἀνθρώπων
1913 1353 2012 1426 τὴν

431 1425 838 1498 θεραπεύουσαν
875 1431 1124 1505 δύναμιν,
1153 1435 1342 1508 ἄνδρα,
1392 1439 1450 1492 ὲν
1479 1440 1751 1515 ὑπεροψία
1791 1443 1890 1515 τῆς
1921 1425 2012 1499 θε-

436 1518 666 1584 ραπείας
707 1519 801 1575 τοῦ
835 1521 1106 1595 σώματος,
1152 1528 1450 1598 αὐχμῶντα
1479 1529 1540 1584 τὸ
1568 1531 1878 1604 πρόσωπον,
1917 1537 2012 1590 καὶ

431 1607 509 1678 τῷ
541 1606 734 1680 πλήθει
765 1607 874 1664 τῶν
903 1611 1047 1667 ίδίων
1093 1616 1294 1687 τριχῶν
1341 1621 1718 1691 σκιαζόμενον,
1771 1623 2013 1697 ἱδιαστὴν

431 1699 511 1772 τῷ
549 1700 672 1772 βίῳ,
713 1704 908 1774 σεμνὸν
941 1706 1217 1779 προσιδεῖν
1241 1709 1300 1762 ἐν
1336 1710 1546 1781 ἀμειδεῖ
1593 1712 1671 1784 τῷ
1711 1715 2011 1787 προσώπῳ.

433 1791 528 1844 καὶ
564 1795 985 1867 πννενευμένον
1010 1797 1088 1870 τῷ
1118 1799 1409 1873 βλέμματι,
1439 1802 1669 1875 δέρματι
1710 1807 1901 1880 αἰγείῳ
1923 1826 2012 1863 το-

433 1885 622 1940 σοῦτον
636 1886 730 1941 τοῦ
757 1889 1007 1960 σώματος
1034 1891 1406 1966 σκέπ[τ1οντα,
1425 1897 1547 1950 ὅσον
1575 1898 2010 1974 εὐπρεπέστερόν

431 1979 547 2033 ἐστι
574 1979 999 2053 καλυπτόμενον,
1025 1985 1102 2056 τῷ
1124 1985 1181 2040 δὲ
1198 1987 1368 2059 λοιπῷ
1389 1987 1853 2064 διακαρτεροῦντα
1878 1993 2013 2065 πρὸς

429 2077 522 2131 τὸν
545 2076 704 2149 ἀέρα,
739 2077 832 2130 καὶ
858 2075 1013 2130 οὐδὲν
1043 2075 1179 2146 πρὸς
1201 2076 1299 2148 τὴν
1323 2079 1388 2131 ἐκ
1429 2079 1522 2133 τοῦ
1556 2080 1792 2146 θάλπους
1827 2100 1886 2135 τε
1919 2083 2011 2136 καὶ

1682 801 1771 854 ὅτε
1801 803 2006 873 Ἀχαάδ

2181 812 2494 868 Secundum
2561 814 2676 870 haec
2739 817 2929 873 multis
3017 829 3142 889 post
3211 830 3509 888 aatatnuus,
3566 841 3690 881 cum

2117 903 2358 967 Achaab,
2385 906 2636 962 mulieris
2667 905 2800 962 illud
2837 909 3196 980 mancipium,
3234 920 3288 967 et
3318 913 3436 983 ipse
3481 917 3693 987 patrios

2115 994 2258 1050 ritus
2310 1011 2594 1052 sacrormn
2656 999 3016 1068 deseruisset,
3055 1003 3272 1058 mulieri
3331 1006 3575 1062 debeata:
3629 1025 3693 1061 ac

2115 1087 2264 1141 molli
2301 1089 2576 1145 obnoxius
2615 1089 2814 1156 factus,
2845 1103 2897 1146 et
2940 1109 3038 1164 per
3071 1094 3221 1148 illam
3261 1098 3434 1152 ascito
3461 1100 3690 1154 simula-

2114 1193 2334 1233 crorum
2389 1196 2595 1248 errore,
2667 1181 2735 1237 ad
2787 1184 3034 1238 eamdem
3092 1201 3278 1241 secum
3329 1189 3689 1245 defectionem

2114 1269 2476 1326 lsraelitieuin
2510 1275 2772 1344 populum
2816 1277 3096 1340 traxisset,
3139 1288 3269 1334 tunc
3302 1280 3444 1336 Deus
3473 1284 3692 1337 exhibet

2114 1356 2312 1427 Eliam,
2347 1362 2440 1434 qui
2495 1365 2859 1436 magnitudini
2911 1367 3190 1422 hominum
3229 1373 3402 1426 morbi
3436 1389 3594 1444 pares
3623 1375 3692 1432 ad

2113 1452 2420 1507 sanandum
2455 1453 2602 1510 vires
2636 1455 2882 1521 haberet,
2910 1461 3113 1522 virum,
3138 1461 3229 1530 qui
3258 1463 3598 1519 curationem
3637 1473 3693 1520 et

2114 1541 2320 1597 cultum
2367 1545 2618 1615 corporis
2669 1547 2996 1618 despiceret,
3055 1549 3196 1607 faeie
3255 1555 3550 1623 squalenti,
3594 1557 3688 1626 qui

2113 1634 2467 1692 utnltitudine
2507 1654 2735 1694 suormn
2781 1642 3018 1696 crinium
3077 1645 3532 1713 obumbraretur,
3590 1649 3687 1719 qui

2114 1729 2377 1797 peculiari
2405 1732 2567 1785 modo
2608 1734 2824 1788 vivendi
2862 1743 3126 1803 uteretur,
3159 1748 3386 1808 aspectu
3415 1756 3688 1796 veneran-

2112 1819 2266 1882 dum,
2301 1821 2453 1876 vultu
2489 1823 2634 1878 tristi
2681 1840 2747 1878 ac
2805 1825 2952 1880 risus
3007 1831 3238 1898 experti,
3274 1831 3466 1886 obtutu
3499 1833 3691 1887 oculo—
3725 1848 3728 1852 '

2114 1927 2233 1966 rum
2268 1923 2421 1968 recto
2451 1924 2509 1969 et
2534 1915 2723 1970 eodem
2756 1933 2864 1986 quo
2897 1917 3220 1975 intendisset
3244 1924 3508 1993 vergenti,
3553 1925 3692 1993 pelle

2113 2005 2339 2072 caprina
2372 2014 2582 2061 tantum
2605 2007 2672 2063 de
2688 2025 2922 2080 corpore
2951 2019 3244 2082 tegentem,
3267 2023 3535 2085 quantum
3563 2017 3692 2070 abs-

2112 2096 2274 2150 condi
2310 2099 2484 2169 magis
2529 2099 2790 2156 decorum
2835 2111 2942 2167 est,
2992 2106 3200 2176 reliqua
3242 2117 3396 2177 parte
3441 2111 3691 2179 corporis

430 2169 633 2241 κρύους
659 2167 972 2239 ἀνωμαλίαν
1001 2168 1477 2242 ἐπιστρεφόμενον.
1512 2171 1608 2233 Ὃς
1625 2173 1918 2242 ἀναφανεὶς
1937 2172 2011 2242 τῷ

2114 2187 2182 2240 ad
2207 2203 2334 2243 aera
2369 2167 2776 2260 piardurantem,
2809 2202 2864 2249 et
2899 2195 3032 2251 nihil
3079 2167 3424 2268 iniqui-tatem
3455 2209 3511 2256 et
3541 2167 3693 2267 inju-

428 2257 561 2330 λαῷ,
594 2261 658 2331 τῇ
686 2275 743 2312 τε
789 2258 876 2312 διὰ
929 2257 1023 2312 τοῦ
1068 2257 1229 2331 λιμοῦ
1277 2259 1500 2331 μάστιγι
1553 2263 1874 2333 σωφρονίζει
1920 2262 2010 2318 τὸν

442 2350 680 2423 Ἰσραὴλ,
731 2349 983 2423 καθάπερ
1021 2351 1128 2404 τινὶ
1187 2351 1426 2426 σκυτάλῃ
1471 2355 1536 2426 τῇ
1570 2354 1795 2428 τοιαύτῃ
1825 2355 2006 2428 πληγῇ

427 2442 530 2513 τῆς
557 2441 782 2507 ἀταξίας
817 2441 910 2497 τοῦ
948 2441 1075 2496 λαοῦ
1106 2441 1516 2514 καθαπτόμενος
1537 2458 1550 2473 ’
1585 2446 1725 2516 μετά
1752 2446 1924 2500 ταῦτα
1953 2448 2010 2502 δὲ

429 2531 627 2602 καὶτῷ
656 2531 784 2603 θείῳ
830 2531 965 2602 πυρὶ
1008 2530 1088 2602 τῷ
1129 2531 1257 2602 περὶ
1304 2531 1402 2604 τὴν
1445 2534 1754 2606 ἱερουργίαν
1783 2552 2012 2608 γεγενη-

431 2622 576 2693 μένῳ
597 2620 888 2692 θεραπεύει
918 2619 1015 2692 τὴν
1043 2621 1174 2691 περὶ
1199 2622 1268 2676 τά
1299 2621 1493 2676 είδωλα
1513 2623 1687 2680 νόσον.
1729 2621 1865 2679 Εἶτα
1889 2629 2008 2698 μετ’

427 2716 634 2768 ἐκεῖνον
669 2711 825 2775 ἄλλος
857 2713 1064 2774 ἐκεῖνος
1105 2711 1319 2783 χρόνοις
1357 2712 1581 2784 ὕστερον
1611 2714 1851 2770 πλείοσιν
1878 2719 2010 2772 ἁνα-

428 2809 699 2879 φαίνεται,
749 2807 778 2861 6
824 2809 882 2861 ἐν
929 2805 1199 2878 πνεύματι
1251 2806 1345 2860 καὶ
1395 2805 1620 2879 δυνάμει
1684 2808 1866 2865 Ἠλίου
1921 2810 2010 2865 διὰ

427 2901 698 2973 Ζαχαρίου
749 2900 845 2954 καὶ
911 2899 1190 2954 Ἐλισάϐετ
1238 2897 1582 2970 ἐπιδημήσας
1627 2900 1705 2972 τῷ
1738 2899 1860 2972 βίῳ,
1914 2904 2010 2956 καὶ

431 2995 577 3049 ἀπαν
627 2991 688 3046 τὸ
744 2992 897 3057 ἔθνος
953 2989 1391 3062 ὲξεκκλησιάζων
1447 2992 1506 3045 ὲν
1556 2994 1622 3062 τῇ
1675 2995 1865 3064 ἐρήμῳ
1919 2994 2010 3048 διὰ

429 3083 805 3156 κηρύγματος,
856 3084 950 3137 καὶ
991 3083 1053 3137 τὸ
1083 3082 1175 3136 ὲπὶ
1217 3081 1295 3154 τῷ
1332 3084 1523 3154 αἵματι
1559 3082 1668 3137 τῶν
1714 3086 2009 3156 προῳητῶν

428 3175 646 3248 λύθρον,
679 3176 773 3229 καὶ
801 3175 869 3229 τὰ
895 3174 1214 3230 παντοδαπά
1236 3174 1542 3246 μιάσματα,
1569 3175 1666 3229 καὶ
1691 3175 1762 3229 τὰ
1791 3177 2010 3232 ποικίλα

428 3269 527 3340 τῆς
551 3267 824 3339 ἁμαρτίας
843 3267 1018 3337 δεσμά
1037 3282 1050 3294 ·
1078 3262 1159 3330 οἷς
1185 3265 1548 3338 ὑποδημάτων
1572 3267 1727 3340 δίκην
1758 3269 1900 3324 κατὰ
1918 3271 2010 3325 τὸν
2049 3285 2053 3292 ’

429 3359 621 3432 χρόνον
656 3360 859 3413 ἐκεῖνον
898 3358 1042 3422 ἄπας
1096 3357 1124 3411 6
1170 3357 1296 3423 λαὸς
1349 3360 1650 3415 ὲνεδέδετο·
1711 3363 1890 3418 πάντα
1941 3364 2011 3419 τὰ

429 3450 651 3505 τοιαῦτα
687 3447 762 3520 τῷ
795 3466 854 3503 τε
881 3449 1194 3521 κηρύγματι
1221 3449 1322 3521 τῆς
1352 3450 1639 3521 μετανοίας
1659 3452 1886 3519 ἐκλύων,
1916 3455 2010 3508 καὶ

431 3541 509 3614 τῷ
538 3543 977 3615 περιρραντηρίῳ
1025 3540 1177 3595 ὕδατι
1208 3543 1350 3596 κατά
1385 3541 1477 3595 τὸν
1503 3543 1776 3615 Ἰορδάνην
1805 3545 2009 3600 ἐκπλύ-

431 3656 558 3701 νων,
577 3638 635 3689 ὲν
649 3634 824 3688 οὐδενὶ
850 3634 912 3688 τὸ
930 3633 1150 3687 ἔλαττον
1178 3633 1285 3688 τῶν
1307 3635 1365 3688 ἐν
1392 3636 1560 3706 ἀρετῇ
1585 3636 2008 3706 προωδευκότων

431 3733 489 3786 ὲν
519 3731 630 3792 τοῖς
663 3727 804 3782 κατά
837 3727 967 3781 Θεὸν
1011 3727 1337 3791 ἐπεδείξατο.
1382 3727 1448 3781 Τί
1490 3726 1546 3781 δὲ
1590 3729 1730 3800 μετά
1764 3728 1951 3784 τοῦτον
1981 3733 2010 3786 6

430 3819 642 3884 Παῦλος
671 3819 808 3891 πρὸς
838 3819 900 3872 τὸ
929 3818 1228 3888 ἀκρότατον
1257 3817 1358 3888 τῆς
1391 3818 1532 3873 κατὰ
1565 3819 1698 3874 Θεὸν
1727 3823 2008 3893 προκοπῆς

430 3913 765 3984 ἀναδραμεῖν
806 3909 1051 3982 ἐκωλύθη
1078 3909 1409 3982 δευτερεύων
1437 3910 1515 3981 τῷ
1549 3912 1761 3984 χρόνῳ;
1791 3914 1892 3967 οῦκ
1921 3915 2010 3968 εύ-

432 4003 528 4067 θὺς
575 4001 810 4074 ἐραστὴς
861 3998 957 4054 τοῦ
1001 3998 1147 4052 θείου
1205 3998 1433 4062 κάλλους
1473 4000 1708 4068 ἐγένετο,
1759 4001 1851 4055 τοῦ
1897 4000 2011 4066 τοῖς

430 4094 729 4166 ὀφθαλμοῖς
787 4090 1257 4163 ἑναστράψαντος,
1314 4089 1450 4162 ὁμοῦ
1505 4089 1584 4163 τῷ
1634 4093 1734 4157 τὰς
1789 4093 2012 4159 λεπίδας

430 4187 722 4243 ἀποϐαλεῖν
770 4184 878 4238 τῶν
938 4182 1222 4254 ὀμμάτων,
1284 4183 1340 4237 αἳ
1403 4182 1669 4253 σύμϐολον
1724 4179 1865 4256 ἦσαν
1916 4183 2009 4240 τοῦ

431 4275 788 4349 περικαρδίου
813 4273 1202 4344 καλύμματος,
1237 4272 1268 4326 ὃ
1315 4273 1693 4344 περικείμενον
1724 4273 1803 4346 τῷ
1833 4275 2012 4348 διορα-

431 4365 567 4438 τικῷ
593 4365 701 4419 τῶν
733 4363 1000 4418 Ἰουδαίων
1021 4362 1231 4434 ψυχῶν,
1251 4362 1577 4431 τυφλώττειν
1599 4364 1795 4429 αὐτοὺς
1831 4383 2010 4438 παρα-

432 4456 685 4520 σκευάζει
707 4454 842 4526 πρὸς
870 4453 969 4525 τὴν
989 4453 1278 4526 ἀλήθειαν;
1309 4454 1422 4507 οὐκ
1441 4455 1627 4526 ἐπειδὴ
1650 4455 1728 4526 τῷ
1757 4458 2008 4529 μυστικῷ

431 4547 639 4620 λουτρῴ
663 4546 754 4600 τὸν
779 4547 875 4616 τῆς
908 4545 1129 4614 ἀγνοίας
1166 4562 1221 4598 τε
1259 4547 1353 4598 καὶ
1382 4546 1597 4616 ἀπάτης
1629 4547 1800 4618 ῥύπον
1841 4551 2012 4603 ἐναπ-

431 4639 600 4700 ίθ⁵τ⁰’
649 4636 808 4699 εὐθὺῖ
842 4635 977 4706 πρδς
1025 4635 1084 4688 τὸ
1135 4635 1404 4707 θειότερον
1450 4639 1857 4712 μετεσκευάσθη
1911 4643 2011 4713 τὴν

432 4730 613 4800 φύσιν,
650 4727 742 4780 καὶ
774 4719 883 4780 οἷον
918 4725 1074 4790 ἐκδὺς
1117 4728 1216 4798 τὴν
1250 4730 1482 4797 παχεῖαν
1518 4727 1720 4801 ταύτην
1755 4731 1848 4785 καὶ
1880 4749 2012 4805 σαρ-

432 4823 576 4890 κὼδη
624 4820 934 4892 περιϐολὴν,
975 4821 1156 4883 αὐτοῖς
1202 4824 1313 4884 τοῖς
1351 4821 1618 4894 οὐρανίοις
1655 4823 1866 4889 ἀδύτοις
1914 4828 2013 4880 ἐπ-

413 4910 748 4987 ἐχωρίαζεν,
773 4912 924 4967 οὐδὲν
937 4911 1103 4983 βαρού
1112 4930 1266 4982 μενος
1285 4913 1606 4986 τῴὲφολκίῳ
1622 4916 1717 4970 τοῦ
1738 4917 2005 4990 σώματος,

433 5011 524 5065 καὶ
547 5008 698 5072 ἐντὸς
725 5006 944 5076 ὶγένετο
975 5005 1074 5076 τῆς
1103 5005 1254 5068 θείας
1280 5005 1374 5058 τοῦ
1409 5007 1738 5078 παραδείσου
1759 5013 2005 5079 φυτείας,

431 5101 547 5154 ἐκεῖ
584 5098 683 5170 τὴν
723 5098 962 5170 ἄρρητον
995 5095 1383 5166 μυσταγωγίαν
1417 5095 1565 5168 παρά
1606 5099 1704 5167 τῆς
1751 5099 2006 5168 ἀληθείας

440 5191 823 5262 τελειούμενος,
865 5188 1116 5243 κάκεῖθεν
1145 5187 1434 5257 λαμϐάνων
1464 5189 1554 5242 τού
1583 5189 1740 5259 λόγου
1773 5193 1871 5265 τὴν
1918 5193 2008 5247 δύ-

437 5300 595 5352 ναμιν
619 5285 698 5347 εἰς
723 5281 969 5353 ὑπακοὴν
988 5280 1088 5350 τῆς
1116 5279 1350 5343 πίστεως
1377 5282 1434 5332 ὲν
1465 5283 1596 5335 πᾶσι
1623 5287 1734 5344 τοῖς
1759 5283 1966 5340 ἔθνεσιν
1988 5305 2003 5354 ;

435 5375 596 5428 Ὅθεν
621 5375 818 5447 μικροῦ
845 5374 954 5428 δεῖν
978 5375 1076 5445 τῆς
1103 5373 1426 5444 οἰκουμένης
1463 5372 1644 5445 πάσης
1670 5376 1846 5450 πατὴρ
1869 5377 2014 5448 γίνε-

443 5488 543 5534 ται,
591 5471 680 5524 διὰ
723 5471 831 5524 τῶν
877 5469 1262 5541 πνευματικῶν
1305 5470 1509 5524 ὠδίνων
1537 5473 1614 5536 εἰς
1651 5473 1766 5540 φῶς
1800 5477 2010 5542 ἐνάγων

435 5564 560 5624 τοὺς
579 5562 649 5616 δι’
681 5562 844 5615 αὑτοῦ
872 5562 1280 5634 μορφουμένους
1312 5563 1452 5616 κατά
1479 5565 1712 5634 Χριστὸν
1735 5567 1814 5629 εἰς
1853 5569 2009 5621 εὐσέ-

434 5653 606 5707 ϐειαν.
638 5654 700 5708 Ei
744 5654 924 5707 τοίνυν
954 5655 1046 5707 ἐπὶ
1074 5655 1184 5719 τῶν
1214 5655 1390 5709 ἄλλων
1432 5656 1622 5723 ἁγίων,
1657 5658 1689 5728 ἡ
1735 5659 1876 5712 κατὰ
1920 5661 2011 5714 τὸν

435 5746 626 5817 χρόνον
656 5747 807 5821 τάξις
837 5748 988 5802 οὐδὲν
1017 5752 1113 5819 τῆς
1145 5748 1283 5801 κατὰ
1309 5747 1443 5801 Θεὸν
1468 5751 1749 5823 προκοπῆς
1777 5754 2017 5829 ἠλάττω-

2113 2280 2250 2334 riam
2276 2282 2361 2335 vel
2387 2291 2557 2339 aestus
2591 2285 2671 2338 vel
2702 2284 2926 2356 (rigoris
2953 2300 3258 2356 curantem,
3295 2292 3387 2362 qui
3417 2307 3543 2346 eum
3589 2307 3689 2362 po-

2109 2373 2240 2440 pulo
2267 2373 2552 2431 exhibitus
2579 2384 2749 2441 esset,
2797 2378 3033 2447 primum
3083 2383 3295 2452 ﬂagello
3325 2381 3487 2440 lamis
3520 2383 3692 2440 Israe—

2111 2461 2215 2518 lem
2247 2464 2314 2518 ad
2365 2465 2656 2522 sanitatem
2697 2468 2934 2534 reducit,
2977 2472 3144 2526 veluti
3189 2475 3402 2529 scutica
3451 2476 3688 2544 quadam

2109 2552 2381 2624 ejusmodi
2410 2557 2567 2629 plaga
2602 2567 2764 2631 atque
2805 2577 2966 2631 pugna
3004 2564 3356 2620 insolentiam
3395 2568 3580 2638 populi
3624 2583 3691 2623 ac

2110 2647 2473 2718 petulantiam
2493 2650 2816 2720 incessens;
2849 2655 3045 2709 deinde
3075 2657 3483 2721 etiam,'divino
3513 2662 3565 2714 in
3597 2676 3691 2716 sa-

2108 2738 2321 2794 criﬁcio
2372 2739 2484 2809 igni
2540 2743 2781 2799 excitato
2818 2782 2834 2807 ,
2882 2753 3040 2800 curat
3076 2747 3326 2803 morbum
3365 2749 3692 2806 simulacro-

2109 2845 2232 2884 rum
2261 2830 2464 2886 cultns.
2503 2831 2704 2889 Deinde
2731 2836 3034 2891 secundum
3062 2837 3213 2891 illum
3241 2838 3382 2894 alius
3421 2840 3691 2895 illecum-

2112 2919 2365 2990 pluribus
2396 2922 2739 2990 temporibus
2767 2933 2890 2994 post
2917 2926 3160 2990 exsistit,
3191 2928 3285 2998 qui
3318 2928 3372 2983 in
3405 2930 3601 2999 spiritu
3635 2938 3692 2984 et

2109 3011 2314 3066 virtute
2347 3009 2477 3066 Elia:
2508 3028 2604 3082 per
2638 3012 2962 3068 Zachariam
3018 3023 3073 3071 et
3125 3015 3456 3074 Elisahetam
3489 3020 3692 3090 produ-

2109 3109 2257 3166 ctus,
2296 3109 2351 3158 et
2377 3103 2430 3156 in
2461 3103 2570 3158 vita
2599 3112 2849 3161 versatus
2873 3114 2980 3170 est,
3013 3116 3178 3176 atque
3222 3109 3535 3165 universam
3559 3128 3692 3180 gen-

2111 3201 2220 3248 tem
2257 3193 2312 3248 in
2350 3194 2648 3250 solitudine
2701 3211 2798 3266 per
2848 3197 3288 3267 prmdicationem
3325 3201 3415 3271 (ad
3455 3202 3539 3272 se)
3564 3219 3695 3257 (ιι-οη

2109 3298 2244 3340 cans
2277 3303 2292 3340 :
2339 3291 2396 3341 et
2422 3286 2615 3342 sordes
2645 3286 2714 3340 ob
2745 3288 3068 3358 sanguinem
3100 3291 3491 3359 prophetarum
3533 3293 3693 3363 (ell‘u.

2111 3375 2260 3448 sum)
2303 3384 2641 3442 contractas,
2671 3385 2727 3433 et
2767 3379 3096 3449 multiplicia
3127 3381 3363 3450 piacula,
3400 3383 3698 3453 variosque

2037 3517 2081 3578 Ο
2112 3469 2322 3540 peccati
2359 3468 2555 3535 nodos,
2595 3469 2798 3540 quibus
2831 3471 3328 3528 calceamentorum
3377 3473 3432 3526 in
3469 3473 3695 3526 modum

2113 3561 2169 3614 in
2231 3556 2327 3614 illo
2373 3568 2622 3630 tempore
2683 3559 2975 3615 universus
3026 3562 3263 3632 populus
3305 3561 3605 3632 implicitus
3635 3570 3692 3618 et

2109 3650 2350 3721 illigatus
2377 3660 2494 3704 erat
2524 3667 2538 3704 :
2574 3649 2757 3704 omnia
2786 3650 3056 3718 ejusmodi
3087 3651 3250 3711 mala.
3275 3667 3400 3705 cum
3428 3652 3692 3722 praedira-

2109 3742 2259 3796 tione
2292 3741 2630 3811 pmitentiae
2661 3741 3006 3806 dissolveret,
3043 3751 3098 3798 et
3134 3758 3290 3814 aquai
3317 3743 3691 3815 circumsper-

2109 3832 2265 3888 sione
2295 3832 2361 3888 ad
2391 3830 2686 3888 Iordanem
2731 3835 2958 3897 clueret,
2997 3836 3052 3890 in
3097 3837 3247 3890 nulla
3286 3852 3345 3891 re
3378 3837 3560 3892 divina
3591 3837 3695 3891 mi-

2110 3939 2215 3978 nus
2245 3924 2521 3994 praastitit,
2575 3939 2740 3995 quam
2789 3925 2866 3979 illi
2909 3927 3001 3996 qui
3057 3927 3112 3981 in
3161 3929 3425 3983 exercitio
3471 3930 3692 3997 virtutis

2112 4024 2242 4071 ante
2271 4031 2398 4072 eum
2426 4016 2664 4071 luerunt.
2703 4014 2844 4082 Quid
2875 4017 3005 4070 item
3044 4027 3167 4087 post
3198 4018 3344 4073 hunc
3365 4017 3588 4086 Paulus,
3625 4037 3694 4074 eo

2110 4109 2254 4180 quod
2295 4118 2537 4178 tempore
2572 4107 2841 4178 posterior
2867 4118 3032 4172 esset,
3065 4108 3131 4163 ad
3157 4124 3433 4165 summurn
3460 4112 3689 4181 gradum

2111 4196 2284 4254 divini
2319 4211 2647 4268 progressus
2673 4204 2728 4250 et
2759 4197 3087 4252 incrementi
3123 4197 3354 4254 eradere
3380 4200 3691 4269 prohibitus

2111 4290 2228 4345 est?
2259 4304 2444 4343 annon
2497 4288 2749 4360 protinus
2775 4289 2976 4344 divina‘
2998 4290 3452 4360 pulchritudinis,
3479 4308 3600 4362 quae
3633 4293 3688 4348 in

2112 4381 2289 4439 oculis
2320 4381 2442 4451 ejus
2487 4379 2799 4447 refulserat,
2851 4391 3062 4437 amator
3083 4383 3316 4450 exstitit,
3359 4384 3696 4456 simulatun

2114 4475 2184 4530 ab
2218 4473 2394 4529 oculis
2435 4489 2695 4544 squamas
2740 4475 2968 4545 rejecit?
2995 4492 3118 4546 qua:
3157 4481 3421 4547 'squama:
3470 4478 3692 4545 signum

2113 4573 2276 4622 erant
2310 4565 2635 4636 tegumenti,
2673 4579 2782 4635 quo
2821 4580 2918 4620 cor
2949 4565 3113 4637 (ejus)
3139 4566 3438 4621 obductum
3467 4565 3645 4621 fuerat
3673 4581 3691 4626 ξ

2115 4672 2228 4728 quo
2261 4664 2580 4726 legumento
2637 4655 2952 4732 Judaeorum
3003 4657 3309 4714 animarum
3363 4659 3510 4714 acies
3566 4675 3692 4728 pcr-

2113 4749 2356 4819 spectiva
2389 4747 2627 4803 obducta
2669 4755 2834 4818 atque
2871 4749 3132 4821 obligata,
3164 4765 3341 4806 caecos
3383 4766 3478 4806 eos
3509 4750 3690 4808 ell'crit

2115 4839 2182 4894 ad
2210 4838 2538 4894 veritatem?
2567 4854 2751 4894 nonne
2805 4849 3158 4910 posteaquam
3219 4843 3411 4897 sordes
3451 4857 3588 4912 quas
3620 4857 3691 4899 ex

2117 4931 2425 5000 ignorantia
2483 4940 2648 5000 atque
2691 4947 2881 4987 errore
2927 4942 3311 4998 contraxerat,
3345 4935 3400 4989 in
3453 4936 3696 5004 mystico

2118 5023 2337 5077 lavacro
2363 5021 2639 5092 deposuit,
2689 5025 2941 5092 protinus
2982 5025 3049 5078 ad
3088 5025 3458 5093 augustiorem
3497 5029 3688 5078 curuli-

2114 5115 2319 5169 tionem
2361 5120 2557 5168 natura
2606 5113 3030 5170 transformatus
3074 5125 3176 5181 est,
3236 5124 3289 5170 et
3347 5115 3492 5171 velut
3524 5125 3690 5170 exuto

2115 5207 2219 5261 hoc
2251 5221 2441 5261 crasso
2479 5213 2643 5275 atque
2677 5220 2877 5260 earnco
2907 5207 3110 5261 amictu
3155 5207 3208 5262 in
3253 5207 3389 5279 ipsis
3421 5211 3688 5264 malorum

2116 5299 2298 5370 adytis
2329 5297 2692 5352 versabatur?
2736 5293 2800 5350 Et
2848 5297 2984 5352 nihil
3029 5300 3277 5368 corporei
3316 5299 3689 5369 impedimenti

2117 5392 2360 5463 pondere
2411 5391 2678 5457 tardatus,
2729 5391 2897 5446 etiam
2954 5393 3100 5447 intra
3158 5393 3398 5448 divinam
3445 5394 3688 5464 paradisi

2112 5486 2477 5540 consitionem
2533 5486 2899 5555 perveniebat,
2931 5498 2986 5542 et
3015 5487 3126 5542 illic
3167 5501 3367 5541 arcana
3401 5501 3686 5542 sacrorum

2112 5579 2405 5648 disciplina
2467 5594 2496 5631 a
2558 5577 2786 5634 veritate
2828 5579 3168 5642 initiabatur,
3221 5587 3386 5652 atque
3441 5577 3590 5634 illinc
3619 5577 3686 5631 ad

2111 5671 2474 5727 obedienduut
2513 5671 2636 5725 lldei
2677 5672 2730 5725 in
2761 5673 3018 5727 omnibus
3043 5673 3299 5742 gentilnts
3330 5671 3439 5726 vim
3472 5685 3685 5724 serum-

2126 5762 2212 5820 nis
2241 5761 2576 5834 accipiebat?
2601 5761 2753 5820 Unde
2779 5763 2947 5820 totius
2979 5763 3370 5836 propemodum
3400 5760 3552 5816 orhis
3579 5769 3686 5813 ter-
