4132 6356
413 321 529 389 195

1663 330 1720 386 S.
1756 327 2083 386 GREGORII
2111 321 2400 383 NYSSENI

3573 316 3686 376 795

417 463 604 504 rarum
634 454 786 518 pater
811 448 1049 516 exsistit,
1082 465 1178 520 per
1207 448 1524 520 Spirituales
1549 449 1767 506 labores
1792 459 1846 505 et
1873 466 1998 520 par-
2026 502 2029 509 ι

2133 463 2213 510 εν,
2255 443 2532 515 όμοτίμως
2565 441 2781 509 ἑκάστῳ
2808 439 2905 510 τῆς
2949 437 3168 508 χάριτος
3202 433 3336 506 πρὸς
3379 432 3478 504 τὴν
3519 433 3694 488 τελει-

421 549 514 594 tus
546 554 641 594 eos
677 537 769 609 qui
820 555 918 610 per
968 540 1146 611 ipsum
1193 539 1261 595 ad
1315 540 1686 596 Christianam
1738 541 1994 611 pietatem

422 629 757 693 formantur,
817 631 871 685 iu
923 630 1100 686 lucem
1161 630 1488 701 producens.
1545 631 1602 686 Si
1647 631 1812 702 igitur
1857 632 1998 686 ratio

426 721 694 790 temporis
728 721 780 774 in
811 721 1027 774 ceteris
1051 719 1258 775 sanctis
1281 721 1417 774 nihil
1445 720 1593 790 quod
1633 721 1900 791 pertineat
1929 719 1998 774 ad

421 812 666 866 divinum
733 812 1130 866 incrementum
1200 819 1365 882 atque
1424 827 1773 882 progressum
1822 812 2001 866 immi-

425 904 567 966 nuit,
597 919 662 958 eo
695 902 841 972 quod
875 903 1081 972 pariter
1137 910 1192 958 et
1249 919 1315 958 ex
1373 918 1531 973 :cquo
1587 904 1762 974 gratia
1803 920 2003 958 unum-

425 1009 696 1062 quemque
735 992 1020 1063 adjuvarct
1079 993 1146 1048 ad
1201 993 1590 1064 perfectionem
1623 1012 1636 1048 :
1674 1010 1781 1048 non
1818 995 2007 1049 imme-

426 1087 532 1138 rito
556 1083 824 1138 audemus
850 1083 1014 1137 etiam
1077 1099 1224 1145 eum,
1273 1084 1367 1154 qui
1429 1092 1620 1138 nostra
1673 1092 1835 1138 aetate
1883 1083 2004 1147 fuit,

429 1175 711 1230 hominem
739 1175 1008 1239 divinum,
1043 1190 1300 1244 magntun
1330 1174 1463 1229 illud
1490 1174 1740 1231 veritatis
1769 1190 1874 1233 das
1899 1175 2002 1230 Ba-

427 1268 638 1332 silium,
697 1267 916 1338 inclytis
972 1267 1082 1321 illis
1117 1266 1327 1322 sanctis
1360 1265 1831 1321 annumerandum
1879 1281 2005 1322 esse

423 1356 634 1424 dicere,
673 1360 876 1428 quippe
915 1375 1040 1412 eum
1087 1357 1350 1429 temporis
1389 1357 1708 1413 vicissitudo
1737 1358 1872 1412 nihil
1902 1358 2004 1412 im—

428 1449 612 1518 pcdiat
637 1449 717 1502 vel
749 1449 983 1504 sublime
1007 1448 1152 1503 illius
1181 1462 1310 1518 erga
1346 1445 1512 1502 Deum
1561 1447 1801 1502 studium
1841 1456 2007 1517 atque

429 1539 784 1606 desiderium,
827 1541 909 1595 vel
956 1542 1197 1596 divinam
1234 1539 1468 1609 gratiam
1512 1539 1580 1593 ad
1618 1539 1859 1594 animam
1887 1555 2010 1610 per-

2101 539 2270 609 ότητα
2317 533 2715 605 συνεργούσηςο
2766 531 2989 593 εἰκότως
3033 526 3320 598 τολμῶμεν
3369 525 3587 580 καὶτὸν
3630 526 3690 578 ἐν

2101 629 2170 698 τῇ
2208 625 2329 680 καθ’
2365 625 2511 694 ἡμᾶς
2561 624 2721 693 γενεᾷ
2768 620 2863 674 τοῦ
2908 618 3043 673 Θεοῦ
3083 619 3392 688 ἄνθρωπον,
3439 615 3501 668 τὸ
3548 615 3692 687 μέγα

2107 716 2298 776 σκεῦος
2312 715 2410 786 τῆς
2432 713 2706 784 ἀληθείας,
2738 711 3039 774 Βασίλειον,
3066 712 3178 772 τοῖς
3203 709 3520 776 ὀνομαστοῖς
3550 707 3694 760 ἐκεί-

2108 825 2222 872 νοις
2251 807 2422 876 ἁγίοις
2449 805 2761 876 ἐναρίθμιον
2793 797 2934 856 εἷναι
2971 801 3171 868 λέγειν,
3200 797 3349 852 οὐδὲν
3382 797 3482 866 τῆς
3509 814 3694 868 χρονι-

2111 902 2214 973 κῆς
2257 898 2576 962 ἀκολουθίας
2617 896 2740 950 ούτε
2786 897 2888 966 τὴν
2929 893 3140 964 ὑψηλὴν
3183 891 3392 946 ἐκείνου
3427 891 3564 962 πρὸς
3601 890 3693 942 τὸν

2110 991 2243 1045 Θεὸν
2269 989 2585 1060 ἐπιθυμίαν,
2627 986 2752 1042 οὔτε
2783 987 2880 1056 τὴν
2927 985 3077 1040 Θείαν
3099 984 3260 1056 χάριν
3291 982 3428 1054 πρὸς
3457 981 3554 1051 τὴν
3595 981 3692 1051 τῆς

2112 1082 2289 1153 ψυχῆς
2323 1080 2597 1134 τελείωσιν
2635 1077 3030 1150 ἐμποδιζούσης
3057 1089 3071 1103 “
3109 1076 3183 1138 ὡς
3213 1074 3278 1129 ἂν
3304 1073 3379 1144 μὴ
3419 1074 3513 1142 τῆς
3545 1071 3694 1133 θείας

2107 1173 2415 1244 οἰκονομίας
2439 1172 2468 1224 ό
2498 1169 2699 1233 σκοπός
2741 1185 2794 1222 τι
2837 1166 3238 1239 παραϐλαϐείη,
3273 1165 3308 1236 ἦ
3337 1181 3389 1218 τι
3415 1163 3568 1236 παρά
3594 1164 3695 1232 τὴν

2107 1263 2202 1318 τοῦ
2222 1263 2410 1334 χρόνου
2436 1261 2614 1315 αἰτίαν
2645 1257 2973 1328 ἐλαττωθείη
3002 1257 3101 1327 τῆς
3129 1255 3257 1327 παρ’
3285 1253 3450 1308 αὐτοῦ
3481 1270 3695 1306 συνεισ-

2110 1356 2414 1427 φερομένης
2459 1352 2776 1424 συμμαχίας
2822 1349 2959 1420 πρὸς
2998 1349 3059 1402 τὸ
3096 1347 3412 1418 μυστήριον.
3471 1345 3696 1407 Πάντως

2111 1450 2169 1502 δὲ
2213 1449 2388 1511 οὐδεὶς
2440 1448 2624 1516 ἀγνοεῖ
2669 1445 2758 1500 τὸν
2806 1443 3007 1498 σκοπὸν
3039 1443 3139 1513 τῆς
3183 1440 3322 1495 κατὰ
3366 1440 3457 1492 τὸν
3503 1436 3694 1509 χρόνον

2113 1541 2301 1594 τοῦτον
2332 1538 2424 1592 τοῦ
2463 1537 2781 1592 διδασκάλου
2807 1538 2840 1606 ἡ
2851 1534 2967 1606 μῶν
2997 1533 3342 1599 ἀναδείξεως.

425 1625 571 1682 fecte
611 1636 666 1684 et
695 1629 943 1685 absolute
985 1629 1340 1684 excolendam
1394 1636 1449 1682 et
1503 1626 1902 1692 exornandam,
1973 1643 2041 1684 ne
2073 1644 2180 1698 quo
2221 1631 2384 1682 modo
2436 1629 2519 1684 vel
2573 1625 2747 1682 divini
2804 1625 3020 1680 consilii
3086 1619 3578 1693 dispositionisque
3615 1617 3702 1672 in-

427 1719 605 1774 tentio
634 1728 796 1790 atque
845 1722 1185 1790 propositum
1231 1720 1544 1789 sugilletur,
1573 1719 1656 1773 vel
1697 1720 1902 1789 aliquid
1930 1720 2000 1774 de
2057 1720 2206 1775 illius
2240 1720 2446 1774 auxilio
2500 1728 2665 1789 atque
2715 1718 2991 1789 praesidio,
3038 1716 3184 1786 quod
3247 1712 3316 1767 ad
3382 1710 3700 1783 mysterium

435 1808 918 1874 eonsiderabatur,
985 1819 1210 1880 propter
1261 1809 1525 1880 temporis
1577 1823 1800 1864 causam
1843 1817 2190 1876 extenuetur,
2232 1819 2287 1866 et
2324 1810 2514 1866 leviori
2555 1825 2718 1880 quam
2767 1823 2867 1878 par
2920 1818 3028 1870 est,
3063 1815 3341 1863 momento
3378 1805 3702 1861 aestimetur.

435 1895 606 1950 Nemo
631 1905 810 1952 autem
848 1914 1075 1968 prorsus
1107 1899 1342 1969 ignorat,
1361 1915 1470 1968 quo
1497 1898 1735 1954 consilio
1765 1899 1817 1952 in
1855 1899 1957 1954 hoc
1984 1907 2227 1972 tempore
2257 1910 2556 1971 praeceptor
2583 1908 2770 1956 noster
2799 1898 3118 1970 designatus
3134 1907 3188 1952 et
3217 1897 3496 1952 exhibitus
3528 1896 3621 1952 sit.

507 1986 869 2059 Posteaquam
891 1989 1034 2044 enim
1058 1989 1339 2044 hominum
1371 1991 1587 2044 insania
1612 1991 1760 2044 circa
1783 1992 2011 2047 simula-
2043 2002 2085 2056 Β

432 2093 656 2134 crorum
690 2080 897 2134 cultum
940 2080 1326 2150 praedicatione
1355 2081 1562 2136 Christi
1603 2083 1873 2137 exstincta
1911 2091 2016 2144 est,

439 2179 495 2223 et
541 2171 724 2226 omnia
761 2169 874 2241 jam
919 2170 1147 2226 delubra
1195 2183 1514 2242 caetera:th
1559 2189 1666 2235 res,
1713 2191 1833 2243 qua:
1880 2189 2020 2228 vano

439 2262 777 2316 dementium
833 2262 984 2316 cultu
1034 2262 1302 2316 celebrari
1365 2278 1429 2317 ac
1485 2261 1818 2331 frequentari
1879 2265 2020 2318 sole-

450 2355 615 2420 bant,
664 2352 861 2407 dirutze
899 2361 1062 2422 atque
1107 2369 1139 2408 e
1184 2352 1363 2406 medio
1401 2352 1631 2407 sublatae
1675 2362 1854 2418 erant,
1895 2369 2018 2409 cum

451 2463 545 2516 per
589 2447 904 2502 universum
945 2460 1082 2516 pene
1129 2452 1401 2500 terrarum
1471 2447 1657 2500 orbem
1721 2447 2020 2501 habitatum

447 2541 761 2612 praadicatio
785 2540 1004 2610 pietatis
1035 2547 1090 2594 et
1114 2538 1226 2593 veri
1259 2537 1351 2592 Dei
1391 2537 1574 2592 cultus
1600 2548 1766 2608 atque
1801 2538 2021 2609 religio-

445 2636 538 2688 nis
563 2633 916 2703 pervasisset,
943 2630 1082 2686 adeo
1105 2641 1164 2684 ut
1187 2631 1233 2685 is
1255 2630 1347 2700 qui
1376 2628 1586 2686 fraudis
1609 2630 1860 2684 humanm
1882 2631 2026 2700 prin-

446 2727 688 2794 cipatum
721 2733 776 2780 et
819 2723 1106 2793 imperium
1157 2730 1341 2788 tenet,
1377 2739 1439 2777 ex
1485 2723 1740 2777 omnibus
1777 2723 2025 2792 partibus

447 2818 602 2872 orbis
636 2825 908 2872 terrarum
945 2813 1154 2870 Christi
1187 2812 1408 2869 nomine
1439 2813 1802 2882 expelleretur
1846 2822 1900 2869 et
1930 2829 2026 2868 ex-

449 2908 805 2962 turbaretur:
850 2904 1040 2960 solerti
1066 2914 1120 2959 et
1151 2903 1350 2958 callido
1386 2904 1642 2958 nimirum
1669 2905 1734 2958 ad
1766 2905 2025 2960 malltiam

455 2999 724 3054 inventori
787 2996 1012 3052 malitiae
1077 3003 1242 3065 atque
1305 2994 1562 3065 nequitiae
1610 2996 1901 3051 scelestum
1971 3003 2027 3051 et

454 3088 758 3158 improbum
793 3085 1083 3140 consilium
1119 3098 1227 3138 non
1265 3083 1467 3147 defuit,
1503 3099 1612 3155 quo
1646 3099 1742 3154 per
1781 3083 2025 3138 fraudem

455 3179 634 3233 denuo
675 3177 971 3232 obnoxium
1022 3174 1124 3229 sibi
1176 3173 1427 3229 redderet
1475 3190 1645 3244 genus
1696 3174 2026 3240 humanum;

455 3265 552 3322 seri
591 3268 695 3322 sub
743 3276 1008 3336 prietextu
1049 3280 1114 3320 ac
1146 3265 1329 3334 specie
1359 3263 1770 3319 Cbristiauismi
1803 3265 2030 3320 simula-

2196 1995 2413 2066 Ἐπειδὴ
2442 1994 2604 2067 γάρὴ
2639 1993 2767 2066 περ)⁵
2800 1994 2868 2048 τά
2915 1994 3106 2048 εἴδωλα
3125 1993 3234 2046 τῶν
3260 1991 3561 2063 ἀνθρώπων
3591 2008 3700 2063 μα-

2124 2085 2211 2138 νία
2261 2084 2337 2155 τῷ
2389 2083 2704 2156 κηρύγματι
2752 2083 2844 2138 τοῦ
2894 2082 3129 2155 Χριστοῦ
3183 2080 3516 2152 κατεσϐέσθη
3545 2120 3560 2142 ,
3611 2083 3704 2135 καὶ

2125 2177 2302 2228 πάντα
2327 2171 2393 2248 ἦν
2418 2179 2473 2230 ἐν
2503 2175 2765 2248 ἐρειπίοις
2795 2177 2893 2246 ἤδη
2921 2175 3014 2229 καὶ
3047 2171 3338 2245 ἀφανισμῷ
3364 2171 3434 2226 τὰ
3461 2172 3567 2227 τῶν
3601 2189 3705 2244 μα-

2123 2268 2291 2322 ταίων
2327 2268 2666 2339 σεϐάσματα,
2707 2268 2794 2322 διὰ
2824 2268 3004 2335 πάσης
3035 2265 3218 2337 σχεδὸν
3255 2267 3354 2336 τῆς
3381 2265 3708 2335 οἰκουμένης

2123 2359 2218 2413 τοῦ
2269 2358 2618 2430 κηρύγματος
2669 2358 2769 2428 τῆς
2807 2357 3088 2420 εὐσεϐείας
3127 2355 3509 2426 φοιτήσαντος,
3562 2354 3704 2408 ὥστε

2126 2450 2215 2503 τὸν
2246 2448 2640 2522 ἐπικρατοῦντα
2679 2448 2778 2519 τῆς
2809 2448 3156 2520 ἀνθρωπίνης
3178 2447 3395 2517 ἀπάτης
3433 2445 3703 2516 πανταχό-

2128 2540 2218 2593 θεν
2246 2539 2615 2613 ἐξείργεσθαι,
2651 2538 2726 2610 τῷ
2752 2539 2844 2592 τοῦ
2872 2537 3110 2609 Χριστοῦ
3147 2537 3372 2608 ὀνόματι
3400 2539 3499 2607 τῆς
3527 2537 3707 2589 οίκουο

2132 2630 2299 2702 μένης
2325 2631 2740 2702 ἐξελαυνόμενον
2762 2647 2776 2662 ο
2811 2630 2972 2700 σοφὸς
3005 2630 3062 2684 δὲ
3091 2631 3170 2695 είς
3201 2629 3398 2683 κακίαν
3438 2627 3513 2682 ὢν
3536 2629 3565 2682 ό
3607 2629 3706 2698 τῆς

2130 2721 2326 2785 κακίας
2374 2721 2638 2794 εὑρετὴς,
2683 2723 2784 2776 οὐκ
2820 2722 3100 2792 ἠπόρησεν
3156 2721 3399 2792 πονηρᾶς
3444 2720 3708 2786 ἐπινοίας,

2132 2809 2274 2863 ὥστε
2319 2809 2478 2864 πάλιν
2534 2810 2842 2882 ὑποχείριον
2892 2811 3116 2881 ποιῆσαι
3161 2810 3228 2864 δι’
3275 2810 3491 2879 ἀπάτης
3532 2809 3709 2880 ἐαυτῷ

2130 2900 2192 2954 τὸ
2239 2900 2576 2971 ἀνθρώπινον
2600 2919 2614 2934 ο
2647 2902 2762 2956 ἀλλ’
2795 2903 2853 2956 ἐν
2900 2903 3247 2973 προσχήματι
3277 2901 3705 2972 Χριστιανισμοῦ

2131 2993 2229 3064 τὴν
2263 2994 2708 3066 είδωλολατρείαν
2758 2993 2902 3048 κατὰ
2954 2994 3015 3046 τὸ
3060 2992 3285 3065 λεληθὸς
3335 2993 3706 3066 ἐπανήγαγεν,

2133 3085 2327 3151 πείσας
2359 3088 2470 3151 τοῖς
2502 3086 2651 3152 ἰδίοις
2691 3085 2984 3159 σοφίσμασι
3027 3086 3154 3152 τοὺς
3185 3085 3320 3158 πρὸς
3347 3088 3510 3142 αὐτὸν
3535 3087 3709 3160 όρῶν⁴

2133 3195 2228 3241 τας
2263 3177 2335 3250 μὴ
2363 3178 2664 3249 ἀποστῆναι
2693 3181 2791 3250 τῆς
2817 3179 3047 3244 κτίσεως
3065 3219 3080 3245 ,
3127 3179 3264 3234 ἀλλὰ
3292 3179 3498 3251 ταύτην
3538 3196 3680 3252 προσ
3705 3211 3712 3220 -

2136 3271 2316 3323 κυνεῖν
2380 3270 2475 3322 καὶ
2506 3268 2707 3338 ταύτην
2760 3269 3050 3335 σέϐεσθαι,
3093 3271 3188 3324 καὶ
3223 3270 3356 3325 Θεὸν
3395 3270 3455 3324 τὸ
3505 3271 3715 3342 ποίημα

457 3374 678 3416 crsrum
703 3359 909 3412 cultum
943 3358 1173 3412 latenter
1199 3355 1432 3418 reduxit,
1461 3371 1587 3410 cum
1616 3355 1733 3411 suis
1761 3370 2029 3411 commen-

2134 3357 2359 3423 οἴεσθαι,
2386 3361 2451 3428 τῇ
2483 3358 2574 3411 τοῦ
2600 3357 2733 3412 Υίοῦ
2764 3359 2952 3431 κλήσει
2988 3359 3411 3431 ὀνομαζόμενον.
3439 3361 3502 3414 Et
3549 3360 3605 3414 δὲ
3650 3362 3717 3414 ἐκ

459 3455 532 3510 tis
579 3462 631 3508 et
677 3453 993 3523 imposturis
1051 3451 1413 3520 persuasisset
1459 3451 1547 3517 iis,
1583 3452 1678 3521 qui
1723 3451 1790 3506 ad
1852 3453 2030 3521 ipsum

461 3543 819 3617 spectabant,
883 3558 951 3598 ue
1001 3541 1302 3598 deficerent
1350 3558 1379 3596 a
1428 3549 1705 3604 creatura,
1763 3543 1856 3597 sed
1911 3558 2033 3599 eam

456 3642 751 3696 adorarent
770 3646 824 3694 et
847 3646 1260 3701 venerarentur,
1287 3635 1567 3705 Deumque
1583 3645 1890 3690 creaturam
1913 3651 2037 3692 esse

464 3740 740 3804 putarent,
769 3745 892 3802 qua:
937 3727 1060 3784 Filii
1093 3728 1313 3784 nomine
1359 3733 1667 3783 vocaretur.
1708 3726 1863 3793 Quod
1895 3727 1941 3782 si
1968 3741 2036 3782 ex

465 3826 628 3882 rebus
657 3840 778 3896 qua:
811 3839 919 3879 non
951 3830 1160 3885 essent,
1192 3827 1441 3876 creatura
1476 3819 1740 3890 producta
1768 3827 1873 3886 est,
1913 3827 1968 3873 et
2006 3833 2038 3873 a

462 3920 646 3974 divina
684 3917 944 3984 essentia,
972 3923 1241 3988 quantum
1288 3914 1355 3970 ad
1403 3912 1678 3985 propriam
1727 3912 1906 3983 ipsius
1952 3921 2038 3966 at-

462 4013 603 4065 tinet
630 4018 920 4072 naturam,
963 4006 1140 4062 aliena
1181 4005 1275 4070 sit,
1325 4005 1596 4061 neminem
1640 4019 1760 4058 eam
1796 4019 1908 4059 rem
1939 4002 2038 4059 de-

464 4107 596 4160 bere
629 4117 845 4166 curare,
882 4099 976 4156 sed
1017 4098 1223 4154 Christi
1273 4098 1492 4154 nomine
1545 4103 1812 4151 creaturae
1865 4095 2040 4166 impo-

468 4197 600 4255 sito.
635 4194 778 4252 hanc
809 4191 1063 4256 adorare,
1101 4191 1245 4245 hanc
1293 4189 1494 4249 colere,
1531 4187 1585 4242 in
1626 4187 1736 4240 hac
1767 4202 1917 4256 spem
1953 4200 2042 4240 sa-

469 4288 602 4342 lutis
636 4286 797 4340 fixam
833 4284 1054 4348 habere,
1079 4281 1150 4338 ab
1179 4281 1283 4335 hac
1308 4279 1575 4350 judicium
1603 4287 1942 4349 exspectare.
1978 4277 2043 4331 Et

467 4387 529 4431 ut
560 4391 675 4432 rem
702 4375 1014 4432 summatim
1041 4371 1395 4442 complectar,
1427 4383 1552 4424 eum
1600 4368 1892 4424 invasisset
1913 4379 2045 4436 apo-

469 4479 614 4523 stata
638 4467 890 4522 homines
929 4447 1099 4520 totius
1150 4462 1371 4518 malitiae
1422 4477 1535 4518 sua:
1576 4475 1826 4530 capaces,
1854 4458 2042 4512 Arium

474 4561 694 4630 inquam
723 4565 778 4612 et
807 4554 1049 4618 Aetium,
1081 4551 1431 4616 Eunomium,
1462 4551 1788 4614 Eudoxium,
1818 4564 1882 4603 ac
1905 4565 2044 4620 pra:-

471 4662 558 4707 ter
599 4652 700 4706 hos
743 4650 948 4704 multos
986 4647 1154 4703 etiam
1204 4645 1366 4710 alios,
1406 4659 1504 4714 per
1557 4657 1654 4698 eos
1700 4640 2039 4696 deficientem

470 4745 582 4814 jam
614 4741 1034 4798 simulacrorum
1079 4737 1310 4799 cultum,
1365 4735 1508 4790 sicut
1549 4733 1756 4788 dictum
1790 4739 1894 4796 est,
1942 4746 2042 4788 no-

475 4836 622 4890 mine
650 4829 1056 4889 Christianismi
1103 4828 1284 4883 denuo
1325 4823 1578 4889 reduxit,
1627 4830 1790 4893 atque
1843 4823 2047 4880 invale-

480 4925 665 4982 scebat
705 4921 968 4976 adversus
1005 4918 1255 4974 homines
1289 4915 1535 4978 morbus,
1583 4913 1678 4984 qui
1733 4921 2043 4968 creaturam

435 5020 440 5024 ”
476 5017 650 5088 magis
672 5028 834 5085 quam
859 5018 1166 5067 creatorem
1219 5007 1492 5069 colebant,
1527 5004 1663 5060 adeo
1703 5011 1763 5060 ut
1789 5005 1952 5059 etiam
1982 5002 2047 5059 il-

477 5111 586 5163 lius
627 5105 893 5176 temporis
918 5105 1310 5174 imperatorum
1341 5098 1544 5152 auxilio
1577 5096 1730 5151 fraus
1757 5095 2046 5152 confirma-

481 5208 652 5259 retur,
687 5205 738 5250 et
772 5209 963 5250 omnes
1009 5191 1340 5248 excellentes
1386 5188 1743 5258 magistratus
1769 5195 1820 5241 et
1846 5185 2050 5256 princi-

479 5300 636 5360 patos
666 5303 764 5358 pro
795 5287 898 5342 hoc
929 5286 1118 5340 morbo
1145 5287 1570 5353 propugnarent.
1593 5278 1838 5347 Cmnque
1858 5291 2049 5331 omnes

482 5377 870 5449 propemodum
917 5377 1166 5430 homines
1217 5373 1282 5426 ad
1333 5371 1386 5426 id
1421 5369 1565 5440 quod
1620 5369 1834 5439 vigebat
1881 5374 1936 5421 et
1963 5364 2047 5420 iu-

482 5468 792 5524 valescehat
833 5467 1034 5521 malum
1073 5465 1307 5520 traducti
1363 5469 1548 5516 essent
1585 5475 1601 5514 :
1641 5468 1770 5513 tum:
1821 5472 2051 5526 magnus

484 5579 512 5616 a
560 5563 668 5616 lleo
698 5559 954 5621 Basilius,
1008 5555 1466 5627 quemadmodum
1520 5561 1766 5618 tempore
1812 5546 2050 5602 Aehaabi

484 5651 654 5712 litias,
680 5648 968 5704 exhibetur
1012 5686 1027 5711 ,
1081 5663 1145 5700 ac
1196 5643 1528 5705 sacerdotio,
1575 5641 1718 5711 quod
1770 5638 1882 5707 jam
1909 5652 2049 5706 quo-

486 5741 775 5797 damutodo
801 5739 1098 5810 collapsum
1142 5745 1302 5806 atque
1337 5735 1638 5804 neglectum
1680 5740 1818 5794 erat,
1859 5743 2051 5785 susce'

2137 3449 2212 3520 μὴ
2239 3449 2409 3503 όντων
2434 3451 2582 3504 ἐστὶν
2611 3452 2646 3523 ἡ
2687 3451 2895 3517 κτίσις,
2927 3453 3020 3506 καὶ
3045 3453 3143 3524 τῆς
3171 3452 3320 3517 θείας
3345 3453 3535 3518 οὐσίας
3574 3453 3716 3508 κατά

2135 3540 2234 3610 τὴν
2266 3539 2397 3593 ἰδίαν
2447 3539 2803 3612 ἠλλοτρίωται
2831 3543 3013 3611 φύσιν,
3048 3544 3252 3616 μηδένα
3285 3545 3554 3598 ποιεῖσθαι
3593 3541 3718 3597 τού-

2135 3646 2226 3682 του
2274 3629 2428 3698 λόγον
2453 3669 2467 3694 ,
2503 3630 2640 3684 ἀλλὰ
2687 3632 2750 3686 τὸ
2782 3631 2876 3684 τοῦ
2922 3633 3159 3703 Χριστοῦ
3207 3634 3379 3706 ὄνομα
3427 3636 3717 3700 ἐπιθέντας

2135 3723 2200 3791 τῇ
2246 3721 2418 3775 κτίσει
2447 3721 2652 3793 ταύτην
2690 3725 3016 3794 προσκυνεῖν
3042 3764 3056 3786 ,
3090 3723 3263 3799 ταύτῃ
3292 3724 3573 3798 λατρεύειν
3597 3765 3612 3788 ,
3658 3727 3720 3783 ἐν

2135 3811 2308 3886 ταύτῃ
2337 3814 2435 3876 τὰς
2461 3813 2678 3877 ἐλπίδας
2715 3815 2812 3884 τῆς
2842 3814 3114 3885 σωτηρίας
3143 3815 3310 3886 ἔχειν,
3337 3817 3485 3887 παρὰ
3515 3816 3718 3885 ταύτης

2138 3901 2423 3973 ἀναμένειν
2461 3901 2559 3972 τὴν
2601 3901 2803 3973 κρίσιν.
2845 3903 2952 3956 Καὶ
2984 3903 3104 3969 ὅλος
3137 3903 3394 3975 ἐμπεσὼν
3423 3905 3452 3958 ό
3481 3906 3722 3959 ἀποστά-

2137 4009 2236 4063 της
2268 3989 2577 4062 ἀνθρώποις
2607 3993 2787 4045 πᾶσαν
2815 3993 2980 4046 αὑτοῦ
3021 3994 3117 4065 τὴν
3140 3995 3339 4048 κακίαν
3367 3995 3570 4059 ἱκανοῖς
3615 4013 3722 4065 χωο

2145 4083 2323 4152 ρῆσαι,
2369 4082 2560 4154 Ἀρείῳ
2587 4097 2647 4136 τε
2685 4082 2827 4152 λέγω
2852 4085 2946 4138 καὶ
2991 4085 3178 4161 ’Λετίῳ
3202 4127 3216 4152 ,
3244 4085 3494 4158 Εύνομίῳ
3522 4127 3536 4152 ,
3560 4087 3721 4149 E660-

2141 4174 2240 4245 ξίῳ
2264 4215 2280 4239 ,
2331 4174 2424 4227 καὶ
2470 4173 2606 4245 πρὸς
2634 4174 2842 4238 τούτοις
2881 4175 2976 4228 καὶ
3033 4175 3247 4240 πολλοῖς
3289 4177 3470 4242 ἄλλοις
3493 4216 3509 4242 ,
3552 4177 3619 4231 δι’
3645 4174 3722 4232 ὧν

2142 4265 2498 4319 ἐκλείπουσαν
2533 4265 2636 4335 ἠδη
2668 4265 2766 4335 τὴν
2809 4265 3250 4336 είδωλολατρείαν
3283 4265 3444 4321 πάλιν
3471 4305 3487 4329 ,
3540 4266 3722 4331 καθὼς

2143 4358 2392 4428 εἴρηται,
2433 4355 2526 4410 τοῦ
2567 4355 2995 4429 Χριστιανισμοῦ
3041 4358 3426 4428 ἐπανήγαγεν,
3467 4359 3562 4412 καὶ
3594 4377 3724 4413 κατι

2143 4449 2364 4519 εκράτει
2395 4448 2504 4502 τῶν
2531 4448 2831 4521 ἀνθρώπων
2857 4449 2892 4519 ἡ
2921 4448 3094 4512 νόσος,
3113 4447 3222 4503 τῶν
3241 4449 3415 4503 κτίσει
3440 4448 3724 4522 λατρευόν-

2145 4559 2253 4595 των
2282 4540 2432 4611 παρὰ
2479 4540 2571 4593 τὸν
2602 4540 2862 4593 κτίσαντα
2888 4581 2902 4600 ,
2939 4539 3014 4603 ὡς
3056 4541 3149 4594 καὶ
3197 4543 3264 4612 τῇ
3294 4541 3580 4618 συμμαχίᾳ
3615 4541 3724 4596 τῶν

2145 4634 2266 4687 τότε
2309 4630 2573 4703 βασιλέων
2610 4631 2709 4700 τὴν
2743 4631 2957 4702 ἀπάτην
2988 4630 3352 4703 κρατύνεσθαι
3375 4672 3390 4699 ,
3422 4633 3516 4685 καὶ
3545 4633 3723 4695 πάσας

2148 4722 2244 4786 τάς
2273 4721 2640 4792 ὑπερεχούσας
2676 4721 2851 4793 ἀρχὰς
2878 4721 2980 4790 τῆς
3009 4721 3264 4794 τοιαύτης
3311 4722 3722 4794 ὑπερμάχεσθαι

2151 4813 2327 4866 νόσου.
2375 4815 2487 4866 Καὶ
2533 4812 2750 4866 πάντων
2796 4813 2994 4885 μικροῦ
3023 4813 3131 4868 δεῖν
3163 4814 3466 4884 ἀνθρώπων
3497 4815 3632 4886 πρὸς
3663 4815 3724 4868 τὸ

2151 4903 2479 4976 ἐπικρατοῦν
2553 4903 2952 4973 μετατεθέντων
2980 4941 2996 4968 ,
3058 4906 3177 4959 τότε
3237 4905 3389 4978 παρά
3439 4905 3534 4958 τοῦ
3589 4904 3722 4958 Θεοῦ

2150 4992 2522 5048 ἀναδείκνυται
2552 4995 2580 5046 ό
2626 4993 2798 5064 μέγας
2833 4993 3143 5057 Βασίλειος,
3193 4993 3443 5064 καθάπερ
3491 4993 3582 5047 ἐπὶ
3629 4995 3724 5046 τοῦ

2167 5084 2370 5156 ’Λχαάϐ
2411 5085 2440 5137 ὁ
2485 5084 2702 5146 Ἠλίας·
2740 5086 2834 5138 καὶ
2884 5085 2983 5154 τῆς
3034 5085 3330 5155 ἱερωσύνης
3382 5085 3486 5154 ἤδη
3527 5084 3727 5156 τρόπον

2153 5178 2276 5233 τινὰ
2334 5177 2682 5240 πεπτωκυίας
2741 5174 3304 5244 ἀντιλαμϐανόμενος,
3355 5173 3544 5244 ὥσπερ
3605 5177 3727 5230 τινὰ

2153 5267 2345 5339 λύχνον
2376 5267 2722 5322 ἐκλελοιπότα
2769 5265 2860 5318 τὸν
2899 5265 2996 5333 τῆς
3032 5263 3265 5326 πίστεωῖ
3311 5261 3468 5332 λόγον
3510 5262 3599 5316 διὰ
3627 5265 3727 5333 τῆς

2154 5358 2468 5429 ἐνοικούσης
2507 5356 2657 5427 αὐτῷ
2684 5355 2903 5427 χάριτος
2931 5352 3244 5421 ἀναλάμψαι
3264 5352 3424 5406 πάλιν
3449 5353 3724 5422 ἐποίησεν.

2157 5451 2267 5504 Καὶ
2313 5447 2422 5503 οἷόν
2467 5466 2552 5513 τις
2599 5446 2801 5519 πυρσὸς
2848 5447 2958 5508 τοῖς
3014 5443 3230 5514 νύκτωρ
3265 5443 3728 5514 διαπλανωμὲνοις

2158 5540 2300 5593 κατά
2331 5541 2391 5593 τὸ
2421 5541 2651 5606 πέλαγος
2681 5536 3012 5605 ὑπερφανεὶς
3036 5535 3132 5604 τῆς
3147 5534 3492 5605 Ἐκκλησίας,
3518 5535 3726 5598 πάντας

2159 5633 2295 5702 πρὸς
2337 5633 2436 5699 τὴν
2469 5631 2680 5684 εὐθεῖαν
2710 5628 2826 5682 ὁδὸν
2867 5627 3199 5699 ἐπέστρεψεν
3226 5666 3240 5688 ,
3276 5626 3540 5696 ὑπάρχοις
3592 5641 3726 5692 συμ-

2160 5725 2536 5796 πλεκόμενος,
2591 5719 2983 5794 στρατηλάταις
3035 5720 3398 5792 συμμίσγων,
3454 5716 3726 5789 βασιλεῦσι
