  <div class='ocr_page' id='page_1' title='image "/cluster/home/n/w/nwhite01/storage/ocr_20150623/46/nnc1.0046978380/406.png"; bbox 0 0 4132 6356; ppageno 0'>
   <div class='ocr_carea' id='block_1_1' title="bbox 380 285 473 345">
    <p class='ocr_par' dir='ltr' id='par_1_1' title="bbox 380 285 473 345">
     <span class='ocr_line' id='line_1_1' title="bbox 380 285 473 345; baseline -0.043 0"><span class='ocrx_word' id='word_1_1' title='bbox 380 285 473 345; x_wconf 65' lang='grc' dir='ltr'><strong>ἴθ’]</strong></span> 
     </span>
    </p>
   </div>
   <div class='ocr_carea' id='block_1_2' title="bbox 1483 281 2550 359">
    <p class='ocr_par' dir='ltr' id='par_1_2' title="bbox 1483 281 2550 359">
     <span class='ocr_line' id='line_1_2' title="bbox 1483 281 2550 359; baseline 0 -21"><span class='ocrx_word' id='word_1_2' title='bbox 1483 282 1551 338; x_wconf 81' lang='lat' dir='ltr'><strong>IN</strong></span> <span class='ocrx_word' id='word_1_3' title='bbox 1600 281 1885 339; x_wconf 75' lang='lat' dir='ltr'><strong>LAUDEM</strong></span> <span class='ocrx_word' id='word_1_4' title='bbox 1942 282 2248 339; x_wconf 75' lang='lat' dir='ltr'><strong>FRATRIS</strong></span> <span class='ocrx_word' id='word_1_5' title='bbox 2286 282 2550 359; x_wconf 62' lang='lat' dir='ltr'><strong>BASILII.</strong></span> 
     </span>
    </p>
   </div>
   <div class='ocr_carea' id='block_1_3' title="bbox 3532 289 3636 345">
    <p class='ocr_par' dir='ltr' id='par_1_3' title="bbox 3532 289 3636 345">
     <span class='ocr_line' id='line_1_3' title="bbox 3532 289 3636 345; baseline 0.01 -2"><span class='ocrx_word' id='word_1_6' title='bbox 3532 289 3636 345; x_wconf 79' lang='lat'><strong>798</strong></span> 
     </span>
    </p>
   </div>
   <div class='ocr_carea' id='block_1_4' title="bbox 382 393 1961 471">
    <p class='ocr_par' dir='ltr' id='par_1_4' title="bbox 382 395 1951 471">
     <span class='ocr_line' id='line_1_4' title="bbox 382 395 1951 471; baseline -0.002 -16"><span class='ocrx_word' id='word_1_7' title='bbox 382 397 908 471; x_wconf 74' lang='grc' dir='ltr'>παρρησιαζόμενος,</span> <span class='ocrx_word' id='word_1_8' title='bbox 936 397 1023 450; x_wconf 82' lang='grc' dir='ltr'>ἐπ’</span> <span class='ocrx_word' id='word_1_9' title='bbox 1049 396 1365 467; x_wconf 76' lang='grc' dir='ltr'><strong>ἐκκλησίαις</strong></span> <span class='ocrx_word' id='word_1_10' title='bbox 1388 395 1550 468; x_wconf 83' lang='grc' dir='ltr'>βοῶν,</span> <span class='ocrx_word' id='word_1_11' title='bbox 1577 399 1705 462; x_wconf 81' lang='grc' dir='ltr'>τοὺς</span> <span class='ocrx_word' id='word_1_12' title='bbox 1733 398 1951 471; x_wconf 64' lang='grc' dir='ltr'>πόρρω·-</span> 
     </span>
    </p>
   </div>
   <div class='ocr_carea' id='block_1_5' title="bbox 2062 393 3631 471">
    <p class='ocr_par' dir='ltr' id='par_1_5' title="bbox 2062 393 3631 469">
     <span class='ocr_line' id='line_1_5' title="bbox 2062 393 3631 469; baseline -0.002 -18"><span class='ocrx_word' id='word_1_13' title='bbox 2062 405 2172 467; x_wconf 89' lang='lat' dir='ltr'><strong>pto,</strong></span> <span class='ocrx_word' id='word_1_14' title='bbox 2207 405 2471 469; x_wconf 98' lang='lat' dir='ltr'><strong>tanquam</strong></span> <span class='ocrx_word' id='word_1_15' title='bbox 2503 397 2805 461; x_wconf 80' lang='lat' dir='ltr'><strong>lucernam,</strong></span> <span class='ocrx_word' id='word_1_16' title='bbox 2843 409 2967 467; x_wconf 69' lang='lat' dir='ltr'><strong>qua:</strong></span> <span class='ocrx_word' id='word_1_17' title='bbox 3010 393 3325 460; x_wconf 78' lang='lat' dir='ltr'><strong>defecisset,</strong></span> <span class='ocrx_word' id='word_1_18' title='bbox 3361 394 3631 449; x_wconf 86' lang='lat' dir='ltr'><strong>rationem</strong></span> 
     </span>
    </p>
   </div>
   <div class='ocr_carea' id='block_1_6' title="bbox 381 487 1947 562">
    <p class='ocr_par' dir='ltr' id='par_1_6' title="bbox 381 487 1947 562">
     <span class='ocr_line' id='line_1_6' title="bbox 381 487 1947 562; baseline -0.003 -17"><span class='ocrx_word' id='word_1_19' title='bbox 381 490 457 545; x_wconf 86' lang='grc' dir='ltr'><strong>θεν</strong></span> <span class='ocrx_word' id='word_1_20' title='bbox 481 490 879 562; x_wconf 77' lang='grc' dir='ltr'><strong>ἀφεστηκότας,</strong></span> <span class='ocrx_word' id='word_1_21' title='bbox 907 490 1026 543; x_wconf 84' lang='grc' dir='ltr'>καθ’</span> <span class='ocrx_word' id='word_1_22' title='bbox 1052 489 1345 560; x_wconf 81' lang='grc' dir='ltr'>ὁμοιότητα</span> <span class='ocrx_word' id='word_1_23' title='bbox 1375 487 1610 556; x_wconf 83' lang='grc' dir='ltr'>Παύλου,</span> <span class='ocrx_word' id='word_1_24' title='bbox 1635 489 1703 545; x_wconf 82' lang='grc' dir='ltr'><strong>δι’</strong></span> <span class='ocrx_word' id='word_1_25' title='bbox 1736 489 1947 544; x_wconf 80' lang='grc' dir='ltr'>ἐπιστο-</span> 
     </span>
    </p>
   </div>
   <div class='ocr_carea' id='block_1_7' title="bbox 377 580 1944 655">
    <p class='ocr_par' dir='ltr' id='par_1_7' title="bbox 377 580 1944 655">
     <span class='ocr_line' id='line_1_7' title="bbox 377 580 1944 655; baseline -0.001 -20"><span class='ocrx_word' id='word_1_26' title='bbox 377 583 469 635; x_wconf 88' lang='grc' dir='ltr'><strong>λῶν</strong></span> <span class='ocrx_word' id='word_1_27' title='bbox 500 582 910 655; x_wconf 80' lang='grc' dir='ltr'><strong>προσαγόμενος</strong></span> <span class='ocrx_word' id='word_1_28' title='bbox 933 619 949 647; x_wconf 87' lang='grc'><strong><em>,</em></strong></span> <span class='ocrx_word' id='word_1_29' title='bbox 977 580 1261 652; x_wconf 74' lang='grc' dir='ltr'>ἐκφεύγων</span> <span class='ocrx_word' id='word_1_30' title='bbox 1286 581 1384 646; x_wconf 73' lang='grc' dir='ltr'><strong>τὰς</strong></span> <span class='ocrx_word' id='word_1_31' title='bbox 1420 580 1527 638; x_wconf 83' lang='grc' dir='ltr'><strong>τῶν</strong></span> <span class='ocrx_word' id='word_1_32' title='bbox 1563 580 1944 652; x_wconf 81' lang='grc' dir='ltr'>συμπλεκομέ-</span> 
     </span>
    </p>
   </div>
   <div class='ocr_carea' id='block_1_8' title="bbox 375 671 1945 745">
    <p class='ocr_par' dir='ltr' id='par_1_8' title="bbox 375 671 1945 745">
     <span class='ocr_line' id='line_1_8' title="bbox 375 671 1945 745; baseline -0.001 -18"><span class='ocrx_word' id='word_1_33' title='bbox 375 692 468 727; x_wconf 87' lang='grc' dir='ltr'><strong>νων</strong></span> <span class='ocrx_word' id='word_1_34' title='bbox 496 672 699 738; x_wconf 79' lang='grc' dir='ltr'>λαὸἀς,</span> <span class='ocrx_word' id='word_1_35' title='bbox 736 674 834 726; x_wconf 81' lang='grc' dir='ltr'>οὐκ</span> <span class='ocrx_word' id='word_1_36' title='bbox 860 672 998 743; x_wconf 78' lang='grc' dir='ltr'>ἔχων</span> <span class='ocrx_word' id='word_1_37' title='bbox 1024 672 1157 727; x_wconf 81' lang='grc' dir='ltr'>ὅπου</span> <span class='ocrx_word' id='word_1_38' title='bbox 1191 671 1439 745; x_wconf 77' lang='grc' dir='ltr'><strong>κρατηθῇ</strong></span> <span class='ocrx_word' id='word_1_39' title='bbox 1486 673 1635 745; x_wconf 72' lang='grc' dir='ltr'>παρὰ</span> <span class='ocrx_word' id='word_1_40' title='bbox 1657 673 1766 727; x_wconf 84' lang='grc' dir='ltr'><strong>τῶν</strong></span> <span class='ocrx_word' id='word_1_41' title='bbox 1793 674 1945 728; x_wconf 88' lang='grc' dir='ltr'>ἀντι-</span> 
     </span>
    </p>
   </div>
   <div class='ocr_carea' id='block_1_9' title="bbox 373 757 1943 835">
    <p class='ocr_par' dir='ltr' id='par_1_9' title="bbox 373 757 1943 835">
     <span class='ocr_line' id='line_1_9' title="bbox 373 757 1943 835; baseline 0.001 -20"><span class='ocrx_word' id='word_1_42' title='bbox 373 763 570 817; x_wconf 88' lang='grc' dir='ltr'>πάλων.</span> <span class='ocrx_word' id='word_1_43' title='bbox 600 762 881 833; x_wconf 82' lang='grc' dir='ltr'>Κρείττων</span> <span class='ocrx_word' id='word_1_44' title='bbox 917 762 1015 833; x_wconf 84' lang='grc' dir='ltr'>μὲν</span> <span class='ocrx_word' id='word_1_45' title='bbox 1053 762 1163 835; x_wconf 83' lang='grc' dir='ltr'>γὰρ</span> <span class='ocrx_word' id='word_1_46' title='bbox 1190 757 1259 833; x_wconf 82' lang='grc' dir='ltr'>ἦν</span> <span class='ocrx_word' id='word_1_47' title='bbox 1290 762 1399 816; x_wconf 88' lang='grc' dir='ltr'><strong>τῶν</strong></span> <span class='ocrx_word' id='word_1_48' title='bbox 1426 762 1804 835; x_wconf 87' lang='grc' dir='ltr'>δημευόντων,</span> <span class='ocrx_word' id='word_1_49' title='bbox 1842 764 1943 818; x_wconf 79' lang='grc' dir='ltr'><strong>αὺ-</strong></span> 
     </span>
    </p>
   </div>
   <div class='ocr_carea' id='block_1_10' title="bbox 371 854 1942 926">
    <p class='ocr_par' dir='ltr' id='par_1_10' title="bbox 371 854 1942 926">
     <span class='ocr_line' id='line_1_10' title="bbox 371 854 1942 926; baseline 0.003 -19"><span class='ocrx_word' id='word_1_50' title='bbox 371 854 454 918; x_wconf 85' lang='grc' dir='ltr'>τὸς</span> <span class='ocrx_word' id='word_1_51' title='bbox 486 855 675 908; x_wconf 80' lang='grc' dir='ltr'>ἑαυτὸν</span> <span class='ocrx_word' id='word_1_52' title='bbox 699 854 787 908; x_wconf 61' lang='grc' dir='ltr'><strong>διὰ</strong></span> <span class='ocrx_word' id='word_1_53' title='bbox 824 856 924 924; x_wconf 83' lang='grc' dir='ltr'>τὴν</span> <span class='ocrx_word' id='word_1_54' title='bbox 964 854 1154 910; x_wconf 77' lang='grc' dir='ltr'><strong>ἐλπίδα</strong></span> <span class='ocrx_word' id='word_1_55' title='bbox 1189 854 1292 926; x_wconf 84' lang='grc' dir='ltr'><strong>τῆς</strong></span> <span class='ocrx_word' id='word_1_56' title='bbox 1337 854 1613 924; x_wconf 73' lang='grc' dir='ltr'><strong>βασιλείας</strong></span> <span class='ocrx_word' id='word_1_57' title='bbox 1642 854 1942 926; x_wconf 81' lang='grc' dir='ltr'><strong>δημεύσας.</strong></span> 
     </span>
    </p>
   </div>
   <div class='ocr_carea' id='block_1_11' title="bbox 367 944 1945 1017">
    <p class='ocr_par' dir='ltr' id='par_1_11' title="bbox 367 944 1945 1017">
     <span class='ocr_line' id='line_1_11' title="bbox 367 944 1945 1017; baseline 0.003 -20"><span class='ocrx_word' id='word_1_58' title='bbox 367 945 467 998; x_wconf 74' lang='grc' dir='ltr'>Τοῦ</span> <span class='ocrx_word' id='word_1_59' title='bbox 498 946 639 999; x_wconf 87' lang='grc' dir='ltr'><strong>κατά</strong></span> <span class='ocrx_word' id='word_1_60' title='bbox 680 944 779 1016; x_wconf 80' lang='grc' dir='ltr'>τὴν</span> <span class='ocrx_word' id='word_1_61' title='bbox 824 944 1039 1016; x_wconf 82' lang='grc' dir='ltr'>ἐξορίαν</span> <span class='ocrx_word' id='word_1_62' title='bbox 1085 944 1248 1015; x_wconf 77' lang='grc' dir='ltr'>φόϐου</span> <span class='ocrx_word' id='word_1_63' title='bbox 1278 946 1593 1015; x_wconf 81' lang='grc' dir='ltr'><strong>ἀπήλλακτο</strong></span> <span class='ocrx_word' id='word_1_64' title='bbox 1618 984 1634 1008; x_wconf 84' lang='grc'><em>,</em></span> <span class='ocrx_word' id='word_1_65' title='bbox 1680 945 1813 1017; x_wconf 85' lang='grc' dir='ltr'>μίαν</span> <span class='ocrx_word' id='word_1_66' title='bbox 1840 962 1945 1002; x_wconf 77' lang='grc' dir='ltr'>πα-</span> 
     </span>
    </p>
   </div>
   <div class='ocr_carea' id='block_1_12' title="bbox 366 1034 1947 1108">
    <p class='ocr_par' dir='ltr' id='par_1_12' title="bbox 366 1034 1947 1108">
     <span class='ocr_line' id='line_1_12' title="bbox 366 1034 1947 1108; baseline 0.003 -20"><span class='ocrx_word' id='word_1_67' title='bbox 366 1036 519 1107; x_wconf 90' lang='grc' dir='ltr'>τρίδα</span> <span class='ocrx_word' id='word_1_68' title='bbox 547 1034 871 1108; x_wconf 84' lang='grc' dir='ltr'>ἀνθρώπων,</span> <span class='ocrx_word' id='word_1_69' title='bbox 897 1036 988 1090; x_wconf 86' lang='grc' dir='ltr'>τὸν</span> <span class='ocrx_word' id='word_1_70' title='bbox 1017 1037 1347 1108; x_wconf 72' lang='grc' dir='ltr'>παράδεισον</span> <span class='ocrx_word' id='word_1_71' title='bbox 1372 1034 1511 1091; x_wconf 83' lang='grc' dir='ltr'>εἶναι</span> <span class='ocrx_word' id='word_1_72' title='bbox 1544 1037 1735 1105; x_wconf 81' lang='grc' dir='ltr'>λέγων,</span> <span class='ocrx_word' id='word_1_73' title='bbox 1762 1038 1947 1092; x_wconf 77' lang='grc' dir='ltr'>πᾶσαν</span> 
     </span>
    </p>
   </div>
   <div class='ocr_carea' id='block_1_13' title="bbox 367 1127 1939 1201">
    <p class='ocr_par' dir='ltr' id='par_1_13' title="bbox 367 1127 1939 1201">
     <span class='ocr_line' id='line_1_13' title="bbox 367 1127 1939 1201; baseline 0.003 -22"><span class='ocrx_word' id='word_1_74' title='bbox 367 1127 417 1179; x_wconf 80' lang='grc' dir='ltr'>δὲ</span> <span class='ocrx_word' id='word_1_75' title='bbox 469 1128 568 1198; x_wconf 83' lang='grc' dir='ltr'>τὴν</span> <span class='ocrx_word' id='word_1_76' title='bbox 610 1128 715 1196; x_wconf 85' lang='grc' dir='ltr'><strong>γῆν</strong></span> <span class='ocrx_word' id='word_1_77' title='bbox 762 1128 836 1192; x_wconf 87' lang='grc' dir='ltr'>ὼς</span> <span class='ocrx_word' id='word_1_78' title='bbox 866 1129 1054 1200; x_wconf 81' lang='grc' dir='ltr'>κοινὴν</span> <span class='ocrx_word' id='word_1_79' title='bbox 1091 1130 1191 1199; x_wconf 84' lang='grc' dir='ltr'><strong>τῆς</strong></span> <span class='ocrx_word' id='word_1_80' title='bbox 1224 1128 1439 1199; x_wconf 83' lang='grc' dir='ltr'>φύσεως</span> <span class='ocrx_word' id='word_1_81' title='bbox 1470 1128 1682 1201; x_wconf 79' lang='grc' dir='ltr'>ἐξορίαν</span> <span class='ocrx_word' id='word_1_82' title='bbox 1708 1129 1939 1199; x_wconf 78' lang='grc' dir='ltr'><strong>βλέπων.</strong></span> 
     </span>
    </p>
   </div>
   <div class='ocr_carea' id='block_1_14' title="bbox 379 1220 1946 1292">
    <p class='ocr_par' dir='ltr' id='par_1_14' title="bbox 379 1220 1946 1292">
     <span class='ocr_line' id='line_1_14' title="bbox 379 1220 1946 1292; baseline 0.001 -18"><span class='ocrx_word' id='word_1_83' title='bbox 379 1220 433 1274; x_wconf 91' lang='grc' dir='ltr'><strong>Ὀ</strong></span> <span class='ocrx_word' id='word_1_84' title='bbox 469 1221 526 1274; x_wconf 82' lang='grc' dir='ltr'>δὲ</span> <span class='ocrx_word' id='word_1_85' title='bbox 574 1221 695 1274; x_wconf 88' lang='grc' dir='ltr'>καθ’</span> <span class='ocrx_word' id='word_1_86' title='bbox 729 1221 941 1292; x_wconf 79' lang='grc' dir='ltr'>ἡμέραν</span> <span class='ocrx_word' id='word_1_87' title='bbox 995 1220 1357 1291; x_wconf 79' lang='grc' dir='ltr'>ἀποθνήσκων</span> <span class='ocrx_word' id='word_1_88' title='bbox 1381 1261 1397 1285; x_wconf 87' lang='grc'><em>,</em></span> <span class='ocrx_word' id='word_1_89' title='bbox 1435 1221 1529 1275; x_wconf 81' lang='grc' dir='ltr'>καὶ</span> <span class='ocrx_word' id='word_1_90' title='bbox 1577 1222 1809 1275; x_wconf 85' lang='grc' dir='ltr'>πάντοτε</span> <span class='ocrx_word' id='word_1_91' title='bbox 1853 1220 1946 1276; x_wconf 81' lang='grc' dir='ltr'>διὰ</span> 
     </span>
    </p>
   </div>
   <div class='ocr_carea' id='block_1_15' title="bbox 369 1311 1943 1387">
    <p class='ocr_par' dir='ltr' id='par_1_15' title="bbox 369 1311 1943 1387">
     <span class='ocr_line' id='line_1_15' title="bbox 369 1311 1943 1387; baseline 0.001 -21"><span class='ocrx_word' id='word_1_92' title='bbox 369 1313 685 1384; x_wconf 89' lang='grc' dir='ltr'>νεκρώσεως</span> <span class='ocrx_word' id='word_1_93' title='bbox 705 1311 847 1367; x_wconf 86' lang='grc' dir='ltr'>ἐκὼν</span> <span class='ocrx_word' id='word_1_94' title='bbox 877 1312 1265 1386; x_wconf 79' lang='grc' dir='ltr'>δαπανώμενος</span> <span class='ocrx_word' id='word_1_95' title='bbox 1284 1353 1300 1379; x_wconf 89' lang='grc'><strong>,</strong></span> <span class='ocrx_word' id='word_1_96' title='bbox 1337 1317 1466 1368; x_wconf 90' lang='grc' dir='ltr'>πότε</span> <span class='ocrx_word' id='word_1_97' title='bbox 1488 1314 1554 1369; x_wconf 84' lang='grc' dir='ltr'>ἂν</span> <span class='ocrx_word' id='word_1_98' title='bbox 1584 1315 1823 1387; x_wconf 77' lang='grc' dir='ltr'>ἐφοϐήθη</span> <span class='ocrx_word' id='word_1_99' title='bbox 1852 1316 1943 1368; x_wconf 83' lang='grc' dir='ltr'>τὸν</span> 
     </span>
    </p>
   </div>
   <div class='ocr_carea' id='block_1_16' title="bbox 369 1400 1943 1478">
    <p class='ocr_par' dir='ltr' id='par_1_16' title="bbox 369 1400 1943 1478">
     <span class='ocr_line' id='line_1_16' title="bbox 369 1400 1943 1478; baseline 0 -19"><span class='ocrx_word' id='word_1_100' title='bbox 369 1406 592 1461; x_wconf 85' lang='grc' dir='ltr'>θάνατον</span> <span class='ocrx_word' id='word_1_101' title='bbox 639 1406 730 1458; x_wconf 84' lang='grc' dir='ltr'>τὸν</span> <span class='ocrx_word' id='word_1_102' title='bbox 758 1408 910 1477; x_wconf 83' lang='grc' dir='ltr'><strong>παρά</strong></span> <span class='ocrx_word' id='word_1_103' title='bbox 937 1406 1046 1459; x_wconf 85' lang='grc' dir='ltr'><strong>τῶν</strong></span> <span class='ocrx_word' id='word_1_104' title='bbox 1093 1407 1301 1478; x_wconf 81' lang='grc' dir='ltr'>ἐχθρῶν</span> <span class='ocrx_word' id='word_1_105' title='bbox 1351 1406 1773 1477; x_wconf 77' lang='grc' dir='ltr'>ἀπειλούμενονς</span> <span class='ocrx_word' id='word_1_106' title='bbox 1807 1400 1851 1475; x_wconf 85' lang='grc' dir='ltr'>ᾧ</span> <span class='ocrx_word' id='word_1_107' title='bbox 1878 1424 1943 1475; x_wconf 86' lang='grc' dir='ltr'><strong>γε</strong></span> 
     </span>
    </p>
   </div>
   <div class='ocr_carea' id='block_1_17' title="bbox 368 1494 1945 1570">
    <p class='ocr_par' dir='ltr' id='par_1_17' title="bbox 368 1494 1945 1570">
     <span class='ocr_line' id='line_1_17' title="bbox 368 1494 1945 1570; baseline 0.001 -20"><span class='ocrx_word' id='word_1_108' title='bbox 368 1498 621 1570; x_wconf 73' lang='grc' dir='ltr'>συμφορὰ</span> <span class='ocrx_word' id='word_1_109' title='bbox 644 1494 712 1569; x_wconf 78' lang='grc' dir='ltr'>ἦν</span> <span class='ocrx_word' id='word_1_110' title='bbox 743 1499 804 1552; x_wconf 81' lang='grc' dir='ltr'>τὸ</span> <span class='ocrx_word' id='word_1_111' title='bbox 834 1498 908 1569; x_wconf 85' lang='grc' dir='ltr'>μὴ</span> <span class='ocrx_word' id='word_1_112' title='bbox 948 1498 1203 1563; x_wconf 76' lang='grc' dir='ltr'>πολλάκις</span> <span class='ocrx_word' id='word_1_113' title='bbox 1231 1498 1489 1553; x_wconf 76' lang='grc' dir='ltr'>δύνασθαι</span> <span class='ocrx_word' id='word_1_114' title='bbox 1511 1499 1638 1562; x_wconf 79' lang='grc' dir='ltr'>τοὺς</span> <span class='ocrx_word' id='word_1_115' title='bbox 1661 1498 1769 1552; x_wconf 87' lang='grc' dir='ltr'><strong>τῶν</strong></span> <span class='ocrx_word' id='word_1_116' title='bbox 1800 1516 1945 1570; x_wconf 72' lang='lat' dir='ltr'><strong>pap-</strong></span> 
     </span>
    </p>
   </div>
   <div class='ocr_carea' id='block_1_18' title="bbox 367 1589 1945 1664">
    <p class='ocr_par' dir='ltr' id='par_1_18' title="bbox 367 1589 1945 1664">
     <span class='ocr_line' id='line_1_18' title="bbox 367 1589 1945 1664; baseline 0.001 -23"><span class='ocrx_word' id='word_1_117' title='bbox 367 1592 543 1664; x_wconf 78' lang='grc' dir='ltr'>τύρων</span> <span class='ocrx_word' id='word_1_118' title='bbox 590 1589 809 1657; x_wconf 84' lang='grc' dir='ltr'>ἀγῶνας</span> <span class='ocrx_word' id='word_1_119' title='bbox 855 1590 997 1661; x_wconf 77' lang='grc' dir='ltr'>ὑπὲρ</span> <span class='ocrx_word' id='word_1_120' title='bbox 1025 1590 1124 1660; x_wconf 86' lang='grc' dir='ltr'><strong>τῆς</strong></span> <span class='ocrx_word' id='word_1_121' title='bbox 1164 1589 1419 1661; x_wconf 78' lang='grc' dir='ltr'>ἀληθείας</span> <span class='ocrx_word' id='word_1_122' title='bbox 1451 1590 1825 1661; x_wconf 79' lang='grc' dir='ltr'>μιμήσασθαι,</span> <span class='ocrx_word' id='word_1_123' title='bbox 1864 1591 1945 1642; x_wconf 73' lang='grc' dir='ltr'>ἐνὶ</span> 
     </span>
    </p>
   </div>
   <div class='ocr_carea' id='block_1_19' title="bbox 366 1680 1945 1752">
    <p class='ocr_par' dir='ltr' id='par_1_19' title="bbox 366 1680 1945 1752">
     <span class='ocr_line' id='line_1_19' title="bbox 366 1680 1945 1752; baseline 0 -17"><span class='ocrx_word' id='word_1_124' title='bbox 366 1682 581 1752; x_wconf 82' lang='grc' dir='ltr'>θανάτῳ</span> <span class='ocrx_word' id='word_1_125' title='bbox 627 1681 1036 1751; x_wconf 74' lang='grc' dir='ltr'>ὑπεζευγμένης</span> <span class='ocrx_word' id='word_1_126' title='bbox 1088 1683 1186 1752; x_wconf 83' lang='grc' dir='ltr'><strong>τῆς</strong></span> <span class='ocrx_word' id='word_1_127' title='bbox 1237 1680 1490 1750; x_wconf 82' lang='grc' dir='ltr'>φύσεως·</span> <span class='ocrx_word' id='word_1_128' title='bbox 1547 1683 1604 1747; x_wconf 83' lang='grc' dir='ltr'>ὃς</span> <span class='ocrx_word' id='word_1_129' title='bbox 1639 1700 1786 1750; x_wconf 88' lang='grc' dir='ltr'>ποτε,</span> <span class='ocrx_word' id='word_1_130' title='bbox 1838 1683 1945 1736; x_wconf 83' lang='grc' dir='ltr'><strong>τῶν</strong></span> 
     </span>
    </p>
   </div>
   <div class='ocr_carea' id='block_1_20' title="bbox 366 1769 1948 1847">
    <p class='ocr_par' dir='ltr' id='par_1_20' title="bbox 366 1769 1948 1847">
     <span class='ocr_line' id='line_1_20' title="bbox 366 1769 1948 1847; baseline 0.001 -20"><span class='ocrx_word' id='word_1_131' title='bbox 366 1776 625 1846; x_wconf 83' lang='grc' dir='ltr'>ὑπάρχων</span> <span class='ocrx_word' id='word_1_132' title='bbox 658 1774 763 1827; x_wconf 71' lang='grc' dir='ltr'>τινὶ</span> <span class='ocrx_word' id='word_1_133' title='bbox 788 1774 848 1827; x_wconf 76' lang='grc' dir='ltr'>τὸ</span> <span class='ocrx_word' id='word_1_134' title='bbox 874 1769 1026 1846; x_wconf 81' lang='grc' dir='ltr'>ἧπαρ</span> <span class='ocrx_word' id='word_1_135' title='bbox 1053 1774 1279 1838; x_wconf 77' lang='grc' dir='ltr'>ἐξοίσειν</span> <span class='ocrx_word' id='word_1_136' title='bbox 1304 1774 1464 1829; x_wconf 79' lang='grc' dir='ltr'>αὑτοῦ</span> <span class='ocrx_word' id='word_1_137' title='bbox 1487 1775 1595 1829; x_wconf 84' lang='grc' dir='ltr'><strong>τῶν</strong></span> <span class='ocrx_word' id='word_1_138' title='bbox 1627 1776 1948 1847; x_wconf 80' lang='grc' dir='ltr'>σπλάγχνων</span> 
     </span>
    </p>
   </div>
   <div class='ocr_carea' id='block_1_21' title="bbox 367 1865 1942 1937">
    <p class='ocr_par' dir='ltr' id='par_1_21' title="bbox 367 1865 1942 1937">
     <span class='ocr_line' id='line_1_21' title="bbox 367 1865 1942 1937; baseline 0 -17"><span class='ocrx_word' id='word_1_139' title='bbox 367 1866 827 1937; x_wconf 76' lang='grc' dir='ltr'>καταπληκτικῶς</span> <span class='ocrx_word' id='word_1_140' title='bbox 854 1865 1207 1937; x_wconf 77' lang='grc' dir='ltr'>ἀπειλήσαντι</span> <span class='ocrx_word' id='word_1_141' title='bbox 1231 1906 1247 1931; x_wconf 85' lang='grc'><em>,</em></span> <span class='ocrx_word' id='word_1_142' title='bbox 1303 1866 1619 1937; x_wconf 81' lang='grc' dir='ltr'>μειδιάματι</span> <span class='ocrx_word' id='word_1_143' title='bbox 1648 1867 1746 1937; x_wconf 77' lang='grc' dir='ltr'>τὴν</span> <span class='ocrx_word' id='word_1_144' title='bbox 1783 1868 1942 1921; x_wconf 81' lang='grc' dir='ltr'>ἀπαί·</span> 
     </span>
    </p>
   </div>
   <div class='ocr_carea' id='block_1_22' title="bbox 346 1958 1948 2048">
    <p class='ocr_par' dir='ltr' id='par_1_22' title="bbox 346 1958 1948 2048">
     <span class='ocr_line' id='line_1_22' title="bbox 346 1958 1948 2048; baseline 0.001 -35"><span class='ocrx_word' id='word_1_145' title='bbox 346 1960 552 2048; x_wconf 70' lang='grc' dir='ltr'><strong>φδευτον</strong></span> <span class='ocrx_word' id='word_1_146' title='bbox 576 1959 805 2030; x_wconf 76' lang='grc' dir='ltr'>ἀπειλὴν</span> <span class='ocrx_word' id='word_1_147' title='bbox 836 1958 1257 2029; x_wconf 78' lang='grc' dir='ltr'>καταχλευάζων</span> <span class='ocrx_word' id='word_1_148' title='bbox 1306 1960 1438 2031; x_wconf 81' lang='grc' dir='ltr'>φησί</span> <span class='ocrx_word' id='word_1_149' title='bbox 1463 1960 1691 2032; x_wconf 71' lang='grc' dir='ltr'>θ’Χάριν</span> <span class='ocrx_word' id='word_1_150' title='bbox 1730 1961 1948 2033; x_wconf 78' lang='grc' dir='ltr'>εἴσομαί</span> 
     </span>
    </p>
   </div>
   <div class='ocr_carea' id='block_1_23' title="bbox 364 2050 1948 2124">
    <p class='ocr_par' dir='ltr' id='par_1_23' title="bbox 364 2050 1948 2124">
     <span class='ocr_line' id='line_1_23' title="bbox 364 2050 1948 2124; baseline 0.003 -19"><span class='ocrx_word' id='word_1_151' title='bbox 364 2069 451 2105; x_wconf 84' lang='grc' dir='ltr'><strong>σοι</strong></span> <span class='ocrx_word' id='word_1_152' title='bbox 495 2053 592 2123; x_wconf 85' lang='grc' dir='ltr'><strong>τῆς</strong></span> <span class='ocrx_word' id='word_1_153' title='bbox 644 2051 1032 2123; x_wconf 77' lang='grc' dir='ltr'>προαιρέσεως.</span> <span class='ocrx_word' id='word_1_154' title='bbox 1079 2052 1188 2104; x_wconf 76' lang='grc' dir='ltr'><strong>Καὶ</strong></span> <span class='ocrx_word' id='word_1_155' title='bbox 1221 2050 1329 2122; x_wconf 78' lang='grc' dir='ltr'>γὰρ</span> <span class='ocrx_word' id='word_1_156' title='bbox 1371 2052 1433 2104; x_wconf 79' lang='grc' dir='ltr'>οὺ</span> <span class='ocrx_word' id='word_1_157' title='bbox 1468 2055 1701 2124; x_wconf 82' lang='grc' dir='ltr'>μετρίως</span> <span class='ocrx_word' id='word_1_158' title='bbox 1734 2053 1858 2124; x_wconf 77' lang='grc' dir='ltr'>ἀνιᾷ</span> <span class='ocrx_word' id='word_1_159' title='bbox 1888 2056 1948 2109; x_wconf 86' lang='grc' dir='ltr'>τὸ</span> 
     </span>
    </p>
   </div>
   <div class='ocr_carea' id='block_1_24' title="bbox 366 2138 1949 2214">
    <p class='ocr_par' dir='ltr' id='par_1_24' title="bbox 366 2138 1949 2214">
     <span class='ocr_line' id='line_1_24' title="bbox 366 2138 1949 2214; baseline 0.003 -19"><span class='ocrx_word' id='word_1_160' title='bbox 366 2138 523 2214; x_wconf 75' lang='grc' dir='ltr'>ἧπαρ</span> <span class='ocrx_word' id='word_1_161' title='bbox 592 2144 705 2205; x_wconf 80' lang='grc' dir='ltr'>τοῖς</span> <span class='ocrx_word' id='word_1_162' title='bbox 754 2141 1081 2211; x_wconf 73' lang='grc' dir='ltr'>σπλάγχνοις</span> <span class='ocrx_word' id='word_1_163' title='bbox 1134 2142 1468 2212; x_wconf 88' lang='grc' dir='ltr'>ἐγκείμενον.</span> <span class='ocrx_word' id='word_1_164' title='bbox 1529 2144 1804 2199; x_wconf 78' lang='grc' dir='ltr'>Ἐκϐαλὼν</span> <span class='ocrx_word' id='word_1_165' title='bbox 1855 2142 1949 2200; x_wconf 75' lang='grc' dir='ltr'>οὖν</span> 
     </span>
    </p>
   </div>
   <div class='ocr_carea' id='block_1_25' title="bbox 302 2218 1949 2309">
    <p class='ocr_par' dir='ltr' id='par_1_25' title="bbox 302 2218 1949 2309">
     <span class='ocr_line' id='line_1_25' title="bbox 302 2218 1949 2309; baseline 0.002 -20"><span class='ocrx_word' id='word_1_166' title='bbox 302 2218 317 2225; x_wconf 48' lang='grc'><strong>’</strong></span> <span class='ocrx_word' id='word_1_167' title='bbox 371 2236 522 2301; x_wconf 85' lang='grc' dir='ltr'>αὐτὸ,</span> <span class='ocrx_word' id='word_1_168' title='bbox 552 2233 735 2299; x_wconf 88' lang='grc' dir='ltr'>καθὼς</span> <span class='ocrx_word' id='word_1_169' title='bbox 761 2233 1062 2304; x_wconf 71' lang='grc' dir='ltr'>ἠπείλησας</span> <span class='ocrx_word' id='word_1_170' title='bbox 1085 2273 1102 2299; x_wconf 85' lang='grc'><strong><em>,</em></strong></span> <span class='ocrx_word' id='word_1_171' title='bbox 1128 2233 1222 2288; x_wconf 78' lang='grc' dir='ltr'>τοῦ</span> <span class='ocrx_word' id='word_1_172' title='bbox 1250 2234 1543 2300; x_wconf 82' lang='grc' dir='ltr'>λυποῦντος</span> <span class='ocrx_word' id='word_1_173' title='bbox 1568 2236 1949 2309; x_wconf 84' lang='grc' dir='ltr'>ἐλευθερώσεις</span> 
     </span>
    </p>
   </div>
   <div class='ocr_carea' id='block_1_26' title="bbox 370 2326 646 2397">
    <p class='ocr_par' dir='ltr' id='par_1_26' title="bbox 370 2326 646 2397">
     <span class='ocr_line' id='line_1_26' title="bbox 370 2326 646 2397; baseline 0.004 -18"><span class='ocrx_word' id='word_1_174' title='bbox 370 2327 434 2379; x_wconf 77' lang='grc' dir='ltr'>τὸ</span> <span class='ocrx_word' id='word_1_175' title='bbox 466 2326 646 2397; x_wconf 86' lang='grc' dir='ltr'>σῶμα.</span> 
     </span>
    </p>
   </div>
   <div class='ocr_carea' id='block_1_27' title="bbox 374 2395 3102 2468">
    <p class='ocr_par' dir='ltr' id='par_1_27' title="bbox 374 2395 3102 2468">
     <span class='ocr_line' id='line_1_27' title="bbox 374 2395 3102 2468; baseline 0.004 -19"><span class='ocrx_word' id='word_1_176' title='bbox 374 2395 560 2468; x_wconf 36' lang='lat' dir='ltr'><strong>tyrum‘</strong></span> <span class='ocrx_word' id='word_1_177' title='bbox 606 2414 704 2468; x_wconf 88' lang='lat' dir='ltr'><strong>pro</strong></span> <span class='ocrx_word' id='word_1_178' title='bbox 752 2403 978 2452; x_wconf 80' lang='lat' dir='ltr'><strong>veritate</strong></span> <span class='ocrx_word' id='word_1_179' title='bbox 1029 2396 1331 2451; x_wconf 88' lang='lat' dir='ltr'><strong>certamina</strong></span> <span class='ocrx_word' id='word_1_180' title='bbox 1386 2395 1612 2463; x_wconf 89' lang='lat' dir='ltr'><strong>imitari,</strong></span> <span class='ocrx_word' id='word_1_181' title='bbox 1662 2413 1788 2454; x_wconf 91' lang='lat' dir='ltr'><strong>cum</strong></span> <span class='ocrx_word' id='word_1_182' title='bbox 1846 2401 1940 2457; x_wconf 91' lang='lat' dir='ltr'><strong>uni</strong></span> <span class='ocrx_word' id='word_1_183' title='bbox 1980 2408 2142 2461; x_wconf 88' lang='lat' dir='ltr'><strong>morti</strong></span> <span class='ocrx_word' id='word_1_184' title='bbox 2192 2408 2458 2464; x_wconf 83' lang='lat' dir='ltr'><strong>duntaxat</strong></span> <span class='ocrx_word' id='word_1_185' title='bbox 2509 2420 2704 2463; x_wconf 90' lang='lat' dir='ltr'><strong>natura</strong></span> <span class='ocrx_word' id='word_1_186' title='bbox 2744 2408 2985 2463; x_wconf 85' lang='lat' dir='ltr'><strong>obnoxia</strong></span> <span class='ocrx_word' id='word_1_187' title='bbox 3030 2408 3102 2462; x_wconf 90' lang='lat' dir='ltr'><strong>sit</strong></span> 
     </span>
    </p>
   </div>
   <div class='ocr_carea' id='block_1_28' title="bbox 2048 486 3634 560">
    <p class='ocr_par' dir='ltr' id='par_1_28' title="bbox 2048 486 3634 560">
     <span class='ocr_line' id='line_1_28' title="bbox 2048 486 3634 560; baseline -0.002 -17"><span class='ocrx_word' id='word_1_188' title='bbox 2048 489 2171 544; x_wconf 92' lang='lat' dir='ltr'><strong>ﬁdei</strong></span> <span class='ocrx_word' id='word_1_189' title='bbox 2207 506 2303 560; x_wconf 88' lang='lat' dir='ltr'><strong>per</strong></span> <span class='ocrx_word' id='word_1_190' title='bbox 2322 489 2719 545; x_wconf 88' lang='lat' dir='ltr'><strong>inhabitantem</strong></span> <span class='ocrx_word' id='word_1_191' title='bbox 2746 489 2801 544; x_wconf 89' lang='lat' dir='ltr'><strong>in</strong></span> <span class='ocrx_word' id='word_1_192' title='bbox 2828 504 2889 544; x_wconf 92' lang='lat' dir='ltr'><strong>se</strong></span> <span class='ocrx_word' id='word_1_193' title='bbox 2912 488 3145 559; x_wconf 77' lang='lat' dir='ltr'><strong>gratiam</strong></span> <span class='ocrx_word' id='word_1_194' title='bbox 3175 488 3422 541; x_wconf 90' lang='lat' dir='ltr'><strong>relueere</strong></span> <span class='ocrx_word' id='word_1_195' title='bbox 3450 486 3634 541; x_wconf 84' lang='lat' dir='ltr'><strong>denuo</strong></span> 
     </span>
    </p>
   </div>
   <div class='ocr_carea' id='block_1_29' title="bbox 2045 575 3629 646">
    <p class='ocr_par' dir='ltr' id='par_1_29' title="bbox 2045 575 3629 646">
     <span class='ocr_line' id='line_1_29' title="bbox 2045 575 3629 646; baseline -0.004 -12"><span class='ocrx_word' id='word_1_196' title='bbox 2045 578 2201 634; x_wconf 78' lang='lat' dir='ltr'><strong>fecit.</strong></span> <span class='ocrx_word' id='word_1_197' title='bbox 2234 578 2298 633; x_wconf 86' lang='lat' dir='ltr'><strong>Et</strong></span> <span class='ocrx_word' id='word_1_198' title='bbox 2325 595 2453 635; x_wconf 90' lang='lat' dir='ltr'><strong>eum</strong></span> <span class='ocrx_word' id='word_1_199' title='bbox 2476 579 2641 634; x_wconf 87' lang='lat' dir='ltr'><strong>veluti</strong></span> <span class='ocrx_word' id='word_1_200' title='bbox 2665 577 2749 633; x_wconf 81' lang='lat' dir='ltr'><strong>fax</strong></span> <span class='ocrx_word' id='word_1_201' title='bbox 2782 584 2948 635; x_wconf 91' lang='lat' dir='ltr'><strong>noctu</strong></span> <span class='ocrx_word' id='word_1_202' title='bbox 2974 575 3291 635; x_wconf 82' lang='lat' dir='ltr'><strong>errantibus</strong></span> <span class='ocrx_word' id='word_1_203' title='bbox 3328 591 3424 646; x_wconf 90' lang='lat' dir='ltr'><strong>per</strong></span> <span class='ocrx_word' id='word_1_204' title='bbox 3456 592 3629 633; x_wconf 80' lang='lat' dir='ltr'><strong>mare.</strong></span> 
     </span>
    </p>
   </div>
   <div class='ocr_carea' id='block_1_30' title="bbox 2046 668 3629 742">
    <p class='ocr_par' dir='ltr' id='par_1_30' title="bbox 2046 668 3629 742">
     <span class='ocr_line' id='line_1_30' title="bbox 2046 668 3629 742; baseline -0.004 -16"><span class='ocrx_word' id='word_1_205' title='bbox 2046 671 2306 728; x_wconf 68' lang='lat' dir='ltr'><strong>Ecclesiae</strong></span> <span class='ocrx_word' id='word_1_206' title='bbox 2336 672 2483 727; x_wconf 90' lang='lat' dir='ltr'><strong>bono</strong></span> <span class='ocrx_word' id='word_1_207' title='bbox 2519 669 2887 742; x_wconf 86' lang='lat' dir='ltr'><strong>apparuisset,</strong></span> <span class='ocrx_word' id='word_1_208' title='bbox 2922 685 3115 725; x_wconf 86' lang='lat' dir='ltr'><strong>omnes</strong></span> <span class='ocrx_word' id='word_1_209' title='bbox 3149 668 3217 723; x_wconf 89' lang='lat' dir='ltr'><strong>ad</strong></span> <span class='ocrx_word' id='word_1_210' title='bbox 3250 676 3455 723; x_wconf 87' lang='lat' dir='ltr'><strong>rectam</strong></span> <span class='ocrx_word' id='word_1_211' title='bbox 3486 669 3629 723; x_wconf 84' lang='lat' dir='ltr'><strong>viam</strong></span> 
     </span>
    </p>
   </div>
   <div class='ocr_carea' id='block_1_31' title="bbox 2044 758 3631 834">
    <p class='ocr_par' dir='ltr' id='par_1_31' title="bbox 2044 758 3631 834">
     <span class='ocr_line' id='line_1_31' title="bbox 2044 758 3631 834; baseline -0.004 -15"><span class='ocrx_word' id='word_1_212' title='bbox 2044 765 2338 829; x_wconf 84' lang='lat' dir='ltr'><strong>convertit,</strong></span> <span class='ocrx_word' id='word_1_213' title='bbox 2367 777 2494 819; x_wconf 89' lang='lat' dir='ltr'><strong>cum</strong></span> <span class='ocrx_word' id='word_1_214' title='bbox 2534 760 2808 834; x_wconf 69' lang='lat' dir='ltr'><strong>praefectis</strong></span> <span class='ocrx_word' id='word_1_215' title='bbox 2851 768 2906 816; x_wconf 90' lang='lat' dir='ltr'><strong>et</strong></span> <span class='ocrx_word' id='word_1_216' title='bbox 2947 760 3273 832; x_wconf 68' lang='lat' dir='ltr'><strong>prmsidibus</strong></span> <span class='ocrx_word' id='word_1_217' title='bbox 3306 758 3631 832; x_wconf 84' lang='lat' dir='ltr'><strong>couﬁigens,</strong></span> 
     </span>
    </p>
   </div>
   <div class='ocr_carea' id='block_1_32' title="bbox 2043 850 3632 929">
    <p class='ocr_par' dir='ltr' id='par_1_32' title="bbox 2043 850 3632 929">
     <span class='ocr_line' id='line_1_32' title="bbox 2043 850 3632 929; baseline -0.004 -19"><span class='ocrx_word' id='word_1_218' title='bbox 2043 871 2169 911; x_wconf 90' lang='lat' dir='ltr'><strong>cum</strong></span> <span class='ocrx_word' id='word_1_219' title='bbox 2220 853 2546 929; x_wconf 89' lang='lat' dir='ltr'><strong>ductoribus</strong></span> <span class='ocrx_word' id='word_1_220' title='bbox 2581 853 2865 923; x_wconf 88' lang='lat' dir='ltr'><strong>copiarum</strong></span> <span class='ocrx_word' id='word_1_221' title='bbox 2894 850 3282 921; x_wconf 79' lang='lat' dir='ltr'><strong>congrediens,</strong></span> <span class='ocrx_word' id='word_1_222' title='bbox 3334 851 3478 921; x_wconf 89' lang='lat' dir='ltr'><strong>apud</strong></span> <span class='ocrx_word' id='word_1_223' title='bbox 3528 850 3632 904; x_wconf 79' lang='lat' dir='ltr'><strong>im-</strong></span> 
     </span>
    </p>
   </div>
   <div class='ocr_carea' id='block_1_33' title="bbox 2045 940 3629 1019">
    <p class='ocr_par' dir='ltr' id='par_1_33' title="bbox 2045 940 3629 1019">
     <span class='ocr_line' id='line_1_33' title="bbox 2045 940 3629 1019; baseline -0.005 -16"><span class='ocrx_word' id='word_1_224' title='bbox 2045 958 2328 1019; x_wconf 91' lang='lat' dir='ltr'><strong>peratores</strong></span> <span class='ocrx_word' id='word_1_225' title='bbox 2360 946 2532 1001; x_wconf 83' lang='lat' dir='ltr'><strong>libere</strong></span> <span class='ocrx_word' id='word_1_226' title='bbox 2580 946 2833 1017; x_wconf 83' lang='lat' dir='ltr'><strong>loquens,</strong></span> <span class='ocrx_word' id='word_1_227' title='bbox 2875 943 2931 997; x_wconf 92' lang='lat' dir='ltr'><strong>in</strong></span> <span class='ocrx_word' id='word_1_228' title='bbox 2976 940 3341 998; x_wconf 87' lang='lat' dir='ltr'><strong>concionibus</strong></span> <span class='ocrx_word' id='word_1_229' title='bbox 3364 949 3420 997; x_wconf 90' lang='lat' dir='ltr'><strong>et</strong></span> <span class='ocrx_word' id='word_1_230' title='bbox 3452 942 3629 996; x_wconf 86' lang='lat' dir='ltr'><strong>cccle-</strong></span> 
     </span>
    </p>
   </div>
   <div class='ocr_carea' id='block_1_34' title="bbox 2043 1034 3635 1108">
    <p class='ocr_par' dir='ltr' id='par_1_34' title="bbox 2043 1034 3635 1108">
     <span class='ocr_line' id='line_1_34' title="bbox 2043 1034 3635 1108; baseline -0.008 -11"><span class='ocrx_word' id='word_1_231' title='bbox 2043 1041 2145 1097; x_wconf 89' lang='lat' dir='ltr'><strong>siis</strong></span> <span class='ocrx_word' id='word_1_232' title='bbox 2192 1041 2462 1103; x_wconf 87' lang='lat' dir='ltr'><strong>clamans,</strong></span> <span class='ocrx_word' id='word_1_233' title='bbox 2514 1054 2634 1103; x_wconf 86' lang='lat' dir='ltr'><strong>eos,</strong></span> <span class='ocrx_word' id='word_1_234' title='bbox 2698 1039 2792 1108; x_wconf 89' lang='lat' dir='ltr'><strong>qui</strong></span> <span class='ocrx_word' id='word_1_235' title='bbox 2821 1036 3009 1106; x_wconf 87' lang='lat' dir='ltr'><strong>procul</strong></span> <span class='ocrx_word' id='word_1_236' title='bbox 3058 1035 3335 1096; x_wconf 87' lang='lat' dir='ltr'><strong>abessent,</strong></span> <span class='ocrx_word' id='word_1_237' title='bbox 3382 1034 3635 1103; x_wconf 86' lang='lat' dir='ltr'><strong>exemplo</strong></span> 
     </span>
    </p>
   </div>
   <div class='ocr_carea' id='block_1_35' title="bbox 2044 1126 3630 1203">
    <p class='ocr_par' dir='ltr' id='par_1_35' title="bbox 2044 1126 3630 1203">
     <span class='ocr_line' id='line_1_35' title="bbox 2044 1126 3630 1203; baseline -0.005 -14"><span class='ocrx_word' id='word_1_238' title='bbox 2044 1132 2201 1189; x_wconf 89' lang='lat' dir='ltr'><strong>Pauli</strong></span> <span class='ocrx_word' id='word_1_239' title='bbox 2251 1147 2347 1203; x_wconf 89' lang='lat' dir='ltr'><strong>per</strong></span> <span class='ocrx_word' id='word_1_240' title='bbox 2397 1131 2659 1203; x_wconf 81' lang='lat' dir='ltr'><strong>epistolas</strong></span> <span class='ocrx_word' id='word_1_241' title='bbox 2723 1129 3028 1185; x_wconf 88' lang='lat' dir='ltr'><strong>concilians</strong></span> <span class='ocrx_word' id='word_1_242' title='bbox 3083 1135 3250 1198; x_wconf 86' lang='lat' dir='ltr'><strong>atque</strong></span> <span class='ocrx_word' id='word_1_243' title='bbox 3302 1126 3630 1196; x_wconf 78' lang='lat' dir='ltr'><strong>adjuugens,</strong></span> 
     </span>
    </p>
   </div>
   <div class='ocr_carea' id='block_1_36' title="bbox 2044 1218 3629 1294">
    <p class='ocr_par' dir='ltr' id='par_1_36' title="bbox 2044 1218 3629 1294">
     <span class='ocr_line' id='line_1_36' title="bbox 2044 1218 3629 1294; baseline -0.005 -14"><span class='ocrx_word' id='word_1_244' title='bbox 2044 1222 2313 1294; x_wconf 86' lang='lat' dir='ltr'><strong>eﬁ‘ugiens</strong></span> <span class='ocrx_word' id='word_1_245' title='bbox 2365 1232 2422 1278; x_wconf 90' lang='lat' dir='ltr'><strong>et</strong></span> <span class='ocrx_word' id='word_1_246' title='bbox 2470 1222 2684 1278; x_wconf 90' lang='lat' dir='ltr'><strong>evitans</strong></span> <span class='ocrx_word' id='word_1_247' title='bbox 2745 1218 3156 1290; x_wconf 82' lang='lat' dir='ltr'><strong>conﬂigentium</strong></span> <span class='ocrx_word' id='word_1_248' title='bbox 3213 1218 3629 1289; x_wconf 86' lang='lat' dir='ltr'><strong>prehensiones,</strong></span> 
     </span>
    </p>
   </div>
   <div class='ocr_carea' id='block_1_37' title="bbox 2044 1313 3632 1382">
    <p class='ocr_par' dir='ltr' id='par_1_37' title="bbox 2044 1313 3632 1382">
     <span class='ocr_line' id='line_1_37' title="bbox 2044 1313 3632 1382; baseline -0.004 -12"><span class='ocrx_word' id='word_1_249' title='bbox 2044 1330 2168 1370; x_wconf 87' lang='lat' dir='ltr'><strong>cum</strong></span> <span class='ocrx_word' id='word_1_250' title='bbox 2207 1314 2344 1369; x_wconf 86' lang='lat' dir='ltr'><strong>nihil</strong></span> <span class='ocrx_word' id='word_1_251' title='bbox 2378 1314 2434 1368; x_wconf 91' lang='lat' dir='ltr'><strong>in</strong></span> <span class='ocrx_word' id='word_1_252' title='bbox 2472 1328 2533 1369; x_wconf 91' lang='lat' dir='ltr'><strong>se</strong></span> <span class='ocrx_word' id='word_1_253' title='bbox 2564 1313 2809 1375; x_wconf 84' lang='lat' dir='ltr'><strong>haberet,</strong></span> <span class='ocrx_word' id='word_1_254' title='bbox 2843 1327 2953 1382; x_wconf 90' lang='lat' dir='ltr'><strong>quo</strong></span> <span class='ocrx_word' id='word_1_255' title='bbox 2989 1320 3266 1366; x_wconf 89' lang='lat' dir='ltr'><strong>teneretur</strong></span> <span class='ocrx_word' id='word_1_256' title='bbox 3303 1318 3359 1365; x_wconf 92' lang='lat' dir='ltr'><strong>et</strong></span> <span class='ocrx_word' id='word_1_257' title='bbox 3383 1313 3632 1364; x_wconf 89' lang='lat' dir='ltr'><strong>vincere-</strong></span> 
     </span>
    </p>
   </div>
   <div class='ocr_carea' id='block_1_38' title="bbox 2044 1400 3630 1462">
    <p class='ocr_par' dir='ltr' id='par_1_38' title="bbox 2044 1400 3630 1462">
     <span class='ocr_line' id='line_1_38' title="bbox 2044 1400 3630 1462; baseline -0.001 -2"><span class='ocrx_word' id='word_1_258' title='bbox 2044 1415 2138 1462; x_wconf 83' lang='lat' dir='ltr'><strong>tur</strong></span> <span class='ocrx_word' id='word_1_259' title='bbox 2185 1407 2253 1460; x_wconf 90' lang='lat' dir='ltr'><strong>ab</strong></span> <span class='ocrx_word' id='word_1_260' title='bbox 2292 1404 2649 1461; x_wconf 87' lang='lat' dir='ltr'><strong>adversariis.</strong></span> <span class='ocrx_word' id='word_1_261' title='bbox 2684 1403 2901 1458; x_wconf 82' lang='lat' dir='ltr'><strong>Fortior</strong></span> <span class='ocrx_word' id='word_1_262' title='bbox 2951 1402 3097 1456; x_wconf 88' lang='lat' dir='ltr'><strong>enim</strong></span> <span class='ocrx_word' id='word_1_263' title='bbox 3144 1410 3198 1456; x_wconf 92' lang='lat' dir='ltr'><strong>et</strong></span> <span class='ocrx_word' id='word_1_264' title='bbox 3247 1400 3455 1454; x_wconf 88' lang='lat' dir='ltr'><strong>ﬁrmior</strong></span> <span class='ocrx_word' id='word_1_265' title='bbox 3489 1406 3630 1459; x_wconf 76' lang='lat' dir='ltr'><strong>erat.</strong></span> 
     </span>
    </p>
   </div>
   <div class='ocr_carea' id='block_1_39' title="bbox 2044 1491 3631 1570">
    <p class='ocr_par' dir='ltr' id='par_1_39' title="bbox 2044 1491 3631 1570">
     <span class='ocr_line' id='line_1_39' title="bbox 2044 1491 3631 1570; baseline -0.004 -17"><span class='ocrx_word' id='word_1_266' title='bbox 2044 1514 2210 1570; x_wconf 88' lang='lat' dir='ltr'><strong>quam</strong></span> <span class='ocrx_word' id='word_1_267' title='bbox 2269 1508 2326 1553; x_wconf 89' lang='lat' dir='ltr'><strong>ut</strong></span> <span class='ocrx_word' id='word_1_268' title='bbox 2375 1497 2445 1553; x_wconf 89' lang='lat' dir='ltr'><strong>ab</strong></span> <span class='ocrx_word' id='word_1_269' title='bbox 2496 1498 2586 1560; x_wconf 88' lang='lat' dir='ltr'><strong>iis,</strong></span> <span class='ocrx_word' id='word_1_270' title='bbox 2623 1497 2717 1568; x_wconf 90' lang='lat' dir='ltr'><strong>qui</strong></span> <span class='ocrx_word' id='word_1_271' title='bbox 2748 1499 2886 1551; x_wconf 87' lang='lat' dir='ltr'><strong>bona</strong></span> <span class='ocrx_word' id='word_1_272' title='bbox 2916 1496 3036 1565; x_wconf 83' lang='lat' dir='ltr'><strong>ejus</strong></span> <span class='ocrx_word' id='word_1_273' title='bbox 3066 1494 3434 1565; x_wconf 86' lang='lat' dir='ltr'><strong>publicarant,</strong></span> <span class='ocrx_word' id='word_1_274' title='bbox 3485 1491 3631 1545; x_wconf 86' lang='lat' dir='ltr'><strong>vinci</strong></span> 
     </span>
    </p>
   </div>
   <div class='ocr_carea' id='block_1_40' title="bbox 2046 1587 3630 1661">
    <p class='ocr_par' dir='ltr' id='par_1_40' title="bbox 2046 1587 3630 1661">
     <span class='ocr_line' id='line_1_40' title="bbox 2046 1587 3630 1661; baseline -0.006 -15"><span class='ocrx_word' id='word_1_275' title='bbox 2046 1606 2111 1646; x_wconf 87' lang='lat' dir='ltr'><strong>ac</strong></span> <span class='ocrx_word' id='word_1_276' title='bbox 2144 1590 2325 1661; x_wconf 82' lang='lat' dir='ltr'><strong>subigi</strong></span> <span class='ocrx_word' id='word_1_277' title='bbox 2353 1598 2560 1661; x_wconf 88' lang='lat' dir='ltr'><strong>posset,</strong></span> <span class='ocrx_word' id='word_1_278' title='bbox 2604 1605 2729 1643; x_wconf 88' lang='lat' dir='ltr'><strong>eum</strong></span> <span class='ocrx_word' id='word_1_279' title='bbox 2785 1589 2901 1659; x_wconf 90' lang='lat' dir='ltr'><strong>ipse</strong></span> <span class='ocrx_word' id='word_1_280' title='bbox 2940 1603 3000 1643; x_wconf 86' lang='lat' dir='ltr'><strong>se</strong></span> <span class='ocrx_word' id='word_1_281' title='bbox 3040 1587 3198 1642; x_wconf 89' lang='lat' dir='ltr'><strong>bonis</strong></span> <span class='ocrx_word' id='word_1_282' title='bbox 3227 1595 3450 1656; x_wconf 86' lang='lat' dir='ltr'><strong>propter</strong></span> <span class='ocrx_word' id='word_1_283' title='bbox 3476 1601 3630 1654; x_wconf 75' lang='lat' dir='ltr'><strong>spem</strong></span> 
     </span>
    </p>
   </div>
   <div class='ocr_carea' id='block_1_41' title="bbox 2051 1679 3631 1754">
    <p class='ocr_par' dir='ltr' id='par_1_41' title="bbox 2051 1679 3631 1754">
     <span class='ocr_line' id='line_1_41' title="bbox 2051 1679 3631 1754; baseline -0.001 -18"><span class='ocrx_word' id='word_1_284' title='bbox 2051 1684 2217 1737; x_wconf 80' lang='lat' dir='ltr'><strong>futuri</strong></span> <span class='ocrx_word' id='word_1_285' title='bbox 2271 1684 2422 1754; x_wconf 88' lang='lat' dir='ltr'><strong>regni</strong></span> <span class='ocrx_word' id='word_1_286' title='bbox 2459 1684 2798 1737; x_wconf 87' lang='lat' dir='ltr'><strong>mulctassct.</strong></span> <span class='ocrx_word' id='word_1_287' title='bbox 2829 1682 2911 1735; x_wconf 85' lang='lat' dir='ltr'><strong>Ab</strong></span> <span class='ocrx_word' id='word_1_288' title='bbox 2938 1681 3116 1737; x_wconf 91' lang='lat' dir='ltr'><strong>exsilii</strong></span> <span class='ocrx_word' id='word_1_289' title='bbox 3149 1688 3295 1735; x_wconf 85' lang='lat' dir='ltr'><strong>metu</strong></span> <span class='ocrx_word' id='word_1_290' title='bbox 3322 1679 3458 1734; x_wconf 87' lang='lat' dir='ltr'><strong>liber</strong></span> <span class='ocrx_word' id='word_1_291' title='bbox 3492 1685 3631 1738; x_wconf 83' lang='lat' dir='ltr'><strong>erat.</strong></span> 
     </span>
    </p>
   </div>
   <div class='ocr_carea' id='block_1_42' title="bbox 2051 1773 3637 1846">
    <p class='ocr_par' dir='ltr' id='par_1_42' title="bbox 2051 1773 3637 1846">
     <span class='ocr_line' id='line_1_42' title="bbox 2051 1773 3637 1846; baseline -0.007 -16"><span class='ocrx_word' id='word_1_292' title='bbox 2051 1778 2196 1846; x_wconf 89' lang='lat' dir='ltr'><strong>quod</strong></span> <span class='ocrx_word' id='word_1_293' title='bbox 2231 1791 2395 1831; x_wconf 90' lang='lat' dir='ltr'><strong>unam</strong></span> <span class='ocrx_word' id='word_1_294' title='bbox 2428 1775 2658 1845; x_wconf 87' lang='lat' dir='ltr'><strong>patriam</strong></span> <span class='ocrx_word' id='word_1_295' title='bbox 2690 1773 2971 1827; x_wconf 86' lang='lat' dir='ltr'><strong>hominum</strong></span> <span class='ocrx_word' id='word_1_296' title='bbox 3012 1779 3261 1826; x_wconf 79' lang='lat' dir='ltr'><strong>censeret</strong></span> <span class='ocrx_word' id='word_1_297' title='bbox 3306 1784 3429 1825; x_wconf 87' lang='lat' dir='ltr'><strong>esse</strong></span> <span class='ocrx_word' id='word_1_298' title='bbox 3476 1782 3637 1838; x_wconf 85' lang='lat' dir='ltr'><strong>para-</strong></span> 
     </span>
    </p>
   </div>
   <div class='ocr_carea' id='block_1_43' title="bbox 2051 1861 3637 1934">
    <p class='ocr_par' dir='ltr' id='par_1_43' title="bbox 2051 1861 3637 1934">
     <span class='ocr_line' id='line_1_43' title="bbox 2051 1861 3637 1934; baseline -0.006 -14"><span class='ocrx_word' id='word_1_299' title='bbox 2051 1866 2231 1920; x_wconf 87' lang='lat' dir='ltr'><strong>disum</strong></span> <span class='ocrx_word' id='word_1_300' title='bbox 2256 1906 2271 1927; x_wconf 88' lang='lat'><strong>,</strong></span> <span class='ocrx_word' id='word_1_301' title='bbox 2309 1873 2473 1934; x_wconf 85' lang='lat' dir='ltr'><strong>atque</strong></span> <span class='ocrx_word' id='word_1_302' title='bbox 2507 1879 2723 1917; x_wconf 90' lang='lat' dir='ltr'><strong>omnem</strong></span> <span class='ocrx_word' id='word_1_303' title='bbox 2757 1872 2957 1917; x_wconf 89' lang='lat' dir='ltr'><strong>terram</strong></span> <span class='ocrx_word' id='word_1_304' title='bbox 3003 1861 3158 1931; x_wconf 88' lang='lat' dir='ltr'><strong>quasi</strong></span> <span class='ocrx_word' id='word_1_305' title='bbox 3215 1874 3506 1913; x_wconf 83' lang='lat' dir='ltr'><strong>commune</strong></span> <span class='ocrx_word' id='word_1_306' title='bbox 3540 1871 3637 1910; x_wconf 85' lang='lat' dir='ltr'><strong>na-</strong></span> 
     </span>
    </p>
   </div>
   <div class='ocr_carea' id='block_1_44' title="bbox 2052 1948 3637 2023">
    <p class='ocr_par' dir='ltr' id='par_1_44' title="bbox 2052 1948 3637 2023">
     <span class='ocr_line' id='line_1_44' title="bbox 2052 1948 3637 2023; baseline -0.004 -15"><span class='ocrx_word' id='word_1_307' title='bbox 2052 1963 2191 2009; x_wconf 65' lang='lat' dir='ltr'><strong>tura:</strong></span> <span class='ocrx_word' id='word_1_308' title='bbox 2215 1954 2467 2008; x_wconf 81' lang='lat' dir='ltr'><strong>exsilium</strong></span> <span class='ocrx_word' id='word_1_309' title='bbox 2499 1961 2794 2023; x_wconf 82' lang='lat' dir='ltr'><strong>spectaret.</strong></span> <span class='ocrx_word' id='word_1_310' title='bbox 2831 1951 2933 2018; x_wconf 85' lang='lat' dir='ltr'><strong>Qui</strong></span> <span class='ocrx_word' id='word_1_311' title='bbox 2963 1960 3145 2006; x_wconf 84' lang='lat' dir='ltr'><strong>autent</strong></span> <span class='ocrx_word' id='word_1_312' title='bbox 3178 1948 3426 2021; x_wconf 83' lang='lat' dir='ltr'><strong>quotidie</strong></span> <span class='ocrx_word' id='word_1_313' title='bbox 3455 1963 3637 2001; x_wconf 89' lang='lat' dir='ltr'><strong>more-</strong></span> 
     </span>
    </p>
   </div>
   <div class='ocr_carea' id='block_1_45' title="bbox 2053 2038 3638 2115">
    <p class='ocr_par' dir='ltr' id='par_1_45' title="bbox 2053 2038 3638 2115">
     <span class='ocr_line' id='line_1_45' title="bbox 2053 2038 3638 2115; baseline -0.006 -15"><span class='ocrx_word' id='word_1_314' title='bbox 2053 2055 2227 2107; x_wconf 72' lang='lat' dir='ltr'><strong>retur,</strong></span> <span class='ocrx_word' id='word_1_315' title='bbox 2263 2060 2327 2099; x_wconf 90' lang='lat' dir='ltr'><strong>ac</strong></span> <span class='ocrx_word' id='word_1_316' title='bbox 2354 2061 2450 2115; x_wconf 89' lang='lat' dir='ltr'><strong>per</strong></span> <span class='ocrx_word' id='word_1_317' title='bbox 2484 2044 2959 2099; x_wconf 72' lang='lat' dir='ltr'><strong>mortiﬁcationem</strong></span> <span class='ocrx_word' id='word_1_318' title='bbox 2991 2038 3211 2112; x_wconf 77' lang='lat' dir='ltr'><strong>semper</strong></span> <span class='ocrx_word' id='word_1_319' title='bbox 3245 2041 3440 2096; x_wconf 89' lang='lat' dir='ltr'><strong>lubens</strong></span> <span class='ocrx_word' id='word_1_320' title='bbox 3471 2039 3638 2094; x_wconf 87' lang='lat' dir='ltr'><strong>absu-</strong></span> 
     </span>
    </p>
   </div>
   <div class='ocr_carea' id='block_1_46' title="bbox 2055 2130 3635 2207">
    <p class='ocr_par' dir='ltr' id='par_1_46' title="bbox 2055 2130 3635 2207">
     <span class='ocr_line' id='line_1_46' title="bbox 2055 2130 3635 2207; baseline -0.004 -15"><span class='ocrx_word' id='word_1_321' title='bbox 2055 2146 2314 2200; x_wconf 85' lang='lat' dir='ltr'><strong>meretur,</strong></span> <span class='ocrx_word' id='word_1_322' title='bbox 2369 2136 2590 2207; x_wconf 81' lang='lat' dir='ltr'><strong>quando</strong></span> <span class='ocrx_word' id='word_1_323' title='bbox 2646 2135 2865 2190; x_wconf 81' lang='lat' dir='ltr'><strong>tandem</strong></span> <span class='ocrx_word' id='word_1_324' title='bbox 2918 2143 3170 2198; x_wconf 86' lang='lat' dir='ltr'><strong>mortem,</strong></span> <span class='ocrx_word' id='word_1_325' title='bbox 3209 2148 3370 2203; x_wconf 85' lang='lat' dir='ltr'><strong>quam</strong></span> <span class='ocrx_word' id='word_1_326' title='bbox 3426 2130 3635 2206; x_wconf 81' lang='lat' dir='ltr'><strong>inimici</strong></span> 
     </span>
    </p>
   </div>
   <div class='ocr_carea' id='block_1_47' title="bbox 2054 2222 3637 2296">
    <p class='ocr_par' dir='ltr' id='par_1_47' title="bbox 2054 2222 3637 2296">
     <span class='ocr_line' id='line_1_47' title="bbox 2054 2222 3637 2296; baseline -0.004 -14"><span class='ocrx_word' id='word_1_327' title='bbox 2054 2227 2426 2291; x_wconf 87' lang='lat' dir='ltr'><strong>minabantur,</strong></span> <span class='ocrx_word' id='word_1_328' title='bbox 2460 2235 2703 2282; x_wconf 89' lang='lat' dir='ltr'><strong>metuere</strong></span> <span class='ocrx_word' id='word_1_329' title='bbox 2728 2224 3035 2296; x_wconf 86' lang='lat' dir='ltr'><strong>potuisset?</strong></span> <span class='ocrx_word' id='word_1_330' title='bbox 3063 2224 3153 2278; x_wconf 90' lang='lat' dir='ltr'><strong>cui</strong></span> <span class='ocrx_word' id='word_1_331' title='bbox 3196 2222 3419 2293; x_wconf 88' lang='lat' dir='ltr'><strong>quidem</strong></span> <span class='ocrx_word' id='word_1_332' title='bbox 3452 2222 3637 2278; x_wconf 75' lang='lat' dir='ltr'><strong>clades</strong></span> 
     </span>
    </p>
   </div>
   <div class='ocr_carea' id='block_1_48' title="bbox 2056 2318 3639 2389">
    <p class='ocr_par' dir='ltr' id='par_1_48' title="bbox 2056 2318 3639 2389">
     <span class='ocr_line' id='line_1_48' title="bbox 2056 2318 3639 2389; baseline -0.003 -17"><span class='ocrx_word' id='word_1_333' title='bbox 2056 2330 2222 2389; x_wconf 89' lang='lat' dir='ltr'><strong>atque</strong></span> <span class='ocrx_word' id='word_1_334' title='bbox 2256 2320 2543 2373; x_wconf 87' lang='lat' dir='ltr'><strong>calamitas</strong></span> <span class='ocrx_word' id='word_1_335' title='bbox 2575 2327 2714 2385; x_wconf 90' lang='lat' dir='ltr'><strong>erat,</strong></span> <span class='ocrx_word' id='word_1_336' title='bbox 2770 2318 2913 2388; x_wconf 86' lang='lat' dir='ltr'><strong>quod</strong></span> <span class='ocrx_word' id='word_1_337' title='bbox 2944 2332 3051 2370; x_wconf 88' lang='lat' dir='ltr'><strong>non</strong></span> <span class='ocrx_word' id='word_1_338' title='bbox 3093 2332 3237 2385; x_wconf 60' lang='lat' dir='ltr'><strong>saepe</strong></span> <span class='ocrx_word' id='word_1_339' title='bbox 3273 2322 3459 2386; x_wconf 86' lang='lat' dir='ltr'><strong>posset</strong></span> <span class='ocrx_word' id='word_1_340' title='bbox 3491 2328 3639 2368; x_wconf 87' lang='lat' dir='ltr'><strong>mar-</strong></span> 
     </span>
    </p>
   </div>
   <div class='ocr_carea' id='block_1_49' title="bbox 3152 2405 3639 2477">
    <p class='ocr_par' dir='ltr' id='par_1_49' title="bbox 3152 2405 3639 2477">
     <span class='ocr_line' id='line_1_49' title="bbox 3152 2405 3639 2477; baseline 0.008 -20"><span class='ocrx_word' id='word_1_341' title='bbox 3152 2422 3168 2457; x_wconf 88' lang='lat'>:</span> <span class='ocrx_word' id='word_1_342' title='bbox 3225 2407 3319 2477; x_wconf 88' lang='lat' dir='ltr'><strong>qtti</strong></span> <span class='ocrx_word' id='word_1_343' title='bbox 3380 2405 3639 2477; x_wconf 74' lang='lat' dir='ltr'><strong>praelecto</strong></span> 
     </span>
    </p>
   </div>
   <div class='ocr_carea' id='block_1_50' title="bbox 371 2487 3635 2573">
    <p class='ocr_par' dir='ltr' id='par_1_50' title="bbox 371 2487 3635 2573">
     <span class='ocr_line' id='line_1_50' title="bbox 371 2487 3635 2573; baseline 0.003 -33"><span class='ocrx_word' id='word_1_344' title='bbox 371 2487 590 2541; x_wconf 84' lang='lat' dir='ltr'><strong>cuidam</strong></span> <span class='ocrx_word' id='word_1_345' title='bbox 651 2487 948 2558; x_wconf 85' lang='lat' dir='ltr'><strong>aliquando</strong></span> <span class='ocrx_word' id='word_1_346' title='bbox 1005 2503 1065 2543; x_wconf 89' lang='lat' dir='ltr'><strong>se</strong></span> <span class='ocrx_word' id='word_1_347' title='bbox 1116 2487 1275 2557; x_wconf 88' lang='lat' dir='ltr'><strong>jecur</strong></span> <span class='ocrx_word' id='word_1_348' title='bbox 1337 2488 1458 2559; x_wconf 87' lang='lat' dir='ltr'><strong>ejus</strong></span> <span class='ocrx_word' id='word_1_349' title='bbox 1540 2489 1609 2544; x_wconf 90' lang='lat' dir='ltr'><strong>de</strong></span> <span class='ocrx_word' id='word_1_350' title='bbox 1674 2491 1981 2571; x_wconf 76' lang='lat' dir='ltr'><strong>visceribus</strong></span> <span class='ocrx_word' id='word_1_351' title='bbox 2046 2508 2365 2573; x_wconf 90' lang='lat' dir='ltr'><strong>erepturum</strong></span> <span class='ocrx_word' id='word_1_352' title='bbox 2413 2500 2653 2556; x_wconf 80' lang='lat' dir='ltr'><strong>terrendi</strong></span> <span class='ocrx_word' id='word_1_353' title='bbox 2704 2515 2871 2556; x_wconf 86' lang='lat' dir='ltr'><strong>causa</strong></span> <span class='ocrx_word' id='word_1_354' title='bbox 2919 2499 3146 2553; x_wconf 90' lang='lat' dir='ltr'><strong>minanti</strong></span> <span class='ocrx_word' id='word_1_355' title='bbox 3179 2495 3517 2554; x_wconf 84' lang='lat' dir='ltr'><strong>subrideudo</strong></span> <span class='ocrx_word' id='word_1_356' title='bbox 3548 2496 3635 2550; x_wconf 87' lang='lat' dir='ltr'><strong>iu-</strong></span> 
     </span>
    </p>
   </div>
   <div class='ocr_carea' id='block_1_51' title="bbox 376 2580 3636 2661">
    <p class='ocr_par' dir='ltr' id='par_1_51' title="bbox 376 2580 3636 2661">
     <span class='ocr_line' id='line_1_51' title="bbox 376 2580 3636 2661; baseline 0.002 -25"><span class='ocrx_word' id='word_1_357' title='bbox 376 2583 559 2636; x_wconf 86' lang='lat' dir='ltr'><strong>sulsas</strong></span> <span class='ocrx_word' id='word_1_358' title='bbox 605 2589 769 2649; x_wconf 86' lang='lat' dir='ltr'><strong>atque</strong></span> <span class='ocrx_word' id='word_1_359' title='bbox 824 2590 1109 2652; x_wconf 75' lang='lat' dir='ltr'><strong>protervas</strong></span> <span class='ocrx_word' id='word_1_360' title='bbox 1164 2581 1342 2636; x_wconf 90' lang='lat' dir='ltr'><strong>minas</strong></span> <span class='ocrx_word' id='word_1_361' title='bbox 1387 2580 1642 2636; x_wconf 88' lang='lat' dir='ltr'><strong>diludens</strong></span> <span class='ocrx_word' id='word_1_362' title='bbox 1679 2622 1696 2648; x_wconf 93' lang='lat'><strong>,</strong></span> <span class='ocrx_word' id='word_1_363' title='bbox 1744 2582 1985 2641; x_wconf 86' lang='lat' dir='ltr'><strong>Gratiam</strong></span> <span class='ocrx_word' id='word_1_364' title='bbox 2021 2591 2141 2655; x_wconf 88' lang='lat' dir='ltr'><strong>tibi,</strong></span> <span class='ocrx_word' id='word_1_365' title='bbox 2173 2591 2559 2661; x_wconf 87' lang='lat' dir='ltr'><strong>iuquit,hujus</strong></span> <span class='ocrx_word' id='word_1_366' title='bbox 2580 2591 2876 2647; x_wconf 83' lang='lat' dir='ltr'><strong>voluntatis</strong></span> <span class='ocrx_word' id='word_1_367' title='bbox 2901 2597 3064 2661; x_wconf 90' lang='lat' dir='ltr'><strong>atque</strong></span> <span class='ocrx_word' id='word_1_368' title='bbox 3106 2589 3372 2659; x_wconf 84' lang='lat' dir='ltr'><strong>propositi</strong></span> <span class='ocrx_word' id='word_1_369' title='bbox 3414 2588 3636 2643; x_wconf 82' lang='lat' dir='ltr'><strong>nomine</strong></span> 
     </span>
    </p>
   </div>
   <div class='ocr_carea' id='block_1_52' title="bbox 374 2673 3629 2754">
    <p class='ocr_par' dir='ltr' id='par_1_52' title="bbox 374 2673 3629 2754">
     <span class='ocr_line' id='line_1_52' title="bbox 374 2673 3629 2754; baseline 0.002 -25"><span class='ocrx_word' id='word_1_370' title='bbox 374 2674 608 2729; x_wconf 82' lang='lat' dir='ltr'><strong>habebo.</strong></span> <span class='ocrx_word' id='word_1_371' title='bbox 662 2674 873 2747; x_wconf 83' lang='lat' dir='ltr'><strong>Etenim</strong></span> <span class='ocrx_word' id='word_1_372' title='bbox 930 2673 1077 2729; x_wconf 89' lang='lat' dir='ltr'><strong>haud</strong></span> <span class='ocrx_word' id='word_1_373' title='bbox 1129 2674 1480 2730; x_wconf 88' lang='lat' dir='ltr'><strong>mediocriter</strong></span> <span class='ocrx_word' id='word_1_374' title='bbox 1524 2677 1814 2731; x_wconf 85' lang='lat' dir='ltr'><strong>molestum</strong></span> <span class='ocrx_word' id='word_1_375' title='bbox 1871 2688 1954 2736; x_wconf 90' lang='lat' dir='ltr'><strong>est</strong></span> <span class='ocrx_word' id='word_1_376' title='bbox 1984 2681 2143 2751; x_wconf 89' lang='lat' dir='ltr'><strong>jecur</strong></span> <span class='ocrx_word' id='word_1_377' title='bbox 2170 2684 2842 2741; x_wconf 88' lang='lat' dir='ltr'><strong>visceribusincumbens.</strong></span> <span class='ocrx_word' id='word_1_378' title='bbox 2874 2683 2931 2738; x_wconf 90' lang='lat' dir='ltr'><strong>Si</strong></span> <span class='ocrx_word' id='word_1_379' title='bbox 2963 2682 3190 2754; x_wconf 89' lang='lat' dir='ltr'><strong>ejeceris</strong></span> <span class='ocrx_word' id='word_1_380' title='bbox 3256 2696 3386 2752; x_wconf 78' lang='lat' dir='ltr'><strong>ergo</strong></span> <span class='ocrx_word' id='word_1_381' title='bbox 3474 2681 3629 2746; x_wconf 90' lang='lat' dir='ltr'><strong>illud,</strong></span> 
     </span>
    </p>
   </div>
   <div class='ocr_carea' id='block_1_53' title="bbox 374 2766 2159 2839">
    <p class='ocr_par' dir='ltr' id='par_1_53' title="bbox 374 2766 2159 2839">
     <span class='ocr_line' id='line_1_53' title="bbox 374 2766 2159 2839; baseline 0.006 -18"><span class='ocrx_word' id='word_1_382' title='bbox 374 2777 436 2821; x_wconf 86' lang='lat' dir='ltr'><strong>ut</strong></span> <span class='ocrx_word' id='word_1_383' title='bbox 479 2767 729 2831; x_wconf 92' lang='lat' dir='ltr'><strong>minaris,</strong></span> <span class='ocrx_word' id='word_1_384' title='bbox 787 2783 845 2821; x_wconf 89' lang='lat' dir='ltr'><strong>re</strong></span> <span class='ocrx_word' id='word_1_385' title='bbox 879 2766 1105 2820; x_wconf 85' lang='lat' dir='ltr'><strong>molesta</strong></span> <span class='ocrx_word' id='word_1_386' title='bbox 1158 2776 1322 2837; x_wconf 90' lang='lat' dir='ltr'><strong>atque</strong></span> <span class='ocrx_word' id='word_1_387' title='bbox 1366 2767 1556 2823; x_wconf 89' lang='lat' dir='ltr'><strong>odiosa</strong></span> <span class='ocrx_word' id='word_1_388' title='bbox 1583 2783 1784 2839; x_wconf 90' lang='lat' dir='ltr'><strong>corpus</strong></span> <span class='ocrx_word' id='word_1_389' title='bbox 1816 2770 2159 2831; x_wconf 89' lang='lat' dir='ltr'><strong>liberaveris.</strong></span> 
     </span>
    </p>
   </div>
   <div class='ocr_carea' id='block_1_54' title="bbox 446 2859 1957 2935">
    <p class='ocr_par' dir='ltr' id='par_1_54' title="bbox 446 2859 1957 2935">
     <span class='ocr_line' id='line_1_54' title="bbox 446 2859 1957 2935; baseline 0.002 -20"><span class='ocrx_word' id='word_1_390' title='bbox 446 2864 511 2915; x_wconf 84' lang='grc' dir='ltr'>Τί</span> <span class='ocrx_word' id='word_1_391' title='bbox 535 2861 712 2915; x_wconf 79' lang='grc' dir='ltr'>τοίνυν</span> <span class='ocrx_word' id='word_1_392' title='bbox 740 2859 905 2915; x_wconf 76' lang='grc' dir='ltr'>αὑτοῦ</span> <span class='ocrx_word' id='word_1_393' title='bbox 927 2859 990 2913; x_wconf 79' lang='grc' dir='ltr'>τὸ</span> <span class='ocrx_word' id='word_1_394' title='bbox 1023 2859 1141 2932; x_wconf 82' lang='grc' dir='ltr'>μεθ’</span> <span class='ocrx_word' id='word_1_395' title='bbox 1163 2860 1382 2929; x_wconf 85' lang='grc' dir='ltr'>ἐτέρους</span> <span class='ocrx_word' id='word_1_396' title='bbox 1405 2860 1594 2929; x_wconf 82' lang='grc' dir='ltr'>ἁγίους</span> <span class='ocrx_word' id='word_1_397' title='bbox 1624 2863 1957 2935; x_wconf 77' lang='grc' dir='ltr'>ἐπιδημῆσαι</span> 
     </span>
    </p>
   </div>
   <div class='ocr_carea' id='block_1_55' title="bbox 2135 2864 3639 2939">
    <p class='ocr_par' dir='ltr' id='par_1_55' title="bbox 2135 2864 3639 2939">
     <span class='ocr_line' id='line_1_55' title="bbox 2135 2864 3639 2939; baseline -0.004 -16"><span class='ocrx_word' id='word_1_398' title='bbox 2135 2868 2275 2935; x_wconf 85' lang='lat' dir='ltr'><strong>Quid</strong></span> <span class='ocrx_word' id='word_1_399' title='bbox 2309 2868 2475 2939; x_wconf 86' lang='lat' dir='ltr'><strong>igitur</strong></span> <span class='ocrx_word' id='word_1_400' title='bbox 2511 2867 2730 2923; x_wconf 87' lang='lat' dir='ltr'><strong>illiusin</strong></span> <span class='ocrx_word' id='word_1_401' title='bbox 2750 2867 2917 2922; x_wconf 88' lang='lat' dir='ltr'><strong>rebus</strong></span> <span class='ocrx_word' id='word_1_402' title='bbox 2944 2866 3148 2922; x_wconf 90' lang='lat' dir='ltr'><strong>divinis</strong></span> <span class='ocrx_word' id='word_1_403' title='bbox 3171 2864 3521 2937; x_wconf 75' lang='lat' dir='ltr'><strong>Splendorem</strong></span> <span class='ocrx_word' id='word_1_404' title='bbox 3550 2873 3639 2919; x_wconf 91' lang='lat' dir='ltr'><strong>at-</strong></span> 
     </span>
    </p>
   </div>
   <div class='ocr_carea' id='block_1_56' title="bbox 375 2949 1961 3033">
    <p class='ocr_par' dir='ltr' id='par_1_56' title="bbox 375 2949 1956 3025">
     <span class='ocr_line' id='line_1_56' title="bbox 375 2949 1956 3025; baseline 0.001 -21"><span class='ocrx_word' id='word_1_405' title='bbox 375 2953 454 3025; x_wconf 77' lang='grc' dir='ltr'>ιιῷ</span> <span class='ocrx_word' id='word_1_406' title='bbox 494 2952 592 3023; x_wconf 84' lang='grc' dir='ltr'><strong>βίῳ</strong></span> <span class='ocrx_word' id='word_1_407' title='bbox 640 2949 1071 3021; x_wconf 79' lang='grc' dir='ltr'>κατασμικρύνει</span> <span class='ocrx_word' id='word_1_408' title='bbox 1119 2950 1218 3018; x_wconf 80' lang='grc' dir='ltr'>τὴν</span> <span class='ocrx_word' id='word_1_409' title='bbox 1258 2950 1397 3003; x_wconf 78' lang='grc' dir='ltr'><strong>κατά</strong></span> <span class='ocrx_word' id='word_1_410' title='bbox 1426 2949 1558 3005; x_wconf 81' lang='grc' dir='ltr'>Θεὸν</span> <span class='ocrx_word' id='word_1_411' title='bbox 1585 2951 1956 3023; x_wconf 77' lang='grc' dir='ltr'>εὐδοκίμησιν,</span> 
     </span>
    </p>
   </div>
   <div class='ocr_carea' id='block_1_57' title="bbox 2062 2949 3641 3033">
    <p class='ocr_par' dir='ltr' id='par_1_57' title="bbox 2062 2953 3641 3029">
     <span class='ocr_line' id='line_1_57' title="bbox 2062 2953 3641 3029; baseline -0.004 -16"><span class='ocrx_word' id='word_1_412' title='bbox 2062 2974 2169 3029; x_wconf 80' lang='lat' dir='ltr'><strong>que</strong></span> <span class='ocrx_word' id='word_1_413' title='bbox 2209 2959 2593 3013; x_wconf 89' lang='lat' dir='ltr'><strong>claritudinem</strong></span> <span class='ocrx_word' id='word_1_414' title='bbox 2630 2956 2951 3021; x_wconf 89' lang='lat' dir='ltr'><strong>imminuit,</strong></span> <span class='ocrx_word' id='word_1_415' title='bbox 2982 2955 3129 3027; x_wconf 91' lang='lat' dir='ltr'><strong>quod</strong></span> <span class='ocrx_word' id='word_1_416' title='bbox 3165 2965 3289 3026; x_wconf 86' lang='lat' dir='ltr'><strong>post</strong></span> <span class='ocrx_word' id='word_1_417' title='bbox 3333 2953 3474 3009; x_wconf 83' lang='lat' dir='ltr'><strong>alios</strong></span> <span class='ocrx_word' id='word_1_418' title='bbox 3508 2969 3641 3010; x_wconf 78' lang='lat' dir='ltr'><strong>san-</strong></span> 
     </span>
    </p>
   </div>
   <div class='ocr_carea' id='block_1_58' title="bbox 377 3038 1959 3116">
    <p class='ocr_par' dir='ltr' id='par_1_58' title="bbox 377 3038 1959 3116">
     <span class='ocr_line' id='line_1_58' title="bbox 377 3038 1959 3116; baseline 0.004 -21"><span class='ocrx_word' id='word_1_419' title='bbox 377 3043 453 3106; x_wconf 90' lang='grc' dir='ltr'><strong>ώς</strong></span> <span class='ocrx_word' id='word_1_420' title='bbox 488 3042 574 3096; x_wconf 70' lang='grc' dir='ltr'>διὰ</span> <span class='ocrx_word' id='word_1_421' title='bbox 602 3038 760 3094; x_wconf 77' lang='grc' dir='ltr'>τοῦτο</span> <span class='ocrx_word' id='word_1_422' title='bbox 789 3042 897 3094; x_wconf 88' lang='grc' dir='ltr'><strong>τῶν</strong></span> <span class='ocrx_word' id='word_1_423' title='bbox 925 3042 1017 3094; x_wconf 76' lang='grc' dir='ltr'><strong>ἐπὶ</strong></span> <span class='ocrx_word' id='word_1_424' title='bbox 1047 3045 1158 3107; x_wconf 79' lang='grc' dir='ltr'>τοῖς</span> <span class='ocrx_word' id='word_1_425' title='bbox 1192 3044 1366 3111; x_wconf 85' lang='grc' dir='ltr'>άγίοις</span> <span class='ocrx_word' id='word_1_426' title='bbox 1395 3046 1596 3116; x_wconf 85' lang='grc' dir='ltr'>ἐορτῶν</span> <span class='ocrx_word' id='word_1_427' title='bbox 1640 3048 1847 3101; x_wconf 79' lang='grc' dir='ltr'>ἐλάττω</span> <span class='ocrx_word' id='word_1_428' title='bbox 1873 3049 1959 3102; x_wconf 84' lang='grc' dir='ltr'><strong>δο⁴</strong></span> 
     </span>
    </p>
   </div>
   <div class='ocr_carea' id='block_1_59' title="bbox 379 3127 1958 3210">
    <p class='ocr_par' dir='ltr' id='par_1_59' title="bbox 379 3127 1958 3210">
     <span class='ocr_line' id='line_1_59' title="bbox 379 3127 1958 3210; baseline 0.004 -24"><span class='ocrx_word' id='word_1_429' title='bbox 379 3136 495 3186; x_wconf 81' lang='grc' dir='ltr'>κεῖν</span> <span class='ocrx_word' id='word_1_430' title='bbox 520 3127 658 3187; x_wconf 80' lang='grc' dir='ltr'>εἶναι</span> <span class='ocrx_word' id='word_1_431' title='bbox 690 3132 788 3199; x_wconf 84' lang='grc' dir='ltr'>τὴν</span> <span class='ocrx_word' id='word_1_432' title='bbox 816 3132 909 3183; x_wconf 71' lang='grc' dir='ltr'>ἐπὶ</span> <span class='ocrx_word' id='word_1_433' title='bbox 946 3132 1121 3203; x_wconf 79' lang='grc' dir='ltr'>τούτῳ</span> <span class='ocrx_word' id='word_1_434' title='bbox 1149 3136 1484 3205; x_wconf 80' lang='grc' dir='ltr'>πανήγυριν;</span> <span class='ocrx_word' id='word_1_435' title='bbox 1516 3136 1797 3207; x_wconf 83' lang='grc' dir='ltr'>Σκόπησον</span> <span class='ocrx_word' id='word_1_436' title='bbox 1823 3138 1958 3210; x_wconf 80' lang='grc' dir='ltr'>γάρ,</span> 
     </span>
    </p>
   </div>
   <div class='ocr_carea' id='block_1_60' title="bbox 380 3220 1961 3297">
    <p class='ocr_par' dir='ltr' id='par_1_60' title="bbox 380 3220 1961 3297">
     <span class='ocr_line' id='line_1_60' title="bbox 380 3220 1961 3297; baseline 0.006 -23"><span class='ocrx_word' id='word_1_437' title='bbox 380 3223 428 3274; x_wconf 88' lang='grc' dir='ltr'><strong>εί</strong></span> <span class='ocrx_word' id='word_1_438' title='bbox 464 3222 630 3283; x_wconf 85' lang='grc' dir='ltr'>δοκεῖ,</span> <span class='ocrx_word' id='word_1_439' title='bbox 664 3220 799 3291; x_wconf 71' lang='grc' dir='ltr'>πρὸς</span> <span class='ocrx_word' id='word_1_440' title='bbox 835 3220 933 3275; x_wconf 74' lang='grc' dir='ltr'>ἕνα</span> <span class='ocrx_word' id='word_1_441' title='bbox 963 3224 1085 3276; x_wconf 80' lang='grc' dir='ltr'>τινά</span> <span class='ocrx_word' id='word_1_442' title='bbox 1106 3224 1214 3278; x_wconf 86' lang='grc' dir='ltr'><strong>τῶν</strong></span> <span class='ocrx_word' id='word_1_443' title='bbox 1245 3225 1622 3294; x_wconf 73' lang='grc' dir='ltr'>προλαϐόντων</span> <span class='ocrx_word' id='word_1_444' title='bbox 1665 3226 1834 3297; x_wconf 82' lang='grc' dir='ltr'>ἁγίων</span> <span class='ocrx_word' id='word_1_445' title='bbox 1868 3230 1961 3284; x_wconf 79' lang='grc' dir='ltr'>τὸν</span> 
     </span>
    </p>
   </div>
   <div class='ocr_carea' id='block_1_61' title="bbox 379 3312 1962 3386">
    <p class='ocr_par' dir='ltr' id='par_1_61' title="bbox 379 3312 1962 3386">
     <span class='ocr_line' id='line_1_61' title="bbox 379 3312 1962 3386; baseline 0.006 -21"><span class='ocrx_word' id='word_1_446' title='bbox 379 3313 571 3366; x_wconf 83' lang='grc' dir='ltr'>τούτου</span> <span class='ocrx_word' id='word_1_447' title='bbox 600 3313 713 3383; x_wconf 84' lang='grc' dir='ltr'>βίον</span> <span class='ocrx_word' id='word_1_448' title='bbox 738 3312 1124 3379; x_wconf 78' lang='grc' dir='ltr'>ἀντεξετάζων.</span> <span class='ocrx_word' id='word_1_449' title='bbox 1167 3316 1452 3386; x_wconf 83' lang='grc' dir='ltr'>Ἠγάπησε</span> <span class='ocrx_word' id='word_1_450' title='bbox 1485 3317 1575 3370; x_wconf 71' lang='grc' dir='ltr'><strong>τὸν</strong></span> <span class='ocrx_word' id='word_1_451' title='bbox 1600 3319 1733 3372; x_wconf 79' lang='grc' dir='ltr'>Θεὸν</span> <span class='ocrx_word' id='word_1_452' title='bbox 1760 3322 1789 3372; x_wconf 87' lang='grc' dir='ltr'>ὁ</span> <span class='ocrx_word' id='word_1_453' title='bbox 1816 3320 1962 3374; x_wconf 76' lang='grc' dir='ltr'>Παῦ-</span> 
     </span>
    </p>
   </div>
   <div class='ocr_carea' id='block_1_62' title="bbox 382 3394 1961 3482">
    <p class='ocr_par' dir='ltr' id='par_1_62' title="bbox 382 3394 1961 3482">
     <span class='ocr_line' id='line_1_62' title="bbox 382 3394 1961 3482; baseline 0.004 -23"><span class='ocrx_word' id='word_1_454' title='bbox 382 3407 492 3469; x_wconf 83' lang='grc' dir='ltr'>λος’</span> <span class='ocrx_word' id='word_1_455' title='bbox 520 3394 685 3459; x_wconf 68' lang='grc' dir='ltr'>τοῦτο’</span> <span class='ocrx_word' id='word_1_456' title='bbox 704 3405 813 3476; x_wconf 86' lang='grc' dir='ltr'><strong>γὰρ</strong></span> <span class='ocrx_word' id='word_1_457' title='bbox 848 3404 913 3477; x_wconf 83' lang='grc' dir='ltr'>δὴ</span> <span class='ocrx_word' id='word_1_458' title='bbox 939 3405 1049 3460; x_wconf 87' lang='grc' dir='ltr'><strong>τῶν</strong></span> <span class='ocrx_word' id='word_1_459' title='bbox 1075 3406 1295 3476; x_wconf 86' lang='grc' dir='ltr'>ἀγαθῶν</span> <span class='ocrx_word' id='word_1_460' title='bbox 1319 3409 1379 3460; x_wconf 80' lang='grc' dir='ltr'>τὸ</span> <span class='ocrx_word' id='word_1_461' title='bbox 1408 3410 1699 3478; x_wconf 67' lang='grc' dir='ltr'>κεφάλαιον</span> <span class='ocrx_word' id='word_1_462' title='bbox 1725 3450 1739 3473; x_wconf 86' lang='grc'><strong><em>,</em></strong></span> <span class='ocrx_word' id='word_1_463' title='bbox 1767 3411 1830 3464; x_wconf 75' lang='grc' dir='ltr'>τὸ</span> <span class='ocrx_word' id='word_1_464' title='bbox 1864 3413 1961 3482; x_wconf 89' lang='grc' dir='ltr'><strong>τῆς</strong></span> 
     </span>
    </p>
   </div>
   <div class='ocr_carea' id='block_1_63' title="bbox 382 3492 1965 3569">
    <p class='ocr_par' dir='ltr' id='par_1_63' title="bbox 382 3492 1965 3569">
     <span class='ocr_line' id='line_1_63' title="bbox 382 3492 1965 3569; baseline 0.003 -18"><span class='ocrx_word' id='word_1_465' title='bbox 382 3496 603 3567; x_wconf 86' lang='grc' dir='ltr'>ἀγάπης</span> <span class='ocrx_word' id='word_1_466' title='bbox 651 3496 836 3564; x_wconf 85' lang='grc' dir='ltr'>λέγω·</span> <span class='ocrx_word' id='word_1_467' title='bbox 901 3497 993 3565; x_wconf 79' lang='grc' dir='ltr'>ἀφ’</span> <span class='ocrx_word' id='word_1_468' title='bbox 1048 3492 1115 3569; x_wconf 73' lang='grc' dir='ltr'><strong>ἧς</strong></span> <span class='ocrx_word' id='word_1_469' title='bbox 1173 3500 1323 3552; x_wconf 77' lang='grc' dir='ltr'>πᾶσα</span> <span class='ocrx_word' id='word_1_470' title='bbox 1387 3500 1610 3566; x_wconf 83' lang='grc' dir='ltr'>πίστις,</span> <span class='ocrx_word' id='word_1_471' title='bbox 1666 3502 1759 3556; x_wconf 79' lang='grc' dir='ltr'><strong>καὶ</strong></span> <span class='ocrx_word' id='word_1_472' title='bbox 1810 3503 1965 3567; x_wconf 71' lang='grc' dir='ltr'>ἐλπὶς</span> 
     </span>
    </p>
   </div>
   <div class='ocr_carea' id='block_1_64' title="bbox 384 3589 1965 3662">
    <p class='ocr_par' dir='ltr' id='par_1_64' title="bbox 384 3589 1965 3662">
     <span class='ocr_line' id='line_1_64' title="bbox 384 3589 1965 3662; baseline 0.003 -19"><span class='ocrx_word' id='word_1_473' title='bbox 384 3592 555 3653; x_wconf 81' lang='grc' dir='ltr'>πᾶσα,</span> <span class='ocrx_word' id='word_1_474' title='bbox 590 3591 684 3644; x_wconf 70' lang='grc' dir='ltr'><strong>καὶ</strong></span> <span class='ocrx_word' id='word_1_475' title='bbox 727 3590 787 3643; x_wconf 74' lang='grc' dir='ltr'>τὸ</span> <span class='ocrx_word' id='word_1_476' title='bbox 814 3589 875 3654; x_wconf 78' lang='grc' dir='ltr'>ἐξ</span> <span class='ocrx_word' id='word_1_477' title='bbox 898 3589 1179 3661; x_wconf 82' lang='grc' dir='ltr'>ὑπομονῆς</span> <span class='ocrx_word' id='word_1_478' title='bbox 1205 3592 1671 3662; x_wconf 85' lang='grc' dir='ltr'>προσδοκώμενον,</span> <span class='ocrx_word' id='word_1_479' title='bbox 1707 3596 1798 3648; x_wconf 72' lang='grc' dir='ltr'>καὶ</span> <span class='ocrx_word' id='word_1_480' title='bbox 1827 3594 1887 3649; x_wconf 77' lang='grc' dir='ltr'><strong>τὸ</strong></span> <span class='ocrx_word' id='word_1_481' title='bbox 1906 3595 1965 3648; x_wconf 82' lang='grc' dir='ltr'><strong>ἐν</strong></span> 
     </span>
    </p>
   </div>
   <div class='ocr_carea' id='block_1_65' title="bbox 386 3678 1961 3753">
    <p class='ocr_par' dir='ltr' id='par_1_65' title="bbox 386 3678 1961 3753">
     <span class='ocr_line' id='line_1_65' title="bbox 386 3678 1961 3753; baseline 0.005 -23"><span class='ocrx_word' id='word_1_482' title='bbox 386 3679 547 3732; x_wconf 77' lang='grc' dir='ltr'>παντὶ</span> <span class='ocrx_word' id='word_1_483' title='bbox 576 3678 727 3750; x_wconf 85' lang='grc' dir='ltr'>καλῷ</span> <span class='ocrx_word' id='word_1_484' title='bbox 747 3680 1137 3750; x_wconf 83' lang='grc' dir='ltr'>ἀμετάπτωτον</span> <span class='ocrx_word' id='word_1_485' title='bbox 1162 3719 1177 3742; x_wconf 85' lang='grc'><strong><em>,</em></strong></span> <span class='ocrx_word' id='word_1_486' title='bbox 1201 3683 1295 3734; x_wconf 75' lang='grc' dir='ltr'>καὶ</span> <span class='ocrx_word' id='word_1_487' title='bbox 1322 3683 1380 3735; x_wconf 76' lang='grc' dir='ltr'>τὸ</span> <span class='ocrx_word' id='word_1_488' title='bbox 1410 3684 1547 3753; x_wconf 76' lang='grc' dir='ltr'>μετὰ</span> <span class='ocrx_word' id='word_1_489' title='bbox 1575 3684 1774 3748; x_wconf 80' lang='grc' dir='ltr'>παντὸς</span> <span class='ocrx_word' id='word_1_490' title='bbox 1804 3703 1961 3738; x_wconf 87' lang='grc' dir='ltr'>πνευ-</span> 
     </span>
    </p>
   </div>
   <div class='ocr_carea' id='block_1_66' title="bbox 388 3769 1967 3843">
    <p class='ocr_par' dir='ltr' id='par_1_66' title="bbox 388 3769 1967 3843">
     <span class='ocr_line' id='line_1_66' title="bbox 388 3769 1967 3843; baseline 0.003 -20"><span class='ocrx_word' id='word_1_491' title='bbox 388 3769 620 3840; x_wconf 80' lang='grc' dir='ltr'>ματικοῦ</span> <span class='ocrx_word' id='word_1_492' title='bbox 661 3772 998 3841; x_wconf 90' lang='grc' dir='ltr'>χαρίσματος</span> <span class='ocrx_word' id='word_1_493' title='bbox 1038 3771 1098 3825; x_wconf 81' lang='grc' dir='ltr'>τὸ</span> <span class='ocrx_word' id='word_1_494' title='bbox 1128 3772 1288 3825; x_wconf 80' lang='grc' dir='ltr'>πλέον</span> <span class='ocrx_word' id='word_1_495' title='bbox 1320 3774 1485 3843; x_wconf 83' lang='grc' dir='ltr'>ἔχειν.</span> <span class='ocrx_word' id='word_1_496' title='bbox 1536 3774 1672 3827; x_wconf 78' lang='grc' dir='ltr'>Ἀλλ’</span> <span class='ocrx_word' id='word_1_497' title='bbox 1701 3773 1967 3839; x_wconf 79' lang='grc' dir='ltr'>ἐξετάσω-</span> 
     </span>
    </p>
   </div>
   <div class='ocr_carea' id='block_1_67' title="bbox 390 3859 1967 3937">
    <p class='ocr_par' dir='ltr' id='par_1_67' title="bbox 390 3859 1967 3937">
     <span class='ocr_line' id='line_1_67' title="bbox 390 3859 1967 3937; baseline 0.004 -23"><span class='ocrx_word' id='word_1_498' title='bbox 390 3881 489 3932; x_wconf 87' lang='grc' dir='ltr'><strong>μεν</strong></span> <span class='ocrx_word' id='word_1_499' title='bbox 519 3863 684 3915; x_wconf 90' lang='grc' dir='ltr'>πόσον</span> <span class='ocrx_word' id='word_1_500' title='bbox 720 3859 787 3931; x_wconf 84' lang='grc' dir='ltr'>ἦν</span> <span class='ocrx_word' id='word_1_501' title='bbox 820 3863 879 3916; x_wconf 81' lang='grc' dir='ltr'><strong>ἐν</strong></span> <span class='ocrx_word' id='word_1_502' title='bbox 928 3863 1127 3935; x_wconf 82' lang='grc' dir='ltr'>Παύλῳ</span> <span class='ocrx_word' id='word_1_503' title='bbox 1171 3864 1272 3935; x_wconf 86' lang='grc' dir='ltr'><strong>τῆς</strong></span> <span class='ocrx_word' id='word_1_504' title='bbox 1319 3867 1455 3937; x_wconf 77' lang='grc' dir='ltr'>πρὸς</span> <span class='ocrx_word' id='word_1_505' title='bbox 1486 3866 1617 3919; x_wconf 78' lang='grc' dir='ltr'>θεὸν</span> <span class='ocrx_word' id='word_1_506' title='bbox 1658 3866 1877 3937; x_wconf 76' lang='grc' dir='ltr'>ἀγάπης</span> <span class='ocrx_word' id='word_1_507' title='bbox 1907 3867 1967 3920; x_wconf 85' lang='grc' dir='ltr'>τὸ</span> 
     </span>
    </p>
   </div>
   <div class='ocr_carea' id='block_1_68' title="bbox 392 3952 1967 4025">
    <p class='ocr_par' dir='ltr' id='par_1_68' title="bbox 392 3952 1967 4025">
     <span class='ocr_line' id='line_1_68' title="bbox 392 3952 1967 4025; baseline 0.002 -20"><span class='ocrx_word' id='word_1_508' title='bbox 392 3954 609 4024; x_wconf 85' lang='grc' dir='ltr'>μέτρον.</span> <span class='ocrx_word' id='word_1_509' title='bbox 647 3952 823 4025; x_wconf 85' lang='grc' dir='ltr'>Ἐρεῖς</span> <span class='ocrx_word' id='word_1_510' title='bbox 856 3952 1095 4016; x_wconf 85' lang='grc' dir='ltr'>πάντως.</span> <span class='ocrx_word' id='word_1_511' title='bbox 1127 3956 1211 4007; x_wconf 77' lang='grc' dir='ltr'>ὅτι</span> <span class='ocrx_word' id='word_1_512' title='bbox 1265 3954 1325 4019; x_wconf 83' lang='grc' dir='ltr'>ἐξ</span> <span class='ocrx_word' id='word_1_513' title='bbox 1354 3955 1481 4025; x_wconf 74' lang='grc' dir='ltr'>ὅλης</span> <span class='ocrx_word' id='word_1_514' title='bbox 1516 3954 1744 4025; x_wconf 81' lang='grc' dir='ltr'>καρδίας</span> <span class='ocrx_word' id='word_1_515' title='bbox 1787 3957 1880 4009; x_wconf 76' lang='grc' dir='ltr'>καὶ</span> <span class='ocrx_word' id='word_1_516' title='bbox 1910 3957 1967 4022; x_wconf 79' lang='grc' dir='ltr'>ἐξ</span> 
     </span>
    </p>
   </div>
   <div class='ocr_carea' id='block_1_69' title="bbox 390 4046 1970 4118">
    <p class='ocr_par' dir='ltr' id='par_1_69' title="bbox 390 4046 1970 4118">
     <span class='ocr_line' id='line_1_69' title="bbox 390 4046 1970 4118; baseline -0.002 -19"><span class='ocrx_word' id='word_1_517' title='bbox 390 4046 517 4114; x_wconf 80' lang='grc' dir='ltr'>ὅλης</span> <span class='ocrx_word' id='word_1_518' title='bbox 539 4046 718 4117; x_wconf 74' lang='grc' dir='ltr'>ψυχῆς</span> <span class='ocrx_word' id='word_1_519' title='bbox 740 4087 755 4111; x_wconf 88' lang='grc'><em>,</em></span> <span class='ocrx_word' id='word_1_520' title='bbox 778 4049 872 4102; x_wconf 73' lang='grc' dir='ltr'><strong>καὶ</strong></span> <span class='ocrx_word' id='word_1_521' title='bbox 896 4048 957 4113; x_wconf 79' lang='grc' dir='ltr'>ἐξ</span> <span class='ocrx_word' id='word_1_522' title='bbox 980 4046 1108 4118; x_wconf 79' lang='grc' dir='ltr'>ὅλης</span> <span class='ocrx_word' id='word_1_523' title='bbox 1134 4047 1231 4116; x_wconf 84' lang='grc' dir='ltr'><strong>τῆς</strong></span> <span class='ocrx_word' id='word_1_524' title='bbox 1258 4046 1494 4109; x_wconf 81' lang='grc' dir='ltr'>διανοίας</span> <span class='ocrx_word' id='word_1_525' title='bbox 1523 4048 1687 4101; x_wconf 74' lang='grc' dir='ltr'>αὑτοῦ</span> <span class='ocrx_word' id='word_1_526' title='bbox 1715 4047 1970 4117; x_wconf 79' lang='grc' dir='ltr'>ἠγάπησε</span> 
     </span>
    </p>
   </div>
   <div class='ocr_carea' id='block_1_70' title="bbox 390 4136 1971 4209">
    <p class='ocr_par' dir='ltr' id='par_1_70' title="bbox 390 4136 1971 4209">
     <span class='ocr_line' id='line_1_70' title="bbox 390 4136 1971 4209; baseline 0.001 -21"><span class='ocrx_word' id='word_1_527' title='bbox 390 4136 544 4190; x_wconf 84' lang='grc' dir='ltr'>θεόν.</span> <span class='ocrx_word' id='word_1_528' title='bbox 573 4137 773 4192; x_wconf 83' lang='grc' dir='ltr'>Τοῦτον</span> <span class='ocrx_word' id='word_1_529' title='bbox 831 4138 940 4209; x_wconf 79' lang='grc' dir='ltr'><strong>γὰρ</strong></span> <span class='ocrx_word' id='word_1_530' title='bbox 993 4138 1161 4190; x_wconf 81' lang='grc' dir='ltr'>ἔδωκε</span> <span class='ocrx_word' id='word_1_531' title='bbox 1215 4137 1305 4190; x_wconf 71' lang='grc' dir='ltr'><strong>τὸν</strong></span> <span class='ocrx_word' id='word_1_532' title='bbox 1355 4138 1653 4208; x_wconf 76' lang='grc' dir='ltr'>ἀκρότατον</span> <span class='ocrx_word' id='word_1_533' title='bbox 1696 4140 1796 4208; x_wconf 87' lang='grc' dir='ltr'><strong>τῆς</strong></span> <span class='ocrx_word' id='word_1_534' title='bbox 1835 4136 1971 4207; x_wconf 74' lang='grc' dir='ltr'>πρὸς</span> 
     </span>
    </p>
   </div>
   <div class='ocr_carea' id='block_1_71' title="bbox 393 4227 1970 4301">
    <p class='ocr_par' dir='ltr' id='par_1_71' title="bbox 393 4227 1970 4301">
     <span class='ocr_line' id='line_1_71' title="bbox 393 4227 1970 4301; baseline -0.001 -19"><span class='ocrx_word' id='word_1_535' title='bbox 393 4228 526 4282; x_wconf 83' lang='grc' dir='ltr'>Θεὸν</span> <span class='ocrx_word' id='word_1_536' title='bbox 556 4230 775 4301; x_wconf 85' lang='grc' dir='ltr'>ἀγάπης</span> <span class='ocrx_word' id='word_1_537' title='bbox 806 4230 931 4301; x_wconf 79' lang='grc' dir='ltr'>ὅρον</span> <span class='ocrx_word' id='word_1_538' title='bbox 978 4231 1007 4283; x_wconf 87' lang='grc' dir='ltr'>ὁ</span> <span class='ocrx_word' id='word_1_539' title='bbox 1038 4229 1220 4299; x_wconf 85' lang='grc' dir='ltr'>νόμος.</span> <span class='ocrx_word' id='word_1_540' title='bbox 1254 4228 1462 4281; x_wconf 74' lang='grc' dir='ltr'>Οὐκοῦν</span> <span class='ocrx_word' id='word_1_541' title='bbox 1489 4230 1517 4281; x_wconf 89' lang='grc' dir='ltr'>ὁ</span> <span class='ocrx_word' id='word_1_542' title='bbox 1568 4230 1747 4283; x_wconf 79' lang='grc' dir='ltr'>πᾶσαν</span> <span class='ocrx_word' id='word_1_543' title='bbox 1776 4227 1970 4281; x_wconf 79' lang='grc' dir='ltr'>ἐαυτοῦ</span> 
     </span>
    </p>
   </div>
   <div class='ocr_carea' id='block_1_72' title="bbox 394 4320 1970 4393">
    <p class='ocr_par' dir='ltr' id='par_1_72' title="bbox 394 4320 1970 4393">
     <span class='ocr_line' id='line_1_72' title="bbox 394 4320 1970 4393; baseline -0.001 -20"><span class='ocrx_word' id='word_1_544' title='bbox 394 4321 492 4391; x_wconf 84' lang='grc' dir='ltr'>τὴν</span> <span class='ocrx_word' id='word_1_545' title='bbox 522 4322 749 4392; x_wconf 80' lang='grc' dir='ltr'>καρδίαν</span> <span class='ocrx_word' id='word_1_546' title='bbox 780 4339 839 4375; x_wconf 88' lang='grc' dir='ltr'><strong>τε</strong></span> <span class='ocrx_word' id='word_1_547' title='bbox 881 4323 974 4375; x_wconf 77' lang='grc' dir='ltr'>καὶ</span> <span class='ocrx_word' id='word_1_548' title='bbox 1003 4322 1101 4393; x_wconf 86' lang='grc' dir='ltr'>τὴν</span> <span class='ocrx_word' id='word_1_549' title='bbox 1128 4320 1305 4391; x_wconf 76' lang='grc' dir='ltr'>ψυχὴν</span> <span class='ocrx_word' id='word_1_550' title='bbox 1333 4323 1424 4375; x_wconf 78' lang='grc' dir='ltr'>καὶ</span> <span class='ocrx_word' id='word_1_551' title='bbox 1451 4320 1548 4391; x_wconf 84' lang='grc' dir='ltr'>τὴν</span> <span class='ocrx_word' id='word_1_552' title='bbox 1575 4322 1811 4374; x_wconf 82' lang='grc' dir='ltr'>διάνοιαν</span> <span class='ocrx_word' id='word_1_553' title='bbox 1836 4321 1970 4373; x_wconf 84' lang='grc' dir='ltr'>ἀνα-</span> 
     </span>
    </p>
   </div>
   <div class='ocr_carea' id='block_1_73' title="bbox 397 4412 1973 4485">
    <p class='ocr_par' dir='ltr' id='par_1_73' title="bbox 397 4412 1973 4485">
     <span class='ocr_line' id='line_1_73' title="bbox 397 4412 1973 4485; baseline -0.001 -20"><span class='ocrx_word' id='word_1_554' title='bbox 397 4414 509 4477; x_wconf 72' lang='grc' dir='ltr'>θεὶς</span> <span class='ocrx_word' id='word_1_555' title='bbox 541 4413 616 4483; x_wconf 81' lang='grc' dir='ltr'>τῷ</span> <span class='ocrx_word' id='word_1_556' title='bbox 658 4414 804 4484; x_wconf 83' lang='grc' dir='ltr'>Θεῷ,</span> <span class='ocrx_word' id='word_1_557' title='bbox 851 4414 1114 4485; x_wconf 78' lang='grc' dir='ltr'>καὶπρὸς</span> <span class='ocrx_word' id='word_1_558' title='bbox 1164 4415 1291 4469; x_wconf 86' lang='grc' dir='ltr'>άλλο</span> <span class='ocrx_word' id='word_1_559' title='bbox 1335 4415 1501 4485; x_wconf 75' lang='grc' dir='ltr'>μηδὲν</span> <span class='ocrx_word' id='word_1_560' title='bbox 1553 4414 1661 4467; x_wconf 85' lang='grc' dir='ltr'><strong>τῶν</strong></span> <span class='ocrx_word' id='word_1_561' title='bbox 1694 4412 1834 4466; x_wconf 70' lang='grc' dir='ltr'>κατὰ</span> <span class='ocrx_word' id='word_1_562' title='bbox 1881 4412 1973 4463; x_wconf 76' lang='grc' dir='ltr'><strong>τὸν</strong></span> 
     </span>
    </p>
   </div>
   <div class='ocr_carea' id='block_1_74' title="bbox 400 4502 1971 4577">
    <p class='ocr_par' dir='ltr' id='par_1_74' title="bbox 400 4502 1971 4577">
     <span class='ocr_line' id='line_1_74' title="bbox 400 4502 1971 4577; baseline -0.002 -20"><span class='ocrx_word' id='word_1_563' title='bbox 400 4506 512 4575; x_wconf 75' lang='grc' dir='ltr'>βίον</span> <span class='ocrx_word' id='word_1_564' title='bbox 537 4504 724 4557; x_wconf 76' lang='grc' dir='ltr'>τοῦτον</span> <span class='ocrx_word' id='word_1_565' title='bbox 770 4505 1216 4575; x_wconf 76' lang='grc' dir='ltr'>σπουδαζομένων</span> <span class='ocrx_word' id='word_1_566' title='bbox 1258 4504 1570 4577; x_wconf 75' lang='grc' dir='ltr'>ἐπιρῤεπῶς</span> <span class='ocrx_word' id='word_1_567' title='bbox 1610 4502 1971 4572; x_wconf 79' lang='grc' dir='ltr'>διακείμενος,</span> 
     </span>
    </p>
   </div>
   <div class='ocr_carea' id='block_1_75' title="bbox 398 4588 1975 4666">
    <p class='ocr_par' dir='ltr' id='par_1_75' title="bbox 398 4588 1975 4666">
     <span class='ocr_line' id='line_1_75' title="bbox 398 4588 1975 4666; baseline -0.003 -18"><span class='ocrx_word' id='word_1_568' title='bbox 398 4598 456 4648; x_wconf 89' lang='grc' dir='ltr'><strong>ἐν</strong></span> <span class='ocrx_word' id='word_1_569' title='bbox 484 4594 561 4665; x_wconf 77' lang='grc' dir='ltr'>τῷ</span> <span class='ocrx_word' id='word_1_570' title='bbox 589 4595 873 4665; x_wconf 83' lang='grc' dir='ltr'>ἀκροτάτῳ</span> <span class='ocrx_word' id='word_1_571' title='bbox 907 4595 1113 4663; x_wconf 84' lang='grc' dir='ltr'>γίνεται</span> <span class='ocrx_word' id='word_1_572' title='bbox 1139 4596 1238 4666; x_wconf 85' lang='grc' dir='ltr'><strong>τῆς</strong></span> <span class='ocrx_word' id='word_1_573' title='bbox 1268 4595 1488 4666; x_wconf 79' lang='grc' dir='ltr'>ἀγάπης</span> <span class='ocrx_word' id='word_1_574' title='bbox 1514 4594 1644 4665; x_wconf 81' lang='grc' dir='ltr'>ὅρῳ.</span> <span class='ocrx_word' id='word_1_575' title='bbox 1673 4594 1733 4645; x_wconf 82' lang='grc' dir='ltr'>Εἰ</span> <span class='ocrx_word' id='word_1_576' title='bbox 1757 4592 1855 4663; x_wconf 85' lang='grc' dir='ltr'>μὲν</span> <span class='ocrx_word' id='word_1_577' title='bbox 1881 4588 1975 4644; x_wconf 74' lang='grc' dir='ltr'>οὖν</span> 
     </span>
    </p>
   </div>
   <div class='ocr_carea' id='block_1_76' title="bbox 400 4685 1974 4758">
    <p class='ocr_par' dir='ltr' id='par_1_76' title="bbox 400 4685 1974 4758">
     <span class='ocr_line' id='line_1_76' title="bbox 400 4685 1974 4758; baseline -0.003 -18"><span class='ocrx_word' id='word_1_578' title='bbox 400 4688 513 4757; x_wconf 81' lang='grc' dir='ltr'>ἔχει</span> <span class='ocrx_word' id='word_1_579' title='bbox 537 4704 620 4755; x_wconf 90' lang='grc' dir='ltr'><strong>τις</strong></span> <span class='ocrx_word' id='word_1_580' title='bbox 661 4687 829 4753; x_wconf 81' lang='grc' dir='ltr'>δεῖξαι</span> <span class='ocrx_word' id='word_1_581' title='bbox 856 4687 947 4740; x_wconf 84' lang='grc' dir='ltr'>τὸν</span> <span class='ocrx_word' id='word_1_582' title='bbox 978 4687 1072 4741; x_wconf 83' lang='grc' dir='ltr'>τοῦ</span> <span class='ocrx_word' id='word_1_583' title='bbox 1107 4687 1428 4742; x_wconf 85' lang='grc' dir='ltr'>διδασκάλου</span> <span class='ocrx_word' id='word_1_584' title='bbox 1469 4686 1582 4757; x_wconf 88' lang='grc' dir='ltr'>βίον</span> <span class='ocrx_word' id='word_1_585' title='bbox 1620 4686 1748 4758; x_wconf 89' lang='grc' dir='ltr'>περί</span> <span class='ocrx_word' id='word_1_586' title='bbox 1775 4702 1828 4739; x_wconf 87' lang='grc' dir='ltr'><strong>τι</strong></span> <span class='ocrx_word' id='word_1_587' title='bbox 1866 4685 1974 4737; x_wconf 89' lang='grc' dir='ltr'><strong>τῶν</strong></span> 
     </span>
    </p>
   </div>
   <div class='ocr_carea' id='block_1_77' title="bbox 402 4776 1977 4851">
    <p class='ocr_par' dir='ltr' id='par_1_77' title="bbox 402 4776 1977 4851">
     <span class='ocr_line' id='line_1_77' title="bbox 402 4776 1977 4851; baseline -0.003 -18"><span class='ocrx_word' id='word_1_588' title='bbox 402 4779 541 4834; x_wconf 75' lang='grc' dir='ltr'><strong>κατά</strong></span> <span class='ocrx_word' id='word_1_589' title='bbox 584 4779 674 4832; x_wconf 73' lang='grc' dir='ltr'>τὸν</span> <span class='ocrx_word' id='word_1_590' title='bbox 704 4779 906 4850; x_wconf 89' lang='grc' dir='ltr'>κόσμον</span> <span class='ocrx_word' id='word_1_591' title='bbox 935 4779 1123 4833; x_wconf 75' lang='grc' dir='ltr'>τοῦτον</span> <span class='ocrx_word' id='word_1_592' title='bbox 1170 4779 1616 4851; x_wconf 79' lang='grc' dir='ltr'>σπουδαζομένων</span> <span class='ocrx_word' id='word_1_593' title='bbox 1655 4779 1845 4849; x_wconf 80' lang='grc' dir='ltr'>ἔχοντα</span> <span class='ocrx_word' id='word_1_594' title='bbox 1879 4776 1977 4847; x_wconf 82' lang='grc' dir='ltr'>τὴν</span> 
     </span>
    </p>
   </div>
   <div class='ocr_carea' id='block_1_78' title="bbox 405 4866 1978 4943">
    <p class='ocr_par' dir='ltr' id='par_1_78' title="bbox 405 4866 1978 4943">
     <span class='ocr_line' id='line_1_78' title="bbox 405 4866 1978 4943; baseline -0.006 -14"><span class='ocrx_word' id='word_1_595' title='bbox 405 4872 609 4942; x_wconf 72' lang='grc' dir='ltr'>ῥοπὴν,</span> <span class='ocrx_word' id='word_1_596' title='bbox 643 4866 755 4926; x_wconf 74' lang='grc' dir='ltr'>οἷον</span> <span class='ocrx_word' id='word_1_597' title='bbox 804 4872 932 4943; x_wconf 77' lang='grc' dir='ltr'>περὶ</span> <span class='ocrx_word' id='word_1_598' title='bbox 964 4872 1225 4937; x_wconf 78' lang='grc' dir='ltr'>πλοῦτον,</span> <span class='ocrx_word' id='word_1_599' title='bbox 1276 4872 1309 4943; x_wconf 85' lang='grc' dir='ltr'>ἣ</span> <span class='ocrx_word' id='word_1_600' title='bbox 1342 4872 1657 4926; x_wconf 86' lang='grc' dir='ltr'>δυναστείαν</span> <span class='ocrx_word' id='word_1_601' title='bbox 1685 4911 1700 4935; x_wconf 87' lang='grc'>,</span> <span class='ocrx_word' id='word_1_602' title='bbox 1734 4871 1768 4940; x_wconf 81' lang='grc' dir='ltr'><strong>ἦ</strong></span> <span class='ocrx_word' id='word_1_603' title='bbox 1815 4869 1978 4939; x_wconf 81' lang='grc' dir='ltr'>κενῆς</span> 
     </span>
    </p>
   </div>
   <div class='ocr_carea' id='block_1_79' title="bbox 403 4960 1976 5032">
    <p class='ocr_par' dir='ltr' id='par_1_79' title="bbox 403 4960 1976 5032">
     <span class='ocr_line' id='line_1_79' title="bbox 403 4960 1976 5032; baseline -0.001 -19"><span class='ocrx_word' id='word_1_604' title='bbox 403 4962 561 5031; x_wconf 78' lang='grc' dir='ltr'>δόξης</span> <span class='ocrx_word' id='word_1_605' title='bbox 613 4961 908 5032; x_wconf 76' lang='grc' dir='ltr'>ἐπιθυμίαν</span> <span class='ocrx_word' id='word_1_606' title='bbox 948 4961 1076 5032; x_wconf 82' lang='grc' dir='ltr'>(τὰς</span> <span class='ocrx_word' id='word_1_607' title='bbox 1104 4962 1212 5031; x_wconf 75' lang='grc' dir='ltr'><strong>γὰρ</strong></span> <span class='ocrx_word' id='word_1_608' title='bbox 1264 4961 1837 5031; x_wconf 82' lang='grc' dir='ltr'>ἁνδραποδωδεστέρας</span> <span class='ocrx_word' id='word_1_609' title='bbox 1888 4960 1976 5012; x_wconf 82' lang='grc' dir='ltr'>ἐπ’</span> 
     </span>
    </p>
   </div>
   <div class='ocr_carea' id='block_1_80' title="bbox 405 5048 1979 5121">
    <p class='ocr_par' dir='ltr' id='par_1_80' title="bbox 405 5048 1979 5121">
     <span class='ocr_line' id='line_1_80' title="bbox 405 5048 1979 5121; baseline -0.001 -18"><span class='ocrx_word' id='word_1_610' title='bbox 405 5050 553 5121; x_wconf 73' lang='grc' dir='ltr'>αὐτῷ</span> <span class='ocrx_word' id='word_1_611' title='bbox 579 5050 687 5104; x_wconf 88' lang='grc' dir='ltr'><strong>τῶν</strong></span> <span class='ocrx_word' id='word_1_612' title='bbox 717 5050 939 5121; x_wconf 73' lang='grc' dir='ltr'>ἡδονῶν,</span> <span class='ocrx_word' id='word_1_613' title='bbox 964 5051 1087 5104; x_wconf 84' lang='grc' dir='ltr'>οὐδέ</span> <span class='ocrx_word' id='word_1_614' title='bbox 1112 5050 1291 5119; x_wconf 80' lang='grc' dir='ltr'>λέγειν</span> <span class='ocrx_word' id='word_1_615' title='bbox 1310 5051 1456 5118; x_wconf 81' lang='grc' dir='ltr'>ἀξιον</span> <span class='ocrx_word' id='word_1_616' title='bbox 1478 5051 1622 5113; x_wconf 85' lang='grc' dir='ltr'>εἰκός</span> <span class='ocrx_word' id='word_1_617' title='bbox 1652 5048 1843 5119; x_wconf 80' lang='grc' dir='ltr'>ἐστιν).</span> <span class='ocrx_word' id='word_1_618' title='bbox 1872 5050 1900 5102; x_wconf 86' lang='grc' dir='ltr'><strong>ὃ</strong></span> <span class='ocrx_word' id='word_1_619' title='bbox 1927 5065 1979 5101; x_wconf 89' lang='grc' dir='ltr'><strong>τι</strong></span> 
     </span>
    </p>
   </div>
   <div class='ocr_carea' id='block_1_81' title="bbox 406 5132 1981 5213">
    <p class='ocr_par' dir='ltr' id='par_1_81' title="bbox 406 5132 1981 5213">
     <span class='ocr_line' id='line_1_81' title="bbox 406 5132 1981 5213; baseline -0.003 -16"><span class='ocrx_word' id='word_1_620' title='bbox 406 5144 471 5197; x_wconf 86' lang='grc' dir='ltr'>ἂν</span> <span class='ocrx_word' id='word_1_621' title='bbox 510 5144 713 5197; x_wconf 85' lang='grc' dir='ltr'>τούτων</span> <span class='ocrx_word' id='word_1_622' title='bbox 769 5138 964 5213; x_wconf 74' lang='grc' dir='ltr'>εὑρεθῇ</span> <span class='ocrx_word' id='word_1_623' title='bbox 998 5132 1428 5211; x_wconf 76' lang='grc' dir='ltr'>σπουδαζόμενον</span> <span class='ocrx_word' id='word_1_624' title='bbox 1452 5183 1469 5205; x_wconf 85' lang='grc'><strong>,</strong></span> <span class='ocrx_word' id='word_1_625' title='bbox 1516 5140 1866 5194; x_wconf 78' lang='grc' dir='ltr'>ἐλαττοῦσθαι</span> <span class='ocrx_word' id='word_1_626' title='bbox 1893 5139 1981 5193; x_wconf 80' lang='grc' dir='ltr'><strong>λέ·-</strong></span> 
     </span>
    </p>
   </div>
   <div class='ocr_carea' id='block_1_82' title="bbox 408 5229 1981 5303">
    <p class='ocr_par' dir='ltr' id='par_1_82' title="bbox 408 5229 1981 5303">
     <span class='ocr_line' id='line_1_82' title="bbox 408 5229 1981 5303; baseline -0.003 -17"><span class='ocrx_word' id='word_1_627' title='bbox 408 5251 523 5302; x_wconf 87' lang='grc' dir='ltr'>γειν</span> <span class='ocrx_word' id='word_1_628' title='bbox 550 5234 630 5287; x_wconf 85' lang='grc' dir='ltr'>δεῖ</span> <span class='ocrx_word' id='word_1_629' title='bbox 675 5236 793 5288; x_wconf 82' lang='grc' dir='ltr'>κατ’</span> <span class='ocrx_word' id='word_1_630' title='bbox 822 5236 997 5287; x_wconf 86' lang='grc' dir='ltr'>ἐκεῖνο</span> <span class='ocrx_word' id='word_1_631' title='bbox 1042 5234 1143 5303; x_wconf 85' lang='grc' dir='ltr'><strong>τῆς</strong></span> <span class='ocrx_word' id='word_1_632' title='bbox 1192 5233 1327 5303; x_wconf 83' lang='grc' dir='ltr'>πρὸς</span> <span class='ocrx_word' id='word_1_633' title='bbox 1365 5232 1455 5285; x_wconf 71' lang='grc' dir='ltr'><strong>τὸν</strong></span> <span class='ocrx_word' id='word_1_634' title='bbox 1491 5231 1623 5285; x_wconf 75' lang='grc' dir='ltr'>Θεὸν</span> <span class='ocrx_word' id='word_1_635' title='bbox 1672 5233 1892 5300; x_wconf 81' lang='grc' dir='ltr'>ἀγάπης</span> <span class='ocrx_word' id='word_1_636' title='bbox 1921 5229 1981 5282; x_wconf 82' lang='grc' dir='ltr'>τὸ</span> 
     </span>
    </p>
   </div>
   <div class='ocr_carea' id='block_1_83' title="bbox 417 5323 1979 5396">
    <p class='ocr_par' dir='ltr' id='par_1_83' title="bbox 417 5323 1979 5396">
     <span class='ocr_line' id='line_1_83' title="bbox 417 5323 1979 5396; baseline 0 -19"><span class='ocrx_word' id='word_1_637' title='bbox 417 5326 611 5395; x_wconf 76' lang='grc' dir='ltr'>μέτρον</span> <span class='ocrx_word' id='word_1_638' title='bbox 633 5365 649 5391; x_wconf 89' lang='lat'><strong>,</strong></span> <span class='ocrx_word' id='word_1_639' title='bbox 677 5327 774 5396; x_wconf 81' lang='grc' dir='ltr'><strong>τῆς</strong></span> <span class='ocrx_word' id='word_1_640' title='bbox 802 5324 1201 5396; x_wconf 85' lang='grc' dir='ltr'>ἐπιθυμητικῆς</span> <span class='ocrx_word' id='word_1_641' title='bbox 1235 5323 1396 5378; x_wconf 74' lang='grc' dir='ltr'>αὑτοῦ</span> <span class='ocrx_word' id='word_1_642' title='bbox 1432 5324 1721 5388; x_wconf 79' lang='grc' dir='ltr'>διαθέσεως</span> <span class='ocrx_word' id='word_1_643' title='bbox 1755 5325 1862 5378; x_wconf 66' lang='grc' dir='ltr'><strong>ἀπδ</strong></span> <span class='ocrx_word' id='word_1_644' title='bbox 1886 5324 1979 5377; x_wconf 78' lang='grc' dir='ltr'><strong>τοῦ</strong></span> 
     </span>
    </p>
   </div>
   <div class='ocr_carea' id='block_1_84' title="bbox 412 5412 1982 5486">
    <p class='ocr_par' dir='ltr' id='par_1_84' title="bbox 412 5412 1982 5486">
     <span class='ocr_line' id='line_1_84' title="bbox 412 5412 1982 5486; baseline -0.001 -20"><span class='ocrx_word' id='word_1_645' title='bbox 412 5413 547 5466; x_wconf 82' lang='grc' dir='ltr'><strong>Ε)εοῦ</strong></span> <span class='ocrx_word' id='word_1_646' title='bbox 592 5415 727 5485; x_wconf 77' lang='grc' dir='ltr'>πρὸς</span> <span class='ocrx_word' id='word_1_647' title='bbox 766 5414 836 5468; x_wconf 88' lang='grc' dir='ltr'><strong>τά</strong></span> <span class='ocrx_word' id='word_1_648' title='bbox 882 5415 1054 5486; x_wconf 83' lang='grc' dir='ltr'>ὑλώδη</span> <span class='ocrx_word' id='word_1_649' title='bbox 1092 5414 1507 5485; x_wconf 76' lang='grc' dir='ltr'>μεταῤῥυείσης.</span> <span class='ocrx_word' id='word_1_650' title='bbox 1547 5414 1609 5466; x_wconf 83' lang='grc' dir='ltr'><strong>Εἰ</strong></span> <span class='ocrx_word' id='word_1_651' title='bbox 1659 5412 1715 5465; x_wconf 80' lang='grc' dir='ltr'>δὲ</span> <span class='ocrx_word' id='word_1_652' title='bbox 1766 5414 1982 5467; x_wconf 87' lang='grc' dir='ltr'>πάντων</span> 
     </span>
    </p>
   </div>
   <div class='ocr_carea' id='block_1_85' title="bbox 412 5502 1980 5577">
    <p class='ocr_par' dir='ltr' id='par_1_85' title="bbox 412 5502 1980 5577">
     <span class='ocr_line' id='line_1_85' title="bbox 412 5502 1980 5577; baseline -0.003 -16"><span class='ocrx_word' id='word_1_653' title='bbox 412 5508 615 5562; x_wconf 79' lang='grc' dir='ltr'>τούτων</span> <span class='ocrx_word' id='word_1_654' title='bbox 635 5511 729 5560; x_wconf 74' lang='grc' dir='ltr'>καὶ</span> <span class='ocrx_word' id='word_1_655' title='bbox 755 5508 859 5560; x_wconf 85' lang='grc' dir='ltr'><strong>τῶν</strong></span> <span class='ocrx_word' id='word_1_656' title='bbox 888 5508 1142 5561; x_wconf 79' lang='grc' dir='ltr'>τοιούτων</span> <span class='ocrx_word' id='word_1_657' title='bbox 1170 5507 1360 5577; x_wconf 81' lang='grc' dir='ltr'>ἐχθρός</span> <span class='ocrx_word' id='word_1_658' title='bbox 1394 5524 1474 5569; x_wconf 90' lang='grc' dir='ltr'><strong>τις</strong></span> <span class='ocrx_word' id='word_1_659' title='bbox 1506 5502 1572 5575; x_wconf 79' lang='grc' dir='ltr'>ἦν</span> <span class='ocrx_word' id='word_1_660' title='bbox 1595 5506 1685 5558; x_wconf 70' lang='grc' dir='ltr'>καὶ</span> <span class='ocrx_word' id='word_1_661' title='bbox 1706 5505 1980 5575; x_wconf 80' lang='grc' dir='ltr'>πολέμιος,</span> 
     </span>
    </p>
   </div>
   <div class='ocr_carea' id='block_1_86' title="bbox 416 5595 1987 5671">
    <p class='ocr_par' dir='ltr' id='par_1_86' title="bbox 416 5595 1987 5671">
     <span class='ocr_line' id='line_1_86' title="bbox 416 5595 1987 5671; baseline -0.002 -19"><span class='ocrx_word' id='word_1_662' title='bbox 416 5600 678 5671; x_wconf 72' lang='grc' dir='ltr'>πρότερον</span> <span class='ocrx_word' id='word_1_663' title='bbox 720 5600 816 5669; x_wconf 73' lang='grc' dir='ltr'>μὲν</span> <span class='ocrx_word' id='word_1_664' title='bbox 846 5599 938 5652; x_wconf 75' lang='grc' dir='ltr'>τοῦ</span> <span class='ocrx_word' id='word_1_665' title='bbox 967 5600 1094 5651; x_wconf 84' lang='grc' dir='ltr'>ἰδίου</span> <span class='ocrx_word' id='word_1_666' title='bbox 1127 5599 1239 5669; x_wconf 84' lang='grc' dir='ltr'>βίου</span> <span class='ocrx_word' id='word_1_667' title='bbox 1264 5600 1443 5651; x_wconf 71' lang='grc' dir='ltr'>πᾶσαν</span> <span class='ocrx_word' id='word_1_668' title='bbox 1478 5595 1733 5669; x_wconf 80' lang='grc' dir='ltr'>ἐξορίζων</span> <span class='ocrx_word' id='word_1_669' title='bbox 1762 5596 1859 5666; x_wconf 81' lang='grc' dir='ltr'>τὴν</span> <span class='ocrx_word' id='word_1_670' title='bbox 1894 5599 1987 5666; x_wconf 81' lang='grc' dir='ltr'><strong>ἑμ-</strong></span> 
     </span>
    </p>
   </div>
   <div class='ocr_carea' id='block_1_87' title="bbox 418 5688 1990 5763">
    <p class='ocr_par' dir='ltr' id='par_1_87' title="bbox 418 5688 1990 5763">
     <span class='ocr_line' id='line_1_87' title="bbox 418 5688 1990 5763; baseline -0.003 -18"><span class='ocrx_word' id='word_1_671' title='bbox 418 5692 563 5761; x_wconf 46' lang='lat' dir='ltr'><strong>mea,</strong></span> <span class='ocrx_word' id='word_1_672' title='bbox 598 5694 719 5763; x_wconf 68' lang='grc' dir='ltr'>περὶ</span> <span class='ocrx_word' id='word_1_673' title='bbox 750 5691 922 5745; x_wconf 73' lang='grc' dir='ltr'>ταῦτα</span> <span class='ocrx_word' id='word_1_674' title='bbox 948 5692 1213 5757; x_wconf 82' lang='grc' dir='ltr'>διάθεσιν,</span> <span class='ocrx_word' id='word_1_675' title='bbox 1248 5692 1436 5746; x_wconf 77' lang='grc' dir='ltr'>ἔπειτα</span> <span class='ocrx_word' id='word_1_676' title='bbox 1468 5692 1521 5744; x_wconf 74' lang='grc' dir='ltr'>δὲ</span> <span class='ocrx_word' id='word_1_677' title='bbox 1555 5691 1644 5743; x_wconf 70' lang='grc' dir='ltr'>καὶ</span> <span class='ocrx_word' id='word_1_678' title='bbox 1676 5691 1775 5759; x_wconf 77' lang='grc' dir='ltr'>τὴν</span> <span class='ocrx_word' id='word_1_679' title='bbox 1808 5688 1990 5758; x_wconf 76' lang='grc' dir='ltr'>κοινὴν</span> 
     </span>
    </p>
   </div>
   <div class='ocr_carea' id='block_1_88' title="bbox 2060 3044 3639 3112">
    <p class='ocr_par' dir='ltr' id='par_1_88' title="bbox 2060 3044 3639 3112">
     <span class='ocr_line' id='line_1_88' title="bbox 2060 3044 3639 3112; baseline -0.004 -10"><span class='ocrx_word' id='word_1_680' title='bbox 2060 3057 2181 3102; x_wconf 90' lang='lat' dir='ltr'><strong>ctos</strong></span> <span class='ocrx_word' id='word_1_681' title='bbox 2216 3049 2270 3102; x_wconf 89' lang='lat' dir='ltr'><strong>in</strong></span> <span class='ocrx_word' id='word_1_682' title='bbox 2314 3048 2426 3101; x_wconf 82' lang='lat' dir='ltr'><strong>vita</strong></span> <span class='ocrx_word' id='word_1_683' title='bbox 2476 3045 2617 3100; x_wconf 81' lang='lat' dir='ltr'><strong>fuit?</strong></span> <span class='ocrx_word' id='word_1_684' title='bbox 2649 3053 2709 3100; x_wconf 91' lang='lat' dir='ltr'><strong>ut</strong></span> <span class='ocrx_word' id='word_1_685' title='bbox 2737 3045 2947 3100; x_wconf 89' lang='lat' dir='ltr'><strong>idcirco</strong></span> <span class='ocrx_word' id='word_1_686' title='bbox 2981 3044 3278 3100; x_wconf 88' lang='lat' dir='ltr'><strong>celebritas</strong></span> <span class='ocrx_word' id='word_1_687' title='bbox 3308 3050 3473 3112; x_wconf 90' lang='lat' dir='ltr'><strong>atque</strong></span> <span class='ocrx_word' id='word_1_688' title='bbox 3505 3057 3639 3097; x_wconf 76' lang='lat' dir='ltr'><strong>cou-</strong></span> 
     </span>
    </p>
   </div>
   <div class='ocr_carea' id='block_1_89' title="bbox 2065 3134 3644 3209">
    <p class='ocr_par' dir='ltr' id='par_1_89' title="bbox 2065 3134 3644 3209">
     <span class='ocr_line' id='line_1_89' title="bbox 2065 3134 3644 3209; baseline -0.001 -15"><span class='ocrx_word' id='word_1_689' title='bbox 2065 3149 2296 3204; x_wconf 88' lang='lat' dir='ltr'><strong>ventus,</strong></span> <span class='ocrx_word' id='word_1_690' title='bbox 2330 3137 2423 3209; x_wconf 91' lang='lat' dir='ltr'><strong>qui</strong></span> <span class='ocrx_word' id='word_1_691' title='bbox 2467 3138 2615 3193; x_wconf 90' lang='lat' dir='ltr'><strong>illius</strong></span> <span class='ocrx_word' id='word_1_692' title='bbox 2649 3136 2874 3192; x_wconf 87' lang='lat' dir='ltr'><strong>nomine</strong></span> <span class='ocrx_word' id='word_1_693' title='bbox 2898 3137 3116 3207; x_wconf 83' lang='lat' dir='ltr'><strong>agitur,</strong></span> <span class='ocrx_word' id='word_1_694' title='bbox 3154 3134 3337 3189; x_wconf 90' lang='lat' dir='ltr'><strong>minor</strong></span> <span class='ocrx_word' id='word_1_695' title='bbox 3376 3134 3644 3192; x_wconf 82' lang='lat' dir='ltr'><strong>habeatur</strong></span> 
     </span>
    </p>
   </div>
   <div class='ocr_carea' id='block_1_90' title="bbox 2063 3227 3644 3301">
    <p class='ocr_par' dir='ltr' id='par_1_90' title="bbox 2063 3227 3644 3301">
     <span class='ocr_line' id='line_1_90' title="bbox 2063 3227 3644 3301; baseline -0.004 -15"><span class='ocrx_word' id='word_1_696' title='bbox 2063 3231 2218 3286; x_wconf 79' lang='lat' dir='ltr'><strong>feriis</strong></span> <span class='ocrx_word' id='word_1_697' title='bbox 2242 3270 2258 3295; x_wconf 95' lang='lat'><strong>,</strong></span> <span class='ocrx_word' id='word_1_698' title='bbox 2301 3246 2421 3301; x_wconf 77' lang='lat' dir='ltr'><strong>qua;</strong></span> <span class='ocrx_word' id='word_1_699' title='bbox 2452 3237 2771 3285; x_wconf 89' lang='lat' dir='ltr'><strong>sanctorum</strong></span> <span class='ocrx_word' id='word_1_700' title='bbox 2800 3227 3034 3283; x_wconf 89' lang='lat' dir='ltr'><strong>aliorum</strong></span> <span class='ocrx_word' id='word_1_701' title='bbox 3065 3227 3299 3283; x_wconf 88' lang='lat' dir='ltr'><strong>honoris</strong></span> <span class='ocrx_word' id='word_1_702' title='bbox 3336 3234 3504 3298; x_wconf 86' lang='lat' dir='ltr'><strong>atque</strong></span> <span class='ocrx_word' id='word_1_703' title='bbox 3527 3241 3644 3280; x_wconf 60' lang='lat' dir='ltr'><strong>nec</strong></span> 
     </span>
    </p>
   </div>
   <div class='ocr_carea' id='block_1_91' title="bbox 2064 3319 3644 3393">
    <p class='ocr_par' dir='ltr' id='par_1_91' title="bbox 2064 3319 3644 3393">
     <span class='ocr_line' id='line_1_91' title="bbox 2064 3319 3644 3393; baseline -0.004 -16"><span class='ocrx_word' id='word_1_704' title='bbox 2064 3325 2251 3378; x_wconf 64' lang='lat' dir='ltr'><strong>moria:</strong></span> <span class='ocrx_word' id='word_1_705' title='bbox 2281 3325 2454 3393; x_wconf 83' lang='lat' dir='ltr'><strong>gratia</strong></span> <span class='ocrx_word' id='word_1_706' title='bbox 2483 3321 2879 3378; x_wconf 79' lang='lat' dir='ltr'><strong>celebrantur?</strong></span> <span class='ocrx_word' id='word_1_707' title='bbox 2908 3320 3213 3376; x_wconf 79' lang='lat' dir='ltr'><strong>Causidera</strong></span> <span class='ocrx_word' id='word_1_708' title='bbox 3240 3320 3390 3389; x_wconf 86' lang='lat' dir='ltr'><strong>enim</strong></span> <span class='ocrx_word' id='word_1_709' title='bbox 3410 3356 3429 3384; x_wconf 84' lang='lat'><strong>,</strong></span> <span class='ocrx_word' id='word_1_710' title='bbox 3482 3319 3531 3375; x_wconf 78' lang='lat' dir='ltr'><strong>si</strong></span> <span class='ocrx_word' id='word_1_711' title='bbox 3562 3319 3644 3372; x_wconf 80' lang='lat' dir='ltr'><strong>vi-</strong></span> 
     </span>
    </p>
   </div>
   <div class='ocr_carea' id='block_1_92' title="bbox 2064 3409 3647 3483">
    <p class='ocr_par' dir='ltr' id='par_1_92' title="bbox 2064 3409 3647 3483">
     <span class='ocr_line' id='line_1_92' title="bbox 2064 3409 3647 3483; baseline -0.003 -17"><span class='ocrx_word' id='word_1_712' title='bbox 2064 3412 2225 3468; x_wconf 90' lang='lat' dir='ltr'><strong>detur</strong></span> <span class='ocrx_word' id='word_1_713' title='bbox 2250 3454 2264 3478; x_wconf 95' lang='lat'><strong>,</strong></span> <span class='ocrx_word' id='word_1_714' title='bbox 2302 3422 2465 3483; x_wconf 88' lang='lat' dir='ltr'><strong>atque</strong></span> <span class='ocrx_word' id='word_1_715' title='bbox 2511 3412 2789 3483; x_wconf 89' lang='lat' dir='ltr'><strong>perpende</strong></span> <span class='ocrx_word' id='word_1_716' title='bbox 2816 3427 2963 3474; x_wconf 91' lang='lat' dir='ltr'><strong>rem,</strong></span> <span class='ocrx_word' id='word_1_717' title='bbox 3016 3426 3141 3467; x_wconf 90' lang='lat' dir='ltr'><strong>cum</strong></span> <span class='ocrx_word' id='word_1_718' title='bbox 3181 3424 3294 3465; x_wconf 91' lang='lat' dir='ltr'><strong>uno</strong></span> <span class='ocrx_word' id='word_1_719' title='bbox 3327 3409 3517 3480; x_wconf 88' lang='lat' dir='ltr'><strong>aliquo</strong></span> <span class='ocrx_word' id='word_1_720' title='bbox 3549 3425 3647 3463; x_wconf 82' lang='lat' dir='ltr'><strong>su-</strong></span> 
     </span>
    </p>
   </div>
   <div class='ocr_carea' id='block_1_93' title="bbox 2068 3502 3642 3574">
    <p class='ocr_par' dir='ltr' id='par_1_93' title="bbox 2068 3502 3642 3574">
     <span class='ocr_line' id='line_1_93' title="bbox 2068 3502 3642 3574; baseline -0.003 -15"><span class='ocrx_word' id='word_1_721' title='bbox 2068 3506 2301 3574; x_wconf 87' lang='lat' dir='ltr'><strong>perioris</strong></span> <span class='ocrx_word' id='word_1_722' title='bbox 2354 3506 2531 3559; x_wconf 86' lang='lat' dir='ltr'><strong>aetatis</strong></span> <span class='ocrx_word' id='word_1_723' title='bbox 2592 3512 2789 3560; x_wconf 89' lang='lat' dir='ltr'><strong>sancto</strong></span> <span class='ocrx_word' id='word_1_724' title='bbox 2848 3502 3015 3571; x_wconf 88' lang='lat' dir='ltr'><strong>lmjus</strong></span> <span class='ocrx_word' id='word_1_725' title='bbox 3074 3503 3240 3557; x_wconf 84' lang='lat' dir='ltr'><strong>vitam</strong></span> <span class='ocrx_word' id='word_1_726' title='bbox 3291 3515 3642 3573; x_wconf 86' lang='lat' dir='ltr'><strong>comparans.</strong></span> 
     </span>
    </p>
   </div>
   <div class='ocr_carea' id='block_1_94' title="bbox 2066 3592 3644 3661">
    <p class='ocr_par' dir='ltr' id='par_1_94' title="bbox 2066 3592 3644 3661">
     <span class='ocr_line' id='line_1_94' title="bbox 2066 3592 3644 3661; baseline -0.002 -13"><span class='ocrx_word' id='word_1_727' title='bbox 2066 3593 2267 3649; x_wconf 84' lang='lat' dir='ltr'><strong>Dilexit</strong></span> <span class='ocrx_word' id='word_1_728' title='bbox 2296 3593 2467 3649; x_wconf 86' lang='lat' dir='ltr'><strong>Deum</strong></span> <span class='ocrx_word' id='word_1_729' title='bbox 2528 3593 2756 3649; x_wconf 86' lang='lat' dir='ltr'><strong>Paulus.</strong></span> <span class='ocrx_word' id='word_1_730' title='bbox 2810 3592 2867 3647; x_wconf 92' lang='lat' dir='ltr'><strong>ld</strong></span> <span class='ocrx_word' id='word_1_731' title='bbox 2908 3593 3052 3647; x_wconf 88' lang='lat' dir='ltr'><strong>enim</strong></span> <span class='ocrx_word' id='word_1_732' title='bbox 3083 3592 3344 3646; x_wconf 88' lang='lat' dir='ltr'><strong>nimirum</strong></span> <span class='ocrx_word' id='word_1_733' title='bbox 3372 3593 3644 3661; x_wconf 74' lang='lat' dir='ltr'><strong>bonorum</strong></span> 
     </span>
    </p>
   </div>
   <div class='ocr_carea' id='block_1_95' title="bbox 2066 3683 3647 3755">
    <p class='ocr_par' dir='ltr' id='par_1_95' title="bbox 2066 3683 3647 3755">
     <span class='ocr_line' id='line_1_95' title="bbox 2066 3683 3647 3755; baseline -0.002 -17"><span class='ocrx_word' id='word_1_734' title='bbox 2066 3694 2231 3755; x_wconf 91' lang='lat' dir='ltr'><strong>caput</strong></span> <span class='ocrx_word' id='word_1_735' title='bbox 2264 3693 2349 3740; x_wconf 83' lang='lat' dir='ltr'><strong>est</strong></span> <span class='ocrx_word' id='word_1_736' title='bbox 2381 3703 2394 3739; x_wconf 91' lang='lat'><strong>:</strong></span> <span class='ocrx_word' id='word_1_737' title='bbox 2432 3685 2785 3751; x_wconf 88' lang='lat' dir='ltr'><strong>dilectionis,</strong></span> <span class='ocrx_word' id='word_1_738' title='bbox 2842 3685 3108 3752; x_wconf 89' lang='lat' dir='ltr'><strong>inquam,</strong></span> <span class='ocrx_word' id='word_1_739' title='bbox 3160 3683 3365 3739; x_wconf 88' lang='lat' dir='ltr'><strong>bonum</strong></span> <span class='ocrx_word' id='word_1_740' title='bbox 3401 3701 3416 3738; x_wconf 87' lang='lat'><strong>:</strong></span> <span class='ocrx_word' id='word_1_741' title='bbox 3469 3697 3499 3735; x_wconf 92' lang='lat' dir='ltr'><strong>a</strong></span> <span class='ocrx_word' id='word_1_742' title='bbox 3539 3696 3647 3752; x_wconf 84' lang='lat' dir='ltr'><strong>qua</strong></span> 
     </span>
    </p>
   </div>
   <div class='ocr_carea' id='block_1_96' title="bbox 2068 3773 3647 3845">
    <p class='ocr_par' dir='ltr' id='par_1_96' title="bbox 2068 3773 3647 3845">
     <span class='ocr_line' id='line_1_96' title="bbox 2068 3773 3647 3845; baseline -0.003 -14"><span class='ocrx_word' id='word_1_743' title='bbox 2068 3776 2360 3832; x_wconf 87' lang='lat' dir='ltr'><strong>dilectione</strong></span> <span class='ocrx_word' id='word_1_744' title='bbox 2395 3776 2771 3845; x_wconf 87' lang='lat' dir='ltr'><strong>proﬁciscitur</strong></span> <span class='ocrx_word' id='word_1_745' title='bbox 2800 3780 2981 3831; x_wconf 88' lang='lat' dir='ltr'><strong>omnis</strong></span> <span class='ocrx_word' id='word_1_746' title='bbox 3008 3773 3145 3830; x_wconf 87' lang='lat' dir='ltr'><strong>ﬁdes</strong></span> <span class='ocrx_word' id='word_1_747' title='bbox 3174 3782 3229 3829; x_wconf 82' lang='lat' dir='ltr'><strong>et</strong></span> <span class='ocrx_word' id='word_1_748' title='bbox 3263 3773 3446 3831; x_wconf 87' lang='lat' dir='ltr'><strong>onmis</strong></span> <span class='ocrx_word' id='word_1_749' title='bbox 3483 3788 3647 3844; x_wconf 87' lang='lat' dir='ltr'><strong>spcs,</strong></span> 
     </span>
    </p>
   </div>
   <div class='ocr_carea' id='block_1_97' title="bbox 2068 3867 3650 3938">
    <p class='ocr_par' dir='ltr' id='par_1_97' title="bbox 2068 3867 3650 3938">
     <span class='ocr_line' id='line_1_97' title="bbox 2068 3867 3650 3938; baseline -0.003 -14"><span class='ocrx_word' id='word_1_750' title='bbox 2068 3877 2123 3924; x_wconf 90' lang='lat' dir='ltr'><strong>et</strong></span> <span class='ocrx_word' id='word_1_751' title='bbox 2170 3868 2222 3924; x_wconf 89' lang='lat' dir='ltr'><strong>id</strong></span> <span class='ocrx_word' id='word_1_752' title='bbox 2252 3869 2396 3938; x_wconf 92' lang='lat' dir='ltr'><strong>quod</strong></span> <span class='ocrx_word' id='word_1_753' title='bbox 2430 3883 2524 3938; x_wconf 91' lang='lat' dir='ltr'><strong>per</strong></span> <span class='ocrx_word' id='word_1_754' title='bbox 2550 3868 2872 3937; x_wconf 87' lang='lat' dir='ltr'><strong>patientiam</strong></span> <span class='ocrx_word' id='word_1_755' title='bbox 2909 3874 3265 3937; x_wconf 83' lang='lat' dir='ltr'><strong>exspectatur</strong></span> <span class='ocrx_word' id='word_1_756' title='bbox 3294 3867 3499 3921; x_wconf 85' lang='lat' dir='ltr'><strong>bonum</strong></span> <span class='ocrx_word' id='word_1_757' title='bbox 3521 3905 3539 3931; x_wconf 91' lang='lat'><strong>,</strong></span> <span class='ocrx_word' id='word_1_758' title='bbox 3591 3874 3650 3920; x_wconf 90' lang='lat' dir='ltr'><strong>et</strong></span> 
     </span>
    </p>
   </div>
   <div class='ocr_carea' id='block_1_98' title="bbox 2071 3957 3647 4029">
    <p class='ocr_par' dir='ltr' id='par_1_98' title="bbox 2071 3957 3647 4029">
     <span class='ocr_line' id='line_1_98' title="bbox 2071 3957 3647 4029; baseline -0.003 -11"><span class='ocrx_word' id='word_1_759' title='bbox 2071 3963 2126 4018; x_wconf 89' lang='lat' dir='ltr'><strong>in</strong></span> <span class='ocrx_word' id='word_1_760' title='bbox 2183 3963 2333 4017; x_wconf 90' lang='lat' dir='ltr'><strong>omni</strong></span> <span class='ocrx_word' id='word_1_761' title='bbox 2370 3962 2515 4017; x_wconf 89' lang='lat' dir='ltr'><strong>bono</strong></span> <span class='ocrx_word' id='word_1_762' title='bbox 2548 3962 2823 4016; x_wconf 86' lang='lat' dir='ltr'><strong>stabilitas</strong></span> <span class='ocrx_word' id='word_1_763' title='bbox 2864 3968 3032 4029; x_wconf 91' lang='lat' dir='ltr'><strong>atque</strong></span> <span class='ocrx_word' id='word_1_764' title='bbox 3079 3960 3436 4023; x_wconf 85' lang='lat' dir='ltr'><strong>constantia,</strong></span> <span class='ocrx_word' id='word_1_765' title='bbox 3483 3964 3541 4013; x_wconf 88' lang='lat' dir='ltr'><strong>et</strong></span> <span class='ocrx_word' id='word_1_766' title='bbox 3591 3957 3647 4013; x_wconf 89' lang='lat' dir='ltr'><strong>in</strong></span> 
     </span>
    </p>
   </div>
   <div class='ocr_carea' id='block_1_99' title="bbox 2069 4046 3649 4123">
    <p class='ocr_par' dir='ltr' id='par_1_99' title="bbox 2069 4046 3649 4123">
     <span class='ocr_line' id='line_1_99' title="bbox 2069 4046 3649 4123; baseline -0.004 -16"><span class='ocrx_word' id='word_1_767' title='bbox 2069 4053 2216 4107; x_wconf 92' lang='lat' dir='ltr'><strong>omni</strong></span> <span class='ocrx_word' id='word_1_768' title='bbox 2248 4051 2517 4123; x_wconf 87' lang='lat' dir='ltr'><strong>spirituali</strong></span> <span class='ocrx_word' id='word_1_769' title='bbox 2553 4050 2700 4105; x_wconf 91' lang='lat' dir='ltr'><strong>dono</strong></span> <span class='ocrx_word' id='word_1_770' title='bbox 2724 4051 3073 4105; x_wconf 86' lang='lat' dir='ltr'><strong>commodum</strong></span> <span class='ocrx_word' id='word_1_771' title='bbox 3107 4058 3270 4118; x_wconf 88' lang='lat' dir='ltr'><strong>atque</strong></span> <span class='ocrx_word' id='word_1_772' title='bbox 3307 4046 3649 4117; x_wconf 67' lang='lat' dir='ltr'><strong>prarstautia.</strong></span> 
     </span>
    </p>
   </div>
   <div class='ocr_carea' id='block_1_100' title="bbox 2074 4138 3651 4212">
    <p class='ocr_par' dir='ltr' id='par_1_100' title="bbox 2074 4138 3651 4212">
     <span class='ocr_line' id='line_1_100' title="bbox 2074 4138 3651 4212; baseline -0.005 -14"><span class='ocrx_word' id='word_1_773' title='bbox 2074 4144 2180 4198; x_wconf 88' lang='lat' dir='ltr'><strong>Sed</strong></span> <span class='ocrx_word' id='word_1_774' title='bbox 2210 4151 2524 4199; x_wconf 88' lang='lat' dir='ltr'><strong>scrutemur</strong></span> <span class='ocrx_word' id='word_1_775' title='bbox 2547 4180 2563 4205; x_wconf 90' lang='lat'><strong>,</strong></span> <span class='ocrx_word' id='word_1_776' title='bbox 2612 4150 2853 4212; x_wconf 89' lang='lat' dir='ltr'><strong>quantus</strong></span> <span class='ocrx_word' id='word_1_777' title='bbox 2895 4142 2951 4195; x_wconf 90' lang='lat' dir='ltr'><strong>in</strong></span> <span class='ocrx_word' id='word_1_778' title='bbox 2980 4139 3147 4196; x_wconf 87' lang='lat' dir='ltr'><strong>Paulo</strong></span> <span class='ocrx_word' id='word_1_779' title='bbox 3172 4138 3485 4195; x_wconf 86' lang='lat' dir='ltr'><strong>dilectionis</strong></span> <span class='ocrx_word' id='word_1_780' title='bbox 3516 4152 3651 4207; x_wconf 78' lang='lat' dir='ltr'><strong>erga</strong></span> 
     </span>
    </p>
   </div>
   <div class='ocr_carea' id='block_1_101' title="bbox 2076 4228 3649 4302">
    <p class='ocr_par' dir='ltr' id='par_1_101' title="bbox 2076 4228 3649 4302">
     <span class='ocr_line' id='line_1_101' title="bbox 2076 4228 3649 4302; baseline -0.001 -16"><span class='ocrx_word' id='word_1_781' title='bbox 2076 4234 2246 4289; x_wconf 86' lang='lat' dir='ltr'><strong>Deum</strong></span> <span class='ocrx_word' id='word_1_782' title='bbox 2282 4232 2499 4287; x_wconf 90' lang='lat' dir='ltr'><strong>modus.</strong></span> <span class='ocrx_word' id='word_1_783' title='bbox 2542 4231 2701 4287; x_wconf 85' lang='lat' dir='ltr'><strong>Dices</strong></span> <span class='ocrx_word' id='word_1_784' title='bbox 2725 4232 2988 4295; x_wconf 88' lang='lat' dir='ltr'><strong>omnino,</strong></span> <span class='ocrx_word' id='word_1_785' title='bbox 3024 4230 3168 4302; x_wconf 91' lang='lat' dir='ltr'><strong>quod</strong></span> <span class='ocrx_word' id='word_1_786' title='bbox 3199 4245 3267 4285; x_wconf 90' lang='lat' dir='ltr'><strong>ex</strong></span> <span class='ocrx_word' id='word_1_787' title='bbox 3300 4239 3415 4285; x_wconf 91' lang='lat' dir='ltr'><strong>toto</strong></span> <span class='ocrx_word' id='word_1_788' title='bbox 3448 4228 3649 4293; x_wconf 86' lang='lat' dir='ltr'><strong>corde,</strong></span> 
     </span>
    </p>
   </div>
   <div class='ocr_carea' id='block_1_102' title="bbox 2006 4321 3652 4390">
    <p class='ocr_par' dir='ltr' id='par_1_102' title="bbox 2006 4321 3652 4390">
     <span class='ocr_line' id='line_1_102' title="bbox 2006 4321 3652 4390; baseline -0.003 -12"><span class='ocrx_word' id='word_1_789' title='bbox 2006 4324 2046 4378; x_wconf 93' lang='lat' dir='ltr'><strong>D</strong></span> <span class='ocrx_word' id='word_1_790' title='bbox 2073 4335 2131 4381; x_wconf 86' lang='lat' dir='ltr'><strong>et</strong></span> <span class='ocrx_word' id='word_1_791' title='bbox 2155 4340 2219 4381; x_wconf 80' lang='lat' dir='ltr'><strong>ex</strong></span> <span class='ocrx_word' id='word_1_792' title='bbox 2276 4332 2388 4379; x_wconf 88' lang='lat' dir='ltr'><strong>tota</strong></span> <span class='ocrx_word' id='word_1_793' title='bbox 2417 4325 2600 4379; x_wconf 90' lang='lat' dir='ltr'><strong>anima</strong></span> <span class='ocrx_word' id='word_1_794' title='bbox 2626 4362 2642 4387; x_wconf 88' lang='lat'><strong>,</strong></span> <span class='ocrx_word' id='word_1_795' title='bbox 2676 4331 2731 4379; x_wconf 90' lang='lat' dir='ltr'><strong>et</strong></span> <span class='ocrx_word' id='word_1_796' title='bbox 2759 4339 2825 4379; x_wconf 90' lang='lat' dir='ltr'><strong>ex</strong></span> <span class='ocrx_word' id='word_1_797' title='bbox 2879 4331 2994 4377; x_wconf 92' lang='lat' dir='ltr'><strong>tota</strong></span> <span class='ocrx_word' id='word_1_798' title='bbox 3031 4329 3212 4378; x_wconf 90' lang='lat' dir='ltr'><strong>mente</strong></span> <span class='ocrx_word' id='word_1_799' title='bbox 3266 4336 3366 4377; x_wconf 90' lang='lat' dir='ltr'><strong>sua</strong></span> <span class='ocrx_word' id='word_1_800' title='bbox 3400 4321 3652 4390; x_wconf 76' lang='lat' dir='ltr'><strong>diligeret</strong></span> 
     </span>
    </p>
   </div>
   <div class='ocr_carea' id='block_1_103' title="bbox 2078 4410 3653 4471">
    <p class='ocr_par' dir='ltr' id='par_1_103' title="bbox 2078 4410 3653 4471">
     <span class='ocr_line' id='line_1_103' title="bbox 2078 4410 3653 4471; baseline -0.001 -3"><span class='ocrx_word' id='word_1_801' title='bbox 2078 4416 2269 4471; x_wconf 89' lang='lat' dir='ltr'><strong>Deum.</strong></span> <span class='ocrx_word' id='word_1_802' title='bbox 2304 4413 2459 4470; x_wconf 92' lang='lat' dir='ltr'><strong>llune</strong></span> <span class='ocrx_word' id='word_1_803' title='bbox 2488 4414 2636 4469; x_wconf 90' lang='lat' dir='ltr'><strong>enim</strong></span> <span class='ocrx_word' id='word_1_804' title='bbox 2682 4429 2960 4470; x_wconf 88' lang='lat' dir='ltr'><strong>summum</strong></span> <span class='ocrx_word' id='word_1_805' title='bbox 3016 4411 3334 4468; x_wconf 88' lang='lat' dir='ltr'><strong>dilectionis</strong></span> <span class='ocrx_word' id='word_1_806' title='bbox 3384 4410 3653 4469; x_wconf 80' lang='lat' dir='ltr'><strong>adversus</strong></span> 
     </span>
    </p>
   </div>
   <div class='ocr_carea' id='block_1_104' title="bbox 2074 4505 3653 4576">
    <p class='ocr_par' dir='ltr' id='par_1_104' title="bbox 2074 4505 3653 4576">
     <span class='ocr_line' id='line_1_104' title="bbox 2074 4505 3653 4576; baseline -0.002 -14"><span class='ocrx_word' id='word_1_807' title='bbox 2074 4507 2242 4562; x_wconf 89' lang='lat' dir='ltr'><strong>Deum</strong></span> <span class='ocrx_word' id='word_1_808' title='bbox 2274 4506 2567 4562; x_wconf 90' lang='lat' dir='ltr'><strong>terminum</strong></span> <span class='ocrx_word' id='word_1_809' title='bbox 2600 4505 2692 4560; x_wconf 89' lang='lat' dir='ltr'><strong>dat</strong></span> <span class='ocrx_word' id='word_1_810' title='bbox 2728 4507 2833 4560; x_wconf 82' lang='lat' dir='ltr'><strong>lex.</strong></span> <span class='ocrx_word' id='word_1_811' title='bbox 2870 4505 3010 4576; x_wconf 78' lang='lat' dir='ltr'><strong>Ergo</strong></span> <span class='ocrx_word' id='word_1_812' title='bbox 3049 4506 3142 4576; x_wconf 88' lang='lat' dir='ltr'><strong>qtti</strong></span> <span class='ocrx_word' id='word_1_813' title='bbox 3169 4520 3331 4560; x_wconf 91' lang='lat' dir='ltr'><strong>omne</strong></span> <span class='ocrx_word' id='word_1_814' title='bbox 3357 4518 3457 4559; x_wconf 87' lang='lat' dir='ltr'><strong>cor</strong></span> <span class='ocrx_word' id='word_1_815' title='bbox 3486 4520 3653 4560; x_wconf 88' lang='lat' dir='ltr'><strong>suum</strong></span> 
     </span>
    </p>
   </div>
   <div class='ocr_carea' id='block_1_105' title="bbox 2072 4595 3655 4661">
    <p class='ocr_par' dir='ltr' id='par_1_105' title="bbox 2072 4595 3655 4661">
     <span class='ocr_line' id='line_1_105' title="bbox 2072 4595 3655 4661; baseline -0.003 -7"><span class='ocrx_word' id='word_1_816' title='bbox 2072 4610 2128 4654; x_wconf 88' lang='lat' dir='ltr'><strong>ct</strong></span> <span class='ocrx_word' id='word_1_817' title='bbox 2169 4598 2406 4651; x_wconf 92' lang='lat' dir='ltr'><strong>animam</strong></span> <span class='ocrx_word' id='word_1_818' title='bbox 2439 4606 2493 4652; x_wconf 90' lang='lat' dir='ltr'><strong>et</strong></span> <span class='ocrx_word' id='word_1_819' title='bbox 2523 4607 2760 4652; x_wconf 87' lang='lat' dir='ltr'><strong>mentem</strong></span> <span class='ocrx_word' id='word_1_820' title='bbox 2796 4596 2903 4653; x_wconf 90' lang='lat' dir='ltr'><strong>Deo</strong></span> <span class='ocrx_word' id='word_1_821' title='bbox 2949 4597 3180 4661; x_wconf 78' lang='lat' dir='ltr'><strong>dicavit,</strong></span> <span class='ocrx_word' id='word_1_822' title='bbox 3224 4603 3280 4651; x_wconf 90' lang='lat' dir='ltr'><strong>et</strong></span> <span class='ocrx_word' id='word_1_823' title='bbox 3312 4595 3381 4651; x_wconf 90' lang='lat' dir='ltr'><strong>ad</strong></span> <span class='ocrx_word' id='word_1_824' title='bbox 3443 4596 3655 4655; x_wconf 80' lang='lat' dir='ltr'><strong>nullam</strong></span> 
     </span>
    </p>
   </div>
   <div class='ocr_carea' id='block_1_106' title="bbox 2076 4690 3654 4761">
    <p class='ocr_par' dir='ltr' id='par_1_106' title="bbox 2076 4690 3654 4761">
     <span class='ocr_line' id='line_1_106' title="bbox 2076 4690 3654 4761; baseline -0.004 -15"><span class='ocrx_word' id='word_1_825' title='bbox 2076 4705 2190 4746; x_wconf 89' lang='lat' dir='ltr'><strong>rem</strong></span> <span class='ocrx_word' id='word_1_826' title='bbox 2225 4690 2387 4743; x_wconf 89' lang='lat' dir='ltr'><strong>aliam</strong></span> <span class='ocrx_word' id='word_1_827' title='bbox 2418 4704 2607 4745; x_wconf 91' lang='lat' dir='ltr'><strong>earum</strong></span> <span class='ocrx_word' id='word_1_828' title='bbox 2642 4706 2762 4761; x_wconf 71' lang='lat' dir='ltr'><strong>qua:</strong></span> <span class='ocrx_word' id='word_1_829' title='bbox 2790 4705 2884 4760; x_wconf 90' lang='lat' dir='ltr'><strong>per</strong></span> <span class='ocrx_word' id='word_1_830' title='bbox 2920 4690 3061 4744; x_wconf 88' lang='lat' dir='ltr'><strong>hanc</strong></span> <span class='ocrx_word' id='word_1_831' title='bbox 3090 4690 3257 4743; x_wconf 90' lang='lat' dir='ltr'><strong>vitam</strong></span> <span class='ocrx_word' id='word_1_832' title='bbox 3287 4698 3654 4757; x_wconf 83' lang='lat' dir='ltr'><strong>expetuntur,</strong></span> 
     </span>
    </p>
   </div>
   <div class='ocr_carea' id='block_1_107' title="bbox 2079 4778 3656 4850">
    <p class='ocr_par' dir='ltr' id='par_1_107' title="bbox 2079 4778 3656 4850">
     <span class='ocr_line' id='line_1_107' title="bbox 2079 4778 3656 4850; baseline 0 -17"><span class='ocrx_word' id='word_1_833' title='bbox 2079 4780 2308 4834; x_wconf 87' lang='lat' dir='ltr'><strong>allectus</strong></span> <span class='ocrx_word' id='word_1_834' title='bbox 2353 4788 2518 4848; x_wconf 86' lang='lat' dir='ltr'><strong>atque</strong></span> <span class='ocrx_word' id='word_1_835' title='bbox 2568 4796 2877 4850; x_wconf 88' lang='lat' dir='ltr'><strong>propensus</strong></span> <span class='ocrx_word' id='word_1_836' title='bbox 2936 4788 3059 4846; x_wconf 87' lang='lat' dir='ltr'><strong>cst,</strong></span> <span class='ocrx_word' id='word_1_837' title='bbox 3115 4780 3169 4834; x_wconf 92' lang='lat' dir='ltr'><strong>in</strong></span> <span class='ocrx_word' id='word_1_838' title='bbox 3219 4794 3479 4849; x_wconf 89' lang='lat' dir='ltr'><strong>supremo</strong></span> <span class='ocrx_word' id='word_1_839' title='bbox 3513 4778 3656 4834; x_wconf 91' lang='lat' dir='ltr'><strong>dile-</strong></span> 
     </span>
    </p>
   </div>
   <div class='ocr_carea' id='block_1_108' title="bbox 2077 4870 3656 4941">
    <p class='ocr_par' dir='ltr' id='par_1_108' title="bbox 2077 4870 3656 4941">
     <span class='ocr_line' id='line_1_108' title="bbox 2077 4870 3656 4941; baseline -0.001 -16"><span class='ocrx_word' id='word_1_840' title='bbox 2077 4872 2277 4926; x_wconf 91' lang='lat' dir='ltr'><strong>ctionis</strong></span> <span class='ocrx_word' id='word_1_841' title='bbox 2309 4872 2480 4941; x_wconf 84' lang='lat' dir='ltr'><strong>gradu</strong></span> <span class='ocrx_word' id='word_1_842' title='bbox 2515 4873 2788 4927; x_wconf 89' lang='lat' dir='ltr'><strong>consistit.</strong></span> <span class='ocrx_word' id='word_1_843' title='bbox 2835 4871 3128 4927; x_wconf 81' lang='lat' dir='ltr'><strong>Enimvero</strong></span> <span class='ocrx_word' id='word_1_844' title='bbox 3168 4871 3213 4927; x_wconf 91' lang='lat' dir='ltr'><strong>si</strong></span> <span class='ocrx_word' id='word_1_845' title='bbox 3262 4876 3391 4941; x_wconf 88' lang='lat' dir='ltr'><strong>quis</strong></span> <span class='ocrx_word' id='word_1_846' title='bbox 3425 4870 3656 4925; x_wconf 84' lang='lat' dir='ltr'><strong>demon-</strong></span> 
     </span>
    </p>
   </div>
   <div class='ocr_carea' id='block_1_109' title="bbox 2079 4961 3657 5034">
    <p class='ocr_par' dir='ltr' id='par_1_109' title="bbox 2079 4961 3657 5034">
     <span class='ocr_line' id='line_1_109' title="bbox 2079 4961 3657 5034; baseline -0.002 -16"><span class='ocrx_word' id='word_1_847' title='bbox 2079 4974 2260 5018; x_wconf 87' lang='lat' dir='ltr'><strong>strare</strong></span> <span class='ocrx_word' id='word_1_848' title='bbox 2310 4972 2531 5033; x_wconf 89' lang='lat' dir='ltr'><strong>potest,</strong></span> <span class='ocrx_word' id='word_1_849' title='bbox 2591 4963 2737 5033; x_wconf 82' lang='lat' dir='ltr'><strong>quod</strong></span> <span class='ocrx_word' id='word_1_850' title='bbox 2799 4973 3106 5034; x_wconf 66' lang='lat' dir='ltr'><strong>praeceptor</strong></span> <span class='ocrx_word' id='word_1_851' title='bbox 3148 4961 3383 5031; x_wconf 88' lang='lat' dir='ltr'><strong>(noster)</strong></span> <span class='ocrx_word' id='word_1_852' title='bbox 3433 4961 3489 5015; x_wconf 91' lang='lat' dir='ltr'><strong>in</strong></span> <span class='ocrx_word' id='word_1_853' title='bbox 3544 4962 3657 5015; x_wconf 77' lang='lat' dir='ltr'><strong>vita</strong></span> 
     </span>
    </p>
   </div>
   <div class='ocr_carea' id='block_1_110' title="bbox 2081 5051 3657 5125">
    <p class='ocr_par' dir='ltr' id='par_1_110' title="bbox 2081 5051 3657 5125">
     <span class='ocr_line' id='line_1_110' title="bbox 2081 5051 3657 5125; baseline -0.001 -18"><span class='ocrx_word' id='word_1_854' title='bbox 2081 5055 2146 5107; x_wconf 89' lang='lat' dir='ltr'><strong>ad</strong></span> <span class='ocrx_word' id='word_1_855' title='bbox 2190 5070 2304 5109; x_wconf 89' lang='lat' dir='ltr'><strong>rem</strong></span> <span class='ocrx_word' id='word_1_856' title='bbox 2356 5054 2598 5125; x_wconf 90' lang='lat' dir='ltr'><strong>aliquam</strong></span> <span class='ocrx_word' id='word_1_857' title='bbox 2631 5070 2821 5110; x_wconf 90' lang='lat' dir='ltr'><strong>earum</strong></span> <span class='ocrx_word' id='word_1_858' title='bbox 2863 5071 2987 5124; x_wconf 75' lang='lat' dir='ltr'><strong>qme</strong></span> <span class='ocrx_word' id='word_1_859' title='bbox 3028 5070 3125 5123; x_wconf 93' lang='lat' dir='ltr'><strong>per</strong></span> <span class='ocrx_word' id='word_1_860' title='bbox 3187 5053 3334 5109; x_wconf 86' lang='lat' dir='ltr'><strong>hunc</strong></span> <span class='ocrx_word' id='word_1_861' title='bbox 3391 5051 3657 5107; x_wconf 88' lang='lat' dir='ltr'><strong>mundum</strong></span> 
     </span>
    </p>
   </div>
   <div class='ocr_carea' id='block_1_111' title="bbox 2080 5142 3659 5214">
    <p class='ocr_par' dir='ltr' id='par_1_111' title="bbox 2080 5142 3659 5214">
     <span class='ocr_line' id='line_1_111' title="bbox 2080 5142 3659 5214; baseline -0.001 -16"><span class='ocrx_word' id='word_1_862' title='bbox 2080 5152 2443 5214; x_wconf 81' lang='lat' dir='ltr'><strong>expetuntur,</strong></span> <span class='ocrx_word' id='word_1_863' title='bbox 2495 5159 2797 5214; x_wconf 88' lang='lat' dir='ltr'><strong>propensus</strong></span> <span class='ocrx_word' id='word_1_864' title='bbox 2840 5152 2894 5198; x_wconf 93' lang='lat' dir='ltr'><strong>et</strong></span> <span class='ocrx_word' id='word_1_865' title='bbox 2924 5145 3227 5199; x_wconf 88' lang='lat' dir='ltr'><strong>inclinatus</strong></span> <span class='ocrx_word' id='word_1_866' title='bbox 3272 5150 3459 5209; x_wconf 87' lang='lat' dir='ltr'><strong>esset,</strong></span> <span class='ocrx_word' id='word_1_867' title='bbox 3494 5153 3554 5195; x_wconf 91' lang='lat' dir='ltr'><strong>ut</strong></span> <span class='ocrx_word' id='word_1_868' title='bbox 3589 5142 3659 5197; x_wconf 87' lang='lat' dir='ltr'><strong>ad</strong></span> 
     </span>
    </p>
   </div>
   <div class='ocr_carea' id='block_1_112' title="bbox 2082 5231 3659 5305">
    <p class='ocr_par' dir='ltr' id='par_1_112' title="bbox 2082 5231 3659 5305">
     <span class='ocr_line' id='line_1_112' title="bbox 2082 5231 3659 5305; baseline -0.001 -16"><span class='ocrx_word' id='word_1_869' title='bbox 2082 5234 2302 5289; x_wconf 68' lang='lat' dir='ltr'><strong>divitias</strong></span> <span class='ocrx_word' id='word_1_870' title='bbox 2355 5242 2411 5289; x_wconf 90' lang='lat' dir='ltr'><strong>et</strong></span> <span class='ocrx_word' id='word_1_871' title='bbox 2446 5235 2783 5305; x_wconf 88' lang='lat' dir='ltr'><strong>potentiam,</strong></span> <span class='ocrx_word' id='word_1_872' title='bbox 2828 5242 2924 5287; x_wconf 87' lang='lat' dir='ltr'><strong>aut</strong></span> <span class='ocrx_word' id='word_1_873' title='bbox 2968 5249 3124 5288; x_wconf 65' lang='lat' dir='ltr'><strong>vana:</strong></span> <span class='ocrx_word' id='word_1_874' title='bbox 3172 5233 3364 5304; x_wconf 63' lang='lat' dir='ltr'><strong>gloriae</strong></span> <span class='ocrx_word' id='word_1_875' title='bbox 3410 5231 3659 5288; x_wconf 88' lang='lat' dir='ltr'><strong>studium</strong></span> 
     </span>
    </p>
   </div>
   <div class='ocr_carea' id='block_1_113' title="bbox 2087 5308 3663 5397">
    <p class='ocr_par' dir='ltr' id='par_1_113' title="bbox 2087 5308 3663 5397">
     <span class='ocr_line' id='line_1_113' title="bbox 2087 5308 3663 5397; baseline -0.001 -18"><span class='ocrx_word' id='word_1_876' title='bbox 2087 5327 2284 5397; x_wconf 84' lang='lat' dir='ltr'><strong>(magis</strong></span> <span class='ocrx_word' id='word_1_877' title='bbox 2323 5328 2467 5380; x_wconf 89' lang='lat' dir='ltr'><strong>enim</strong></span> <span class='ocrx_word' id='word_1_878' title='bbox 2506 5326 2740 5382; x_wconf 85' lang='lat' dir='ltr'><strong>serviles</strong></span> <span class='ocrx_word' id='word_1_879' title='bbox 2773 5325 2828 5381; x_wconf 92' lang='lat' dir='ltr'><strong>in</strong></span> <span class='ocrx_word' id='word_1_880' title='bbox 2868 5308 2947 5381; x_wconf 86' lang='lat' dir='ltr'><strong>eo</strong></span> <span class='ocrx_word' id='word_1_881' title='bbox 2976 5326 3286 5397; x_wconf 81' lang='lat' dir='ltr'><strong>voluptates</strong></span> <span class='ocrx_word' id='word_1_882' title='bbox 3319 5341 3387 5381; x_wconf 90' lang='lat' dir='ltr'><strong>ne</strong></span> <span class='ocrx_word' id='word_1_883' title='bbox 3417 5340 3663 5379; x_wconf 83' lang='lat' dir='ltr'><strong>comme-</strong></span> 
     </span>
    </p>
   </div>
   <div class='ocr_carea' id='block_1_114' title="bbox 2086 5416 3660 5487">
    <p class='ocr_par' dir='ltr' id='par_1_114' title="bbox 2086 5416 3660 5487">
     <span class='ocr_line' id='line_1_114' title="bbox 2086 5416 3660 5487; baseline -0.001 -17"><span class='ocrx_word' id='word_1_884' title='bbox 2086 5432 2302 5471; x_wconf 87' lang='lat' dir='ltr'><strong>morare</strong></span> <span class='ocrx_word' id='word_1_885' title='bbox 2333 5416 2553 5487; x_wconf 88' lang='lat' dir='ltr'><strong>quidem</strong></span> <span class='ocrx_word' id='word_1_886' title='bbox 2600 5434 2819 5487; x_wconf 61' lang='lat' dir='ltr'><strong>aequum</strong></span> <span class='ocrx_word' id='word_1_887' title='bbox 2854 5434 3000 5481; x_wconf 90' lang='lat' dir='ltr'><strong>esse,</strong></span> <span class='ocrx_word' id='word_1_888' title='bbox 3050 5424 3487 5473; x_wconf 90' lang='lat' dir='ltr'><strong>consentaneum</strong></span> <span class='ocrx_word' id='word_1_889' title='bbox 3528 5420 3660 5483; x_wconf 86' lang='lat' dir='ltr'><strong>est),</strong></span> 
     </span>
    </p>
   </div>
   <div class='ocr_carea' id='block_1_115' title="bbox 2086 5505 3661 5579">
    <p class='ocr_par' dir='ltr' id='par_1_115' title="bbox 2086 5505 3661 5579">
     <span class='ocr_line' id='line_1_115' title="bbox 2086 5505 3661 5579; baseline -0.001 -18"><span class='ocrx_word' id='word_1_890' title='bbox 2086 5523 2477 5578; x_wconf 86' lang='lat' dir='ltr'><strong>quamcunque</strong></span> <span class='ocrx_word' id='word_1_891' title='bbox 2509 5508 2702 5562; x_wconf 88' lang='lat' dir='ltr'><strong>harum</strong></span> <span class='ocrx_word' id='word_1_892' title='bbox 2748 5524 2930 5563; x_wconf 88' lang='lat' dir='ltr'><strong>rerum</strong></span> <span class='ocrx_word' id='word_1_893' title='bbox 2958 5510 3239 5579; x_wconf 82' lang='lat' dir='ltr'><strong>expetisse</strong></span> <span class='ocrx_word' id='word_1_894' title='bbox 3285 5505 3661 5578; x_wconf 81' lang='lat' dir='ltr'><strong>deprehende-</strong></span> 
     </span>
    </p>
   </div>
   <div class='ocr_carea' id='block_1_116' title="bbox 2088 5597 3658 5666">
    <p class='ocr_par' dir='ltr' id='par_1_116' title="bbox 2088 5597 3658 5666">
     <span class='ocr_line' id='line_1_116' title="bbox 2088 5597 3658 5666; baseline -0.002 -13"><span class='ocrx_word' id='word_1_895' title='bbox 2088 5610 2213 5666; x_wconf 93' lang='lat' dir='ltr'><strong>tur,</strong></span> <span class='ocrx_word' id='word_1_896' title='bbox 2246 5616 2309 5654; x_wconf 89' lang='lat' dir='ltr'><strong>ea</strong></span> <span class='ocrx_word' id='word_1_897' title='bbox 2343 5601 2527 5657; x_wconf 85' lang='lat' dir='ltr'><strong>dicere</strong></span> <span class='ocrx_word' id='word_1_898' title='bbox 2570 5617 2627 5656; x_wconf 91' lang='lat' dir='ltr'><strong>rc</strong></span> <span class='ocrx_word' id='word_1_899' title='bbox 2658 5600 2917 5655; x_wconf 87' lang='lat' dir='ltr'><strong>convenit</strong></span> <span class='ocrx_word' id='word_1_900' title='bbox 2959 5600 3205 5654; x_wconf 90' lang='lat' dir='ltr'><strong>imminui</strong></span> <span class='ocrx_word' id='word_1_901' title='bbox 3251 5597 3472 5652; x_wconf 90' lang='lat' dir='ltr'><strong>modum</strong></span> <span class='ocrx_word' id='word_1_902' title='bbox 3528 5612 3658 5665; x_wconf 76' lang='lat' dir='ltr'><strong>erga</strong></span> 
     </span>
    </p>
   </div>
   <div class='ocr_carea' id='block_1_117' title="bbox 2099 5686 3667 5763">
    <p class='ocr_par' dir='ltr' id='par_1_117' title="bbox 2099 5686 3667 5763">
     <span class='ocr_line' id='line_1_117' title="bbox 2099 5686 3667 5763; baseline -0.002 -19"><span class='ocrx_word' id='word_1_903' title='bbox 2099 5690 2266 5745; x_wconf 77' lang='lat' dir='ltr'><strong>licum</strong></span> <span class='ocrx_word' id='word_1_904' title='bbox 2306 5692 2619 5747; x_wconf 89' lang='lat' dir='ltr'><strong>dilectionis</strong></span> <span class='ocrx_word' id='word_1_905' title='bbox 2643 5728 2657 5755; x_wconf 94' lang='lat'><strong>,</strong></span> <span class='ocrx_word' id='word_1_906' title='bbox 2693 5691 2838 5761; x_wconf 88' lang='lat' dir='ltr'><strong>quod</strong></span> <span class='ocrx_word' id='word_1_907' title='bbox 2875 5690 2995 5757; x_wconf 88' lang='lat' dir='ltr'><strong>ejus</strong></span> <span class='ocrx_word' id='word_1_908' title='bbox 3024 5689 3239 5746; x_wconf 76' lang='lat' dir='ltr'><strong>aﬁcctio</strong></span> <span class='ocrx_word' id='word_1_909' title='bbox 3285 5686 3604 5757; x_wconf 82' lang='lat' dir='ltr'><strong>cupiditatis</strong></span> <span class='ocrx_word' id='word_1_910' title='bbox 3626 5700 3667 5763; x_wconf 20' lang='grc' dir='ltr'><strong>εἰ</strong></span> 
     </span>
    </p>
   </div>
  </div>
