4132 6356
517 281 625 351 799

1767 299 1826 355 S.
1850 297 2178 358 GREGOBII
2210 301 2503 360 NYSSENI

3668 302 3779 364 800

518 403 632 456 Deo
676 399 742 459 ad
781 419 870 460 res
897 403 1211 462 materialcs
1242 402 1496 462 traducta
1540 414 1711 464 esset.
1747 409 1847 465 Sin
1901 417 2082 467 autem

2199 413 2344 488 ζωὴν
2396 415 2742 490 ἐκκαθαίρων
2790 416 2867 490 τῷ
2916 435 2975 471 τε
3020 417 3314 491 διδακτικῷ
3352 419 3496 490 λόγῳ
3556 418 3651 474 καὶ
3696 417 3777 490 τῷ

518 495 713 549 harum
747 502 800 550 et
832 495 1105 566 ejusmodi
1136 511 1318 552 rerum
1348 498 1609 554 inimicus
1641 508 1698 554 et
1728 499 1907 555 hostis
1931 511 2048 558 erat
2072 543 2090 571 ,

515 587 665 656 quod
701 585 855 658 prius
881 587 1106 658 quidem
1143 603 1174 644 e
1214 587 1323 642 vita
1355 603 1456 642 sua
1490 603 1707 643 omnem
1753 589 2012 645 vitiosum
2037 603 2092 648 et

518 676 736 732 mollem
794 677 941 733 circa
983 677 1084 734 has
1140 693 1231 734 res
1268 676 1520 734 all‘ectum
1573 681 1796 749 ejiceret
1826 721 1843 745 ,
1896 682 2092 739 deinde

517 783 862 825 communem
887 784 1106 841 quoque
1134 769 1301 826 vitam
1323 811 1338 835 ,
1372 778 1487 826 tum
1512 787 1768 828 sermone
1796 773 2088 841 doctrinm,

519 872 630 915 tum
657 876 758 917 suo
781 864 1031 932 exemplo
1059 871 1426 936 expurgaret:
1467 865 1820 936 perspicuum
1877 865 2047 922 fuerit
2070 906 2087 933 ,

517 951 662 1019 quod
696 951 846 1005 illum
879 968 1005 1025 erga
1046 952 1214 1010 Deum
1237 955 1552 1011 dilectionis
1606 957 1830 1012 modum
1863 957 1916 1013 in
1967 974 2090 1015 sese

519 1042 782 1108 habebat,
817 1059 928 1115 quo
980 1047 1218 1116 amplius
1275 1057 1471 1103 natura
1533 1065 1642 1104 non
1678 1050 1949 1121 capiebat.
1985 1050 2087 1118 Qui

508 1134 662 1188 enim
724 1151 792 1190 ex
853 1144 970 1191 toto
1025 1138 1230 1204 corde,
1273 1147 1326 1195 et
1385 1155 1452 1196 ex
1515 1149 1626 1196 tota
1686 1143 1868 1196 anima
1925 1152 2090 1213 atque

511 1231 697 1281 mente
729 1225 898 1282 Deum
933 1225 1148 1301 dlligit,
1191 1231 1285 1301 qui
1325 1232 1499 1302 possit
1542 1231 1608 1286 ad
1656 1233 1922 1304 majorem
1951 1235 2087 1289 dile-

515 1315 716 1374 ctionis
747 1321 991 1385 modum,
1021 1323 1114 1392 qui
1152 1323 1330 1379 locum
1357 1340 1467 1379 non
1499 1324 1722 1388 haheat,
1748 1327 2086 1382 contendere

515 1418 678 1480 atque
711 1411 891 1466 eniti?
918 1411 1155 1468 Proinde
1187 1414 1231 1470 si
1265 1430 1436 1470 unum
1485 1414 1746 1487 perfecta:
1798 1415 2085 1472 charitatis

514 1511 679 1571 atque
699 1501 1011 1559 dilectionis
1038 1505 1335 1562 terminum
1364 1522 1490 1563 esse
1520 1507 1816 1564 didicimus
1843 1547 1859 1572 ,
1890 1523 2086 1578 nempe

512 1607 637 1646 eum
659 1633 674 1657 ,
707 1592 799 1663 qui
847 1611 914 1650 ex
953 1603 1072 1651 toto
1104 1597 1268 1653 corde
1304 1597 1413 1653 Deo
1443 1597 1660 1654 dicatus
1692 1607 1747 1654 et
1792 1613 2086 1654 consecra-

513 1687 602 1735 tus
656 1681 776 1736 sit:
835 1697 899 1737 ac
935 1683 1238 1755 diligebant
1297 1685 1498 1743 Paulus
1557 1695 1614 1742 ct
1679 1687 1914 1744 Basilius
1968 1695 2084 1744 toto

2195 507 2317 559 καθ’
2347 504 2539 560 ἐαυτὸν
2581 507 2970 579 ὑποδείγματι⁶
3001 508 3160 578 δῆλον
3207 509 3276 563 ἂν
3325 511 3409 580 εἴη
3434 553 3448 574 ,
3474 509 3553 563 ὅτι
3601 512 3777 562 ἐκεῖνο

2193 596 2292 667 τῆς
2317 597 2451 668 πρὸς
2473 597 2565 652 τὸν
2593 599 2726 654 Θεὸν
2752 600 2972 671 ἀγάπης
3000 601 3060 654 τὺ
3091 601 3287 675 μέτρον
3315 597 3461 673 εἶχεν
3493 603 3550 655 ἐν
3574 600 3772 670 ἐαυτῷ,

2191 682 2252 741 οὗ
2273 687 2334 740 τὸ
2362 687 2522 743 πλέον
2547 691 2646 743 οὐκ
2679 691 2872 762 ἐχώρει
2906 693 2940 762 η
2965 690 3145 761 φύσις.
3174 693 3234 746 '0
3264 693 3373 765 γάρ
3403 694 3463 758 ἐξ
3487 694 3616 764 ὅλης
3647 709 3774 764 καρ-

2191 776 2309 842 δίας
2347 794 2408 832 τε
2447 781 2540 834 καὶ⁹
2587 780 2762 852 ψυχῆς
2802 781 2897 835 καὶ
2928 782 3162 845 διανοίας
3201 783 3292 837 τὸν
3337 783 3471 837 Θεὸν
3519 782 3770 852 ἀγαπῶν,

2192 866 2311 933 πῶς
2343 869 2408 924 ἀν
2437 871 2752 944 ὑπερτιθείη
2785 874 2923 943 πρὸς
2961 874 3021 928 τὸ
3066 875 3226 928 πλέον
3277 876 3375 945 τῆς
3408 875 3629 946 ἀγάπης
3673 875 3772 947 μέ-

2189 972 2336 1026 τρον,
2370 958 2399 1011 6
2428 959 2608 1030 χώραν
2635 960 2734 1014 ούκ
2767 959 2879 1032 ἔχει
2907 977 2921 1024 ς
2957 962 3166 1016 Οὐκοῦν
3210 963 3259 1016 εἰ
3291 964 3386 1016 ἐνα
3431 964 3531 1033 τῆς
3563 961 3774 1028 τελείας

2190 1046 2410 1117 ἀγάπης
2433 1047 2557 1120 ὅρον
2585 1048 2881 1120 ἐμάθομεν,
2913 1049 3004 1102 τὸν
3053 1047 3113 1114 ἐξ
3141 1049 3272 1120 ὅλης
3306 1049 3534 1121 καρδίας
3561 1049 3640 1121 τῷ
3655 1048 3773 1119 Θεῷ

2190 1137 2580 1208 ἀνακείμενον,
2623 1140 2854 1209 ἠγάπων
2890 1139 2948 1192 δὲ
2985 1139 3200 1204 Παῦλος
3257 1141 3349 1194 καὶ
3393 1141 3671 1203 Βασίλειος
3715 1141 3772 1192 ἐν)

2189 1227 2284 1298 ὅλῃ
2316 1228 2508 1300 καρδίᾳ
2528 1229 2606 1301 τῷ
2631 1229 2751 1301 Θεῷ
2780 1230 3125 1301 ἀνακείμενοι
3150 1272 3164 1296 ,
3196 1231 3253 1285 ἓν
3279 1231 3476 1300 μέτρον
3505 1226 3644 1283 εἶναι
3671 1232 3772 1301 τῆς

2188 1316 2410 1389 ἀγάπης
2441 1317 2500 1370 ἐν
2534 1319 2864 1390 ἀμφοτέροις
2895 1322 3070 1373 εἰπεῖν
3097 1337 3180 1384 τις
3225 1320 3500 1389 τολμήσας
3527 1360 3542 1382 ,
3573 1321 3674 1372 οὐκ
3703 1322 3770 1373 ἂν

2190 1407 2424 1479 ἁμάρτοι
2462 1409 2562 1480 τῆς
2584 1409 2862 1480 ἀληθείας.
2911 1410 3071 1464 Ἀλλά
3106 1411 3210 1482 μὴν
3236 1411 3456 1464 πάντων
3492 1410 3598 1462 τῶν
3630 1411 3771 1478 ἀγα-

2188 1495 2295 1549 θῶν
2319 1496 2538 1566 μείζονα
2566 1497 2664 1568 τὴν
2691 1497 2912 1569 ἀγάπην
2956 1499 2985 1552 ὃ
3015 1515 3075 1550 τε
3114 1499 3434 1562 ’Δπόστολος
3461 1498 3605 1567 λέγει
3628 1537 3644 1563 ,
3676 1501 3772 1552 καὶ

2185 1587 2507 1660 ἐπιψηφίζει
2541 1589 2602 1642 τὸ
2628 1589 2832 1660 ὑψηλὸν
2859 1591 3209 1659 Εὑαγγὲλιον.
3248 1591 3308 1644 '0
3338 1591 3436 1662 μὲν
3475 1587 3568 1644 οὖν
3608 1593 3770 1644 Ἀπὸο

2187 1680 2374 1744 στολος
2407 1681 2743 1751 προφητείας
2768 1681 2938 1753 αὐτὴν
2971 1682 3066 1734 καὶ
3087 1681 3342 1750 γνώσεως
3369 1682 3773 1753 προτιμοτέραν

509 1760 677 1825 corde
708 1769 820 1826 Deo
848 1771 1013 1828 dicati
1049 1782 1214 1845 atque
1246 1776 1452 1831 addicti
1488 1777 1575 1832 :si
1616 1778 1743 1848 quis
1793 1778 1941 1832 ausit
2001 1778 2082 1832 di-

2185 1771 2378 1840 λέγων,
2417 1774 2652 1834 πίστεως
2681 1770 2736 1824 δὲ
2770 1771 3119 1844 παγιωτέραν
3145 1811 3159 1838 ,
3185 1771 3280 1824 καὶ
3305 1771 3521 1834 ἐλπίδος
3551 1772 3774 1843 διαρκε-

509 1876 672 1925 cere,
723 1863 869 1932 quod
927 1880 1072 1920 unus
1133 1873 1282 1922 esset
1337 1868 1393 1922 in
1435 1869 1704 1925 ambobus
1768 1869 2082 1924 dilectionis

509 1953 707 2010 modus
741 1964 905 2028 atque
932 1972 1216 2024 mensura,
1259 1973 1291 2013 ιι
1339 1960 1573 2016 veritate
1633 1977 1742 2016 non
1780 1963 2080 2018 aberrabit.

511 2039 801 2098 Enimvero
835 2044 986 2115 quod
1037 2046 1282 2104 cbaritas
1316 2057 1482 2118 atque
1513 2047 1739 2105 dilectio
1793 2051 1969 2120 major
2012 2053 2084 2108 sit

503 2133 761 2189 omnibus
784 2136 944 2191 bonis
965 2176 982 2202 ,
1014 2152 1138 2191 cum
1166 2137 1462 2207 Apostolus
1485 2139 1623 2194 dicit
1646 2139 1668 2171 ⁸
1689 2179 1705 2204 ,
1751 2147 1867 2194 ιιιιη
1905 2141 2083 2196 subli-—

509 2223 614 2278 mis
663 2223 941 2296 Evangelii
1001 2227 1254 2284 doctrina
1314 2231 1636 2300 comprobat
1666 2240 1837 2302 atque
1881 2232 2082 2286 contir-

509 2324 641 2370 mat.
671 2312 739 2370 Et
765 2317 1065 2387 Apostolus
1119 2320 1343 2391 quidem
1377 2322 1664 2393 prophetia
1696 2330 1862 2393 atque
1899 2323 2079 2380 scieno

507 2405 587 2461 tia
622 2409 1062 2478 praestantiorem
1093 2426 1160 2467 ac
1188 2412 1582 2478 praeferendam
1625 2429 1744 2470 eam
1772 2431 1897 2472 esse
1923 2415 2080 2482 dicit,

509 2497 781 2556 [ide-vero
829 2503 1145 2559 solidiorem
1178 2503 1624 2576 ﬁrmioremque.
1658 2512 1713 2562 et
1761 2521 1858 2578 spe
1916 2505 2083 2562 dura-

503 2591 756 2648 biliorem
781 2593 1068 2666 magisque
1097 2594 1458 2652 sancientem
1493 2637 1509 2665 ,
1537 2605 1594 2653 et
1636 2613 1856 2670 semper
1884 2599 1941 2655 in
1981 2614 2079 2656 eo-

503 2684 627 2740 dem
662 2693 808 2742 statu
843 2693 1251 2758 permanentem
1275 2728 1292 2755 ,
1351 2689 1473 2745 sine
1497 2706 1606 2761 qua
1653 2690 1922 2764 quidquid
1978 2707 2082 2763 pro

505 2778 651 2833 bono
673 2787 1024 2850 exspectatur
1055 2821 1071 2848 ,
1113 2781 1312 2838 inutile
1341 2781 1482 2837 sit”:
1535 2782 1802 2839 Dominus
1852 2793 2036 2840 autem
2059 2823 2077 2849 ,

495 2883 721 2925 omnem
768 2871 937 2942 legem
990 2879 1045 2928 et
1079 2872 1264 2928 omnia
1326 2875 1586 2948 mysteria
1634 2873 1954 2945 prophetica
2011 2889 2080 2930 ex

504 2960 613 3015 hoc
641 2959 789 3015 dono
825 2962 1064 3032 pendere
1115 2963 1353 3020 dicens“
1377 3004 1392 3029 ,
1451 2965 1776 3021 cbaritatem
1832 2965 2079 3021 omnium

505 3048 775 3103 bonorum
810 3051 1018 3121 primas
1070 3061 1262 3110 tenere
1315 3053 1482 3110 etiam
1539 3057 1658 3124 ipse
1701 3055 1968 3110 censet".
2019 3054 2078 3110 Si

2184 1863 2380 1935 στέραν
2402 1902 2418 1926 ,
2451 1864 2546 1918 καὶ
2590 1863 2819 1917 πάντοτε
2852 1867 2909 1916 ἐν
2932 1863 3012 1934 τῷ
3067 1861 3215 1932 αύτῷ
3257 1861 3614 1931 διαμένουσαν
3642 1901 3658 1924 ,
3699 1857 3770 1934 ἧς

2183 1954 2312 2010 ἀνευ
2360 1955 2618 2026 ἀνόνητον
2651 1953 2789 2009 εἶναι
2840 1957 2948 2009 πᾶν
2996 1955 3058 2008 τὸ
3090 1954 3177 2007 ἐπ’
3210 1953 3418 2023 ἀγαθοῦ
3466 1952 3762 2015 σπουδαζό-

2186 2061 2378 2112 μενοψ
2411 2047 2439 2099 6
2469 2046 2525 2098 δὲ
2559 2045 2765 2116 Κύριος
2807 2047 2985 2100 πάντα
3012 2047 3175 2116 νόμον
3194 2084 3210 2110 ,
3243 2046 3342 2099 καὶ
3369 2045 3548 2098 πάντα
3573 2043 3640 2098 τά
3666 2061 3765 2115 μυ⁹

2184 2135 2382 2206 στήρια
2421 2135 2489 2188 τά
2540 2135 2856 2207 προφητικά
2905 2135 3000 2189 τοῦ
3063 2136 3306 2196 τοιούτου
3371 2135 3618 2202 ἐξάπτων
3669 2151 3767 2204 χαο

2185 2227 2449 2300 ρίσματος
2469 2267 2485 2292 ,
2517 2230 2735 2282 πάντων
2767 2227 3069 2299 πρωτεύειν
3093 2227 3194 2299 τὴν
3227 2227 3447 2298 ἀγάπην
3481 2227 3576 2281 καὶ
3599 2227 3762 2291 αὐτὸς

2181 2319 2556 2388 ἀποφαίνεται.
2579 2321 2641 2372 Et
2669 2315 2762 2373 οὖν
2791 2321 2850 2372 ἐν
2872 2318 2950 2391 τῷ
2973 2320 3290 2389 ύπρέχοντι
3319 2320 3413 2372 καὶ
3449 2319 3765 2389 περιληπτι-

2181 2409 2263 2481 κῷ
2289 2409 2398 2464 τῶν
2431 2410 2877 2482 κατορθωμάτων
2919 2411 3021 2465 οὐκ
3067 2409 3420 2465 ἀπολείπεται
3452 2409 3549 2464 τοῦ
3599 2411 3762 2480 μεγά-

2179 2502 2273 2557 λου
2308 2502 2521 2558 Παύλου
2547 2520 2561 2533 °
2589 2505 2699 2574 ἀρα
2753 2503 2847 2556 καὶ
2895 2504 2954 2556 ἐν
3005 2505 3116 2566 τοῖς
3159 2501 3337 2567 ἄλλοις
3389 2503 3558 2556 πᾶσιν
3579 2542 3595 2567 ,
3627 2495 3703 2556 ὧν
3732 2503 3766 2571 ή

2180 2593 2368 2666 ἀγάπη
2418 2593 2774 2664 καθηγεῖται,
2822 2593 2918 2648 καὶ
2954 2594 3056 2648 ὅσα
3107 2595 3172 2648 ἐκ
3223 2593 3426 2665 ταύτης
3475 2593 3763 2662 ἐκφύεται,

2181 2688 2397 2752 πάντως
2419 2687 2519 2741 οὐκ
2549 2686 2769 2741 ἔλαττον
2794 2685 2931 2758 ἔχων
2957 2687 3383 2759 ἀναφανήσεται.
3428 2686 3642 2758 Ὥσπερ
3658 2686 3766 2756 γάρ

2179 2779 2210 2832 6
2234 2778 2334 2849 τῆς
2359 2777 2707 2850 ἀνθρωπίνης
2736 2777 2952 2847 φύσεως
2985 2778 3226 2850 μετέχων
3251 2816 3268 2840 ,
3320 2778 3378 2830 ἐν
3425 2776 3596 2830 πᾶσίν
3643 2779 3762 2830 ἐστι

2177 2873 2292 2934 τοῖς
2338 2871 2440 2942 τῆς
2470 2871 2686 2941 φύσεως
2719 2870 3002 2940 ἰδιώμασιν
3024 2883 3040 2900 ⁶
3071 2868 3246 2933 οὕτως
3285 2869 3381 2924 καὶ
3411 2870 3441 2923 6
3473 2867 3532 2922 τὸ
3559 2867 3763 2922 τέλειον

2178 2963 2277 3034 τῆς
2302 2962 2522 3034 ἀγάπης
2560 2963 2620 3017 ἐν
2648 2961 2825 3033 ἐαυτῷ
2865 2959 3215 3032 κατορθώσας
3237 3002 3253 3028 ,
3299 2961 3477 3015 πάντα
3505 2961 3606 3014 ὅσα
3641 2976 3758 3013 συν-

2179 3050 2463 3123 θεωρεϊται
2487 3052 2662 3125 ταύτῃ
2693 3050 2802 3105 τῶν
2841 3051 3061 3120 ἀγαθῶν
3085 3051 3222 3123 εῐδη,
3261 3051 3398 3124 μετά
3419 3049 3512 3104 τοῦ
3548 3067 3763 3121 πρωτο-

503 3140 673 3212 igitur
699 3141 754 3197 in
779 3157 847 3198 eo
876 3145 1022 3214 quod
1086 3145 1232 3201 inter
1259 3161 1346 3202 res
1394 3147 1689 3217 praeclaras
1739 3151 1796 3200 et
1843 3146 2077 3203 eximias

2183 3114 2350 3196 τύπου
2393 3141 2502 3196 τῶν
2557 3114 2997 3214 κατορθωμάτων
3043 3114 3361 3214 ἔχειίνιξίτε
3409 3142 3516 3215 γάρ
3578 3114 3761 3203 πίστις

497 3231 710 3288 eminet
761 3241 928 3304 atque
983 3236 1254 3300 excellit,
1312 3251 1377 3290 ac
1417 3237 1660 3306 reliquas
1711 3237 2080 3308 comprehen-

502 3320 668 3377 dendi
697 3323 805 3378 vim
845 3323 1042 3390 habet,
1081 3323 1252 3380 Paulo
1297 3342 1406 3382 non
1458 3326 1686 3382 inferior
1739 3336 1870 3383 est:
1918 3328 2081 3382 nimi-

504 3428 626 3468 rum
653 3415 904 3471 etiamin
931 3417 1055 3474 aliis
1087 3419 1346 3474 omnibus
1404 3419 1601 3484 bonis,
1663 3434 1899 3488 quorum
1951 3418 2083 3474 cha-

503 3505 640 3562 ritas
664 3506 870 3576 primas
903 3515 1084 3573 tenet,
1114 3523 1177 3562 ac
1203 3523 1562 3580 quaecumque
1591 3523 1660 3566 ex
1709 3509 1816 3564 hac
1845 3509 2082 3579 pendent

503 3603 560 3650 et
585 3595 886 3662 exsistunt,
915 3599 1144 3654 omnino
1171 3600 1510 3670 posteriores
1533 3606 1718 3670 partes
1735 3597 1880 3655 ferre
1905 3607 1961 3655 et
1991 3599 2080 3654 in-

2179 3234 2328 3288 ἐστὶν
2371 3234 2406 3305 ἡ
2455 3232 2732 3299 σώζουσα,
2765 3235 2874 3286 εἴτε
2931 3233 3022 3288 διά
3062 3234 3162 3304 τῆς
3203 3233 3418 3297 ἐλπίδος
3455 3231 3760 3304 σωζόμεθα,

2178 3325 2291 3387 εἴτε
2320 3325 2389 3379 δι’
2417 3324 2696 3395 ὑπομονῆς
2726 3324 2826 3396 τὴν
2853 3323 3013 3397 χάριν
3048 3323 3481 3396 ἀπεκδεχόμεθα,
3512 3325 3547 3394 ἠ
3571 3323 3761 3392 ἀγάπη

2175 3417 2356 3470 πάντα
2383 3416 2645 3481 πιστεύει,
2673 3415 2768 3469 καὶ
2798 3415 2976 3470 πάντα
3012 3415 3260 3479 ἐλπίζει,
3291 3415 3386 3468 καὶ
3412 3414 3590 3468 πάντα
3625 3414 3760 3468 ὐπο-

2182 3507 2357 3569 ιιένει.
2375 3505 2558 3572 καθώς
2581 3523 2744 3577 φησιν
2769 3507 2798 3559 6
2822 3505 3162 3570 Ἀπόστολος.
3179 3506 3289 3559 Καὶ
3311 3505 3383 3558 τά
3407 3505 3541 3560 ἄλλα
3561 3505 3761 3567 πάντα,

2179 3598 2266 3652 ἵνα
2303 3599 2378 3670 μὴ
2405 3598 2475 3653 τά
2521 3597 2646 3652 καθ’
2674 3598 2903 3651 ἕκαστον
2941 3597 3191 3666 λέγοντες
3229 3595 3590 3668 διατρίϐωμεν
3613 3634 3629 3660 ,
3661 3595 3762 3665 τῆς

506 3683 676 3740 terior
701 3701 827 3741 esse
879 3702 988 3741 non
1018 3688 1318 3744 videbitur.
1344 3689 1815 3756 Quemadmodum
1846 3689 1992 3744 enim
2032 3690 2080 3745 is

2183 3688 2320 3755 κατά
2365 3687 2462 3759 την
2497 3687 2716 3757 ἀγάπην
2752 3684 2909 3757 ῥίζης
2945 3685 3232 3757 βλάστημα
3259 3685 3501 3754 γίνεται,
3535 3686 3635 3738 ὅσα
3683 3683 3762 3753 τῷ

507 3773 598 3840 qui
636 3773 885 3830 humana:
913 3785 1121 3832 natura:
1149 3777 1424 3848 particeps
1455 3786 1560 3842 est,
1589 3793 1781 3835 omnes
1819 3779 2077 3834 humana:

2183 3780 2278 3849 τῆς
2324 3777 2527 3850 ἀρετῆς
2580 3779 2724 3847 λόγῳ
2775 3777 3138 3842 σπουδάζεται
3162 3794 3181 3811 ο
3235 3776 3376 3832 ὥστε
3421 3775 3513 3830 τὸν
3556 3775 3762 3846 ταύτην

507 3874 718 3921 natum
747 3867 1110 3938 proprietates
1145 3869 1354 3926 habet:
1392 3870 1470 3924 ita
1517 3871 1687 3925 etiam
1736 3871 1785 3926 is
1825 3871 1917 3942 qui
1952 3885 2079 3942 per-

2183 3868 2366 3939 Εχοντα
2386 3908 2401 3932 ,
2436 3866 2658 3938 μηδενὸς
2687 3867 2880 3932 ἐνδεῶς
2917 3867 3063 3939 ἔχειν
3098 3867 3206 3921 τῶν
3230 3867 3424 3924 ἀλλων.

501 3953 705 4010 lectam
747 3956 1069 4013 charitatem
1117 3958 1174 4013 iu
1210 3973 1332 4014 sese
1393 3957 1632 4015 confecit
1678 3968 1732 4015 et
1775 3967 2062 4017 assecutus
2123 3965 2208 4014 est
2240 3997 2255 4021 ,
2311 3971 2504 4012 omnes
2555 3972 2901 4028 quacunque
2936 3973 3048 4013 una
3107 3972 3233 4012 cum
3275 3959 3378 4014 hac
3442 3965 3761 4028 spectantur

495 4051 560 4101 et
623 4046 1214 4116 comprehenduntur,
1264 4048 1539 4105 bonorum
1586 4049 1792 4106 formas
1837 4065 1964 4106 cum
2023 4048 2289 4121 primario
2364 4047 2764 4118 principalique
2817 4050 2962 4103 bono
3007 4056 3180 4105 tenet.
3229 4047 3359 4104 Sive
3423 4049 3570 4104 enim
3623 4047 3759 4102 lldes

499 4143 588 4194 est
613 4152 734 4208 quae
753 4147 967 4206 servat,
989 4139 1104 4197 sive
1127 4154 1224 4212 per
1255 4156 1408 4213 spem
1435 4157 1720 4198 servamur
1747 4181 1764 4205 ,
1806 4142 1922 4198 sive
1951 4157 2049 4212 per
2101 4140 2422 4212 patientiam
2475 4141 2710 4211 gratiam
2777 4150 3162 4212 exspectamus
3181 4181 3198 4206 ,
3269 4141 3512 4198 charitas
3571 4141 3755 4197 omnia

497 4229 712 4294 credit,
744 4237 799 4286 et
827 4231 1012 4287 omnia
1037 4241 1255 4304 sperat,
1303 4241 1359 4289 et.
1435 4234 1620 4289 omnia
1673 4232 1906 4300 suffert,
1959 4242 2021 4290 ut
2045 4233 2221 4304 inquit
2270 4232 2568 4303 Apostolus
2593 4232 2636 4287 ⁸.
2699 4233 2879 4302 Atque
2941 4233 3147 4302 reliqua
3221 4233 3405 4287 omnia
3449 4247 3517 4288 ne
3567 4233 3756 4303 singu-

501 4323 658 4378 latim
689 4323 874 4378 omnia
901 4324 1278 4380 enumerando
1338 4334 1559 4396 tempus
1619 4333 1913 4392 teramus,
1945 4325 2236 4381 charitatis
2287 4323 2496 4379 radicis
2537 4339 2759 4394 germen
2817 4333 2872 4380 et
2933 4324 3196 4379 surculus
3269 4327 3566 4388 exsistunt,
3607 4341 3758 4395 qua:-

495 4431 725 4488 cunque
761 4415 970 4472 ratione
1001 4417 1226 4474 virtutis
1263 4427 1638 4490 expetuntur:
1681 4418 1819 4475 adeo
1857 4426 1918 4474 ut
1943 4419 2038 4490 qui
2074 4419 2217 4473 hanc
2242 4417 2462 4482 habeat,
2503 4417 2656 4472 nullo
2684 4417 2792 4471 alio
2825 4417 2972 4472 bono
2993 4425 3200 4472 careat.

576 4507 730 4564 Hanc
763 4508 929 4579 igitur
973 4524 1096 4564 cum
1134 4526 1364 4583 magnus
1397 4513 1635 4569 Basilius
1677 4513 1941 4579 haberet,
1989 4528 2082 4584 per

2258 4511 2472 4581 Ταύτην
2505 4511 2642 4582 ἔχων
2673 4513 2702 4564 6
2733 4510 2905 4581 μέγας
2943 4509 3250 4574 Βασίλειος,
3284 4507 3492 4571 οὐδενὸς
3521 4508 3628 4579 ἀρα
3650 4507 3759 4563 τῶν

499 4615 624 4657 eam
653 4601 863 4656 nullius
895 4603 1022 4657 boni
1051 4619 1251 4674 expers
1269 4614 1406 4660 erat.
1445 4605 1602 4674 Quod
1638 4607 1684 4664 si
1715 4607 2077 4662 omniahabe-

2183 4602 2401 4671 ἀγαθῶν
2427 4602 2493 4656 δι’
2526 4603 2695 4674 αὐτῆς
2732 4602 3077 4657 ἀπελείπετο.
3108 4602 3173 4654 Ei
3199 4601 3256 4654 δέ
3283 4599 3462 4654 πάντα
3491 4595 3636 4670 εἶχεν
3655 4642 3670 4666 ,
3699 4603 3759 4655 ἐν

504 4693 634 4758 hat,
686 4691 741 4747 in
776 4693 925 4748 nulla
973 4709 1033 4750 re
1091 4711 1318 4765 prorsus
1349 4697 1574 4754 inferior
1601 4707 1738 4755 erat.
1773 4697 1883 4753 Sed
1930 4697 2076 4754 dicet

2183 4694 2354 4750 οὐδενὶ
2386 4695 2602 4757 πάντως
2642 4693 2941 4762 tumore.
2982 4691 3123 4746 Ἀλλ’
3156 4693 3273 4763 ἐρεῖ
3294 4707 3378 4754 τις
3399 4689 3647 4754 πάντως,
3674 4691 3757 4745 ὅτι

500 4784 702 4856 aliquis
735 4800 986 4856 prorsus,
1021 4787 1171 4856 quod
1201 4789 1420 4844 tertium
1451 4791 1651 4846 cmlum
1693 4790 1888 4846 viderit
1938 4789 2026 4844 ille
2055 4829 2071 4854 ,

2183 4783 2359 4854 τρίτον
2399 4781 2625 4852 οὐρανὸν
2659 4776 2797 4835 εἶδεν
2841 4783 3047 4845 ἐκεῖνος
3070 4821 3086 4846 ,
3129 4781 3224 4834 καὶ
3257 4780 3480 4850 ἡρπάγη
3536 4780 3616 4842 είς
3664 4779 3757 4832 τὸν

497 4883 557 4931 et
588 4883 780 4947 raptus
807 4876 880 4933 sit
908 4877 962 4933 in
989 4880 1330 4948 paradisum,
1353 4890 1405 4936 et
1433 4883 1702 4938 audiverit
1734 4896 1932 4937 arcana
1961 4893 2076 4935 ver-

503 4967 596 5029 ba.
632 4983 751 5038 qua:
779 4968 986 5024 homini
1017 4985 1126 5024 non
1160 4971 1326 5026 liceat
1374 4973 1672 5042 prolerre’.
1724 4975 1792 5027 At
1847 4987 1946 5027 nec
1985 4972 2076 5026 ille

503 5057 722 5127 quidem
744 5098 759 5125 ,
788 5060 933 5130 quod
968 5071 1202 5131 constet,
1233 5079 1330 5134 per
1360 5080 1580 5119 carnem
1643 5065 1783 5119 hanc
1805 5063 2078 5132 ejusmodi

501 5149 737 5217 gratiam
785 5151 1033 5221 accepit;
1092 5169 1202 5208 non
1246 5155 1391 5209 enim
1445 5155 1587 5210 celat
1623 5154 2076 5224 ambiguitatem,

502 5239 632 5293 dum
673 5239 845 5297 dicit:
875 5242 996 5298 Sive
1025 5245 1078 5298 in
1106 5263 1342 5314 corpore,
1380 5249 1576 5309 nescio,
1630 5247 1736 5300 sive
1762 5257 1915 5300 extra
1955 5263 2076 5300 cor-

498 5341 621 5394 pm,
662 5330 891 5402 ignoro;
936 5332 1075 5389 Deus
1104 5340 1266 5393 novit.
1322 5336 1496 5395 Etiam
1537 5337 1606 5393 de
1660 5339 1764 5393 hoc
1813 5337 2074 5392 audacter

502 5420 703 5490 aliquis
736 5423 918 5480 dicere
948 5429 1120 5497 possit
1141 5433 1316 5500 ,quod
1349 5432 1402 5486 in
1437 5448 1665 5503 corpore
1692 5433 1910 5503 quidem
1939 5432 2072 5486 nihil

503 5512 772 5577 eiusmodi
804 5515 1021 5585 viderit,
1054 5520 1148 5577 sed
1177 5523 1498 5594 incorporea
1553 5534 1606 5580 et
1637 5541 1700 5580 ea
1733 5539 1854 5595 qme
1893 5529 2074 5578 mente

2181 4876 2528 4946 παράδεισον,
2559 4874 2653 4928 καὶ
2679 4873 2909 4944 ἦκουσεν
2935 4871 3148 4945 ἀρῤητα
3172 4875 3414 4945 ῥήματα,
3445 4870 3480 4925 ἀ
3508 4871 3608 4924 ούκ
3637 4870 3757 4934 ἐξὸν

2176 4965 2446 5037 ἀνθρώπῳ
2489 4963 2739 5034 λαλῆσαι.
2791 4963 2932 5016 Ἀλλ’
2986 4963 3108 5017 οὐδὲ
3158 4965 3362 5025 ἐκεῖνος
3391 4961 3638 5032 φανερῶς
3669 4960 3758 5015 διά

2176 5063 2276 5130 τῆς
2322 5057 2524 5129 σαρκὸς
2559 5057 2760 5124 ταύτης
2791 5055 2889 5127 τὴν
2917 5052 3172 5132 τοιαύτην
3205 5054 3365 5124 χάριν
3408 5053 3646 5119 ἐδέξατο.
3677 5053 3754 5104 υύ

2177 5153 2284 5224 γάρ
2333 5150 2728 5222 ἐπικρύπτεται
2775 5149 2875 5220 τὴν
2921 5148 3248 5220 ἀμφιϐολίαν
3279 5149 3450 5218 λέγων
3474 5166 3488 5180 ⁸
3525 5149 3661 5202 Εἴτε
3687 5148 3759 5201 ἐν

2177 5241 2403 5311 σώματι
2438 5245 2551 5296 οὐκ
2601 5237 2771 5306 οἶδα,
2823 5240 2943 5293 εἴτε
2971 5241 3146 5306 ἐκτὸς
3191 5241 3295 5294 τοῦ
3328 5239 3602 5311 σώματος
3644 5243 3756 5296 οὐκ

2179 5332 2329 5390 οἶδα·
2355 5336 2387 5388 ὀ
2413 5334 2556 5400 Θεὸς
2581 5333 2763 5388 οἶδεν.
2795 5333 2907 5387 Καὶ
2938 5334 3066 5404 περὶ
3091 5333 3280 5386 τούτου
3314 5333 3590 5405 τολμήσας
3612 5333 3755 5386 εἴποι

2179 5413 2263 5489 τις
2301 5424 2399 5489 ἀν,
2437 5425 2517 5478 ὅτι
2546 5425 2604 5477 ἐν
2634 5425 2846 5494 σώματι
2889 5422 3130 5477 τοιοῦτον
3163 5426 3260 5494 μὲν
3306 5424 3458 5476 οὐδὲν
3491 5419 3660 5485 είδεν,
3688 5425 3752 5493 τῇ

2179 5517 2237 5572 δὲ
2267 5515 2541 5586 ἀσωμάτῳ
2583 5514 2677 5567 καὶ
2704 5516 2869 5584 νοητῇ
2904 5512 3109 5583 θεωρίᾳ
3149 5513 3249 5565 οὐκ
3285 5510 3432 5564 ἐστιν
3477 5512 3506 5564 ὃ
3534 5529 3587 5565 τι
3632 5509 3756 5565 τού-

577 5620 596 5694 έ
625 5620 797 5703 [(ἷητο
828 5641 945 5692 xm,
983 5629 1068 5685 13.
1147 5633 1168 5664 ⁸
1197 5631 1327 5688 ibid.
1358 5632 1378 5686 1
1411 5647 1532 5703 sqq.
1608 5634 1630 5665 ⁸
1665 5633 1860 5688 Matth.
1895 5647 2028 5698 χχιι,
2061 5632 2082 5687 ί

2226 5632 2244 5661 '
2289 5627 2478 5684 Matth.
2513 5625 2725 5691 χχιι,δὸ
2757 5641 2879 5694 sqq.
2955 5623 3016 5678 ⁸1
3051 5625 3174 5680 Cor.
3215 5639 3336 5690 sui,
3369 5625 3424 5679 7.
3502 5625 3523 5656 ’
3551 5621 3594 5679 ll
3625 5623 3749 5678 Cor.

449 5712 470 5746 ,ί
506 5691 603 5756 su,
631 5692 664 5744 2
694 5707 814 5763 sqq.
