4132 6356
398 295 494 351 20!

1526 297 1588 352 IN
1627 292 1913 352 LAUDEM
1957 289 2262 349 FRATRIS
2300 296 2572 354 BASlLll.

3571 296 3681 361 809i

398 429 505 465 των
535 410 749 481 ἀφῆκεν
782 410 1027 466 ἀθέατον.
1056 411 1283 482 Μάρτυς
1315 411 1372 465 δὲ
1416 412 1621 466 τούτων
1673 414 1702 466 ὁ
1731 413 1862 483 παρ’
1891 410 1986 464 αύ-

2093 414 2391 482 pcragitur,
2426 414 2887 487 contemplatione
2919 416 3055 472 nihil
3102 416 3296 473 harum
3332 432 3514 473 rerum
3566 420 3636 476 sit
3660 461 3679 487 ,

397 504 493 560 τοῦ
523 504 710 573 λόγος,
733 506 792 559 ὃν
813 521 873 557 τε
904 506 988 574 ἐφ’
1021 504 1213 558 ἐαυτοῦ
1243 504 1461 578 διεξῄει,
1486 507 1580 559 καὶ
1602 504 1663 558 δν
1692 503 1988 558 κατέλιπεν

398 600 456 650 ἐν
486 598 932 669 συγγράμμασιν.
984 597 1219 660 Ἐκεῖνος
1247 597 1355 650 ἀπὸ
1399 596 1783 669 Ἰεροσολύμων
1810 596 1904 651 ἐπὶ
1926 595 1989 649 τὸ

412 688 707 760 Ἰλλυρικὸν
741 691 800 742 ἐν
833 688 1019 760 κύκλῳ
1057 688 1380 760 περιελθὼν,
1412 690 1548 744 πᾶσι
1571 690 1684 752 τοῖς
1707 689 1795 743 διά
1823 688 1989 759 μέσου

399 781 489 834 τὸν
519 780 871 848 εὑαγγελικὺν
913 779 1148 850 ἐκήρυξε
1192 779 1351 849 λόγον
1375 796 1389 811 °
1423 781 1518 835 καὶ
1546 782 1575 834 ὁ
1610 779 1802 835 τούτου
1831 778 1990 849 λόγος

401 873 495 926 καὶ
523 873 583 925 τὸ
614 874 874 943 κήρυγμα
914 875 1096 927 πᾶσαν
1153 871 1352 945 μικροῦ
1380 873 1493 927 δεῖν
1534 874 1634 945 τὴν
1663 873 1990 944 οἰκουμένην

399 964 676 1030 διέλαϐεν,
725 965 810 1018 ἐπ’
849 965 971 1035 ἴσης
997 967 1109 1029 τοῖς
1141 964 1357 1019 Παύλου
1382 963 1563 1033 λόγοις
1589 965 1742 1037 παρά
1771 964 1989 1020 πάντων

401 1058 494 1113 καὶ
522 1058 653 1112 αὐτὸ
690 1056 1145 1129 σπουδαζόμενον.
1184 1057 1475 1130 Παρείσθω
1508 1057 1565 1111 δὲ
1614 1057 1684 1112 τά
1710 1057 1875 1113 λοιπά
1919 1058 1988 1112 δι’

400 1143 475 1202 ὧν
511 1152 541 1203 ό
571 1150 686 1221 βίος
716 1148 907 1204 τούτου
943 1150 1080 1220 πρδς
1105 1147 1196 1202 τὸν
1242 1148 1452 1210 ἐκείνου
1484 1148 1848 1221 συμφέρεται,
1877 1141 1989 1201 οἷον

403 1240 722 1314 ἐσταυρώθη
754 1240 831 1313 τῷ
862 1241 1053 1313 κόσμῳ
1093 1241 1300 1304 ἐκεῖνος
1322 1281 1337 1305 ,
1384 1241 1479 1294 καὶ
1505 1239 1680 1311 τούτῳ
1709 1242 1738 1293 ό
1763 1240 1986 1310 κόσμος.

419 1332 714 1403 Ἐνέκρωσε
761 1334 820 1385 τὸ
850 1332 1009 1404 σῶμα
1037 1334 1243 1394 ἐκεῖνος
1261 1372 1277 1397 ,
1311 1331 1592 1386 ἐτελείωσε
1619 1332 1715 1386 καὶ
1745 1327 1898 1396 οὗτος
1930 1332 1989 1384 ἐν

402 1426 657 1498 ἀσθενείᾳ
677 1426 775 1497 τὴν
801 1426 1048 1497 δύναμιν.
1073 1425 1308 1498 Χριστὸς
1328 1420 1398 1497 ἦν
1426 1425 1489 1480 τὸ
1515 1426 1614 1497 ζῇν
1634 1426 1993 1498 ἀμφοτέρας,

402 1520 499 1572 καὶ
544 1518 746 1589 ὁμοίως
776 1518 1022 1589 ἐκατέρῳ
1068 1517 1259 1590 κέρδος
1289 1519 1318 1571 ὀ
1358 1517 1622 1585 θάνατος,
1653 1517 1748 1572 καὶ
1797 1533 1989 1590 προτιο

406 1608 609 1678 μοτέρα
640 1606 734 1661 τοῦ
762 1606 1179 1678 πεπλανημένου
1212 1605 1329 1677 βίου
1356 1608 1391 1678 ἡ
1425 1606 1562 1678 πρὸς
1595 1606 1686 1661 τὸν
1712 1606 1991 1677 Δεσπότην

402 1698 679 1762 ἀνάλυσις.
731 1698 802 1750 Ἢ
842 1697 935 1752 καὶ
978 1696 1071 1751 τὸν
1120 1697 1373 1768 Ἰωάννην
1419 1696 1865 1769 ἀντιπαραδεῑξαι
1910 1695 1989 1768 τῷ

2089 506 2234 573 quod
2284 507 2643 577 contemplari
2671 518 2836 580 atque
2868 509 3220 566 considerare
3245 511 3679 581 praetermiserit.

2089 596 2269 656 Testis
2308 600 2502 655 harum
2557 616 2741 657 rerum
2776 611 2863 658 est
2913 602 3086 674 ipsius
3129 604 3348 671 oratio,
3395 613 3509 660 tum
3559 620 3623 659 ea
3658 644 3679 670 ,

2090 706 2256 761 quam
2317 691 2433 759 ipse
2482 692 2818 763 proferebat,
2859 703 2974 750 tum
3024 709 3088 749 ea
3134 711 3300 767 quam
3334 695 3558 767 reliquit
3621 697 3680 751 in

2090 779 2339 851 scriptis.
2379 779 2471 836 Ille
2500 781 2571 836 ab
2610 779 2969 855 Jerosolymis
2995 800 3172 856 usque
3216 785 3283 839 ad
3327 784 3678 857 lllyricumiu

2091 870 2284 926 orbem
2312 871 2647 928 circumiens
2681 873 2936 931 omnibus
2985 874 3041 929 in
3073 874 3253 929 medio
3302 875 3682 933 habitantibus

2091 962 2476 1034 Evangelicum
2500 979 2805 1021 sermonem
2841 967 3180 1037 praedicavit,
3221 976 3278 1022 et
3309 968 3475 1035 hujus
3501 970 3681 1024 oratio

2091 1064 2255 1123 atque
2282 1053 2601 1125 praedicatio
2626 1069 2842 1111 omnem
2877 1056 3268 1128 propemodum
3294 1066 3565 1112 terrarum
3585 1072 3683 1112 or-

2090 1146 2214 1203 bem
2249 1146 2499 1217 amplexa
2530 1154 2636 1213 est,
2675 1162 2803 1203 cum
2831 1149 3000 1203 etiam
3051 1149 3165 1218 ipsa
3211 1164 3366 1221 mque
3412 1164 3477 1205 ac
3524 1148 3679 1207 Pauli

2090 1251 2375 1293 sermones
2419 1237 2490 1294 ab
2521 1237 2779 1294 omnibus
2832 1239 3159 1308 probaretur
3203 1249 3260 1295 et
3310 1248 3680 1310 expeteretur.

2091 1326 2429 1385 Omittantur
2481 1330 2693 1401 reliqua
2725 1368 2742 1396 ,
2774 1331 2978 1401 quibus
3006 1330 3173 1401 hujus
3204 1330 3315 1386 vita
3367 1347 3492 1389 cum
3533 1332 3683 1387 illius

2089 1418 2204 1476 vita
2250 1420 2505 1476 convenit
2549 1429 2714 1493 atque
2757 1422 3094 1486 concordat,
3152 1421 3410 1479 videlicet
3476 1421 3683 1477 mundo

2093 1508 2387 1565 cruciﬁxus
2420 1519 2502 1566 est
2547 1510 2677 1578 ille,
2724 1520 2778 1566 et
2813 1511 2942 1567 huic
2986 1510 3247 1567 mundus.
3306 1512 3524 1582 Corpus
3591 1512 3685 1569 illo

2095 1598 2469 1663 mortiﬁcavit,
2500 1601 2910 1656 consummavit
2950 1609 3116 1671 atque
3140 1601 3373 1671 perfecit
3394 1602 3558 1658 etiam
3594 1602 3685 1657 hic

2092 1690 2239 1745 vires
2269 1706 2365 1761 per
2400 1689 2797 1747 inﬁrmitatem.
2838 1691 3096 1749 Christus
3130 1692 3352 1764 utrique
3376 1693 3485 1748 vita
3518 1703 3678 1749 erat:

402 1791 704 1862 διδασκάλῳ
739 1790 920 1854 δοκεῖ;
963 1788 1124 1843 Ἀλλά
1161 1789 1221 1843 τὸ
1256 1790 1355 1862 μὲν
1377 1789 1729 1862 προτερεύειν
1754 1789 1986 1852 ἐκεῖνον,

2093 1790 2147 1838 et
2189 1783 2408 1854 utrique
2440 1784 2692 1840 similiter
2724 1800 2821 1849 pro
2872 1785 3030 1841 lucro
3104 1801 3280 1854 mors,
3305 1797 3360 1843 et
3387 1786 3456 1843 ad
3490 1784 3680 1843 Domi-

402 1885 480 1957 τῷ
528 1885 586 1938 ἐν
633 1886 911 1955 γεννητοῖς
961 1882 1236 1952 γυναικῶν
1286 1883 1379 1936 καὶ
1431 1882 1815 1954 περισσότερον
1848 1881 1992 1954 ἔχειν

401 1978 495 2031 τοῦ
532 1979 811 2048 προφήτου
840 1974 939 2044 τῆς
987 1974 1136 2037 θείας
1189 1973 1373 2044 φωνῆς
1411 1972 1833 2046 μαρτυρούσης,
1890 1991 1995 2044 μα-

401 2068 521 2131 νίας
552 2067 617 2121 ἂν
649 2067 736 2138 εἴη
768 2066 862 2121 καὶ
895 2065 1149 2129 ἀσεϐείας
1193 2064 1311 2138 ἅμα
1343 2064 1501 2119 ἄλλον
1548 2065 1984 2137 άντιπαρεξαγα·

402 2161 519 2228 γεεν
551 2157 628 2230 τῷ
666 2158 892 2228 τοιούτῳ
939 2157 1040 2230 βίῳ
1068 2158 1155 2213 διὰ
1184 2157 1526 2229 συγκρίσεως
1555 2175 1568 2187 ’
1616 2157 1751 2211 ἀλλά
1780 2158 1875 2212 τοῦ
1901 2175 1993 2212 το-

405 2254 600 2307 σούτου
626 2254 721 2308 καὶ
745 2252 988 2308 τοιούτου
1014 2254 1110 2306 καὶ
1140 2252 1201 2306 τὸ
1228 2253 1461 2307 κατόπιν
1496 2253 1671 2307 ἐλθεῖν
1688 2293 1703 2318 ,
1728 2254 1826 2324 τῆς
1854 2254 1997 2307 ἀνω-

400 2349 549 2402 τάτω
584 2348 985 2420 μακαριότητος
1030 2347 1131 2417 τὴν
1182 2345 1459 2412 ἀπόδειξιν
1508 2345 1645 2417 ἔχει.
1675 2346 1890 2401 Ούτωσὶ
1935 2346 1995 2401 δὲ

401 2440 492 2492 τὸν
522 2439 679 2509 λόγον
710 2441 1139 2510 κατανοήσωμεν
1163 2454 1176 2467 ·
1206 2438 1321 2491 Οὐκ
1374 2432 1442 2508 ἦν
1474 2436 1601 2490 οὔτε
1640 2436 1699 2491 ἐν
1729 2436 1995 2509 μαλακοῖς

406 2532 641 2603 ἱματίοις
671 2534 699 2585 ὁ
738 2530 1027 2599 Ἰωάννης.
1078 2526 1205 2582 οὔτε
1262 2528 1508 2599 κάλαμος
1549 2523 1618 2599 ἦν
1650 2528 1871 2597 ἀνέμοις
1904 2530 1994 2583 ἐν·

404 2622 781 2693 σαλευόμενος.
834 2620 1142 2684 Ἦσπάζετο
1169 2619 1224 2674 δέ
1260 2619 1364 2691 πρὸ
1396 2620 1503 2673 τῶν
1535 2622 1872 2693 οἰκουμένων
1894 2621 2001 2692 τὴν

402 2713 629 2785 ἔρημον,
657 2713 753 2769 καὶ
782 2713 944 2768 πάλιν
987 2714 1099 2778 τοῖς
1120 2712 1458 2783 οἰκουμένοις
1483 2714 1877 2785 ἐπεχωρίαξεν.
1901 2714 1993 2786 Μή

402 2824 486 2870 τις
517 2806 624 2878 ἀρα
655 2805 950 2876 ἐπισκήψει
975 2805 1053 2875 τῷ
1077 2805 1220 2877 λόγῳ
1241 2846 1257 2869 ,
1293 2807 1342 2858 εἰ
1370 2804 1530 2859 τοῦτο
1558 2807 1992 2878 προσμαρτυρή-

406 2917 489 2953 σει
524 2898 618 2953 καὶ
643 2898 721 2970 τῷ
748 2898 1055 2969 διδασκάλῳ
1086 2898 1247 2969 ἡμῶν
1268 2900 1303 2969 ἠ
1329 2897 1577 2969 ἀλήθεια,
1603 2897 1679 2961 ὡς
1708 2899 1769 2951 ἐν
1784 2898 1998 2962 τούτοις

404 2994 564 3047 αὐτὸν
588 2991 683 3046 τοῦ
732 2992 969 3063 μεγάλου
1007 2992 1256 3046 Ἰωάννου
1304 2990 1381 3061 μὴ
1436 2990 1861 3056 ἀπολείπεσθαις
1899 2991 1996 3054 Τίς

2096 1894 2226 1932 num
2264 1878 2531 1933 resolutio
2577 1878 2729 1935 falsae
2768 1879 2893 1935 vita:
2919 1879 3331 1949 praeferebatur.
3396 1880 3481 1935 An
3511 1881 3681 1936 etiam

2093 1967 2361 2025 Joannem
2393 1985 2521 2027 cum
2567 1971 2831 2041 magistro
2853 1972 3109 2027 conferre
3146 1980 3311 2044 atque
3360 1987 3685 2044 comparare

2094 2060 2409 2131 placetiAt
2441 2077 2565 2118 cum
2590 2063 2776 2119 divina
2809 2079 2909 2118 ros
2953 2071 3207 2131 testetur,
3241 2063 3386 2134 quod
3414 2064 3505 2120 ille
3527 2064 3684 2135 prin-

2095 2154 2334 2225 cipatum
2368 2162 2594 2221 teneat,
2642 2163 2933 2227 propterea
2976 2156 3125 2228 quod
3174 2156 3319 2210 inter
3364 2166 3526 2213 natos
3565 2173 3685 2211 mu-

2095 2246 2291 2303 lierum
2330 2248 2494 2303 etiam
2525 2247 2760 2317 amplius
2790 2257 2845 2304 et
2899 2248 3261 2303 excellentius
3308 2248 3440 2320 quid
3485 2249 3687 2305 habeat

2095 2353 2259 2409 quam
2300 2338 2589 2409 propheta,
2623 2338 2841 2395 insania
2880 2339 3043 2396 simul
3091 2348 3148 2395 et
3201 2340 3455 2410 impietas
3517 2339 3686 2395 fuerit

2097 2431 2267 2484 alium
2300 2445 2368 2485 ex
2398 2430 2631 2486 adverso
2664 2431 3040 2503 comparando
3092 2445 3373 2501 opponere
3406 2432 3684 2501 ejusmodi

2093 2525 2241 2579 vitae.
2270 2521 2379 2578 Sed
2413 2524 2550 2579 tanti
2584 2537 2648 2578 ac
2676 2524 2799 2580 talis
2829 2523 2933 2579 viri
2964 2524 3047 2579 vel
3076 2539 3107 2578 a
3136 2533 3290 2595 tergo
3313 2525 3553 2589 venisse.
3590 2540 3687 2580 su-

2099 2630 2304 2687 premae
2333 2614 2690 2671 beatitudinis
2728 2616 2977 2672 continet
3013 2615 3561 2673 demonstrationem.
3585 2616 3685 2673 Δι-

2094 2722 2202 2780 que
2232 2707 2337 2763 hoc
2387 2706 2552 2762 modo
2591 2706 2861 2763 rationem
2905 2707 3145 2764 ineundo
3170 2746 3187 2772 ,
3221 2723 3338 2764 rem
3358 2708 3680 2766 considere-

2095 2815 2219 2855 mus
2249 2809 2415 2869 atque
2456 2799 2884 2870 perpendamus.
2918 2798 3110 2871 Neque
3135 2800 3394 2856 mollibus
3437 2801 3688 2858 vestibus

2092 2890 2335 2948 Joannes
2358 2899 2477 2948 erat
2501 2892 2760 2956 amictus,
2793 2906 2970 2962 neque
2990 2893 3206 2949 arundo
3232 2901 3371 2959 erat,
3397 2907 3521 2964 qua:
3552 2909 3688 2947 ren-

2098 2985 2171 3041 tis
2215 2984 2536 3056 agitaretur.
2571 2983 2907 3041 Praaferebat
2961 2986 3091 3041 item
3138 2985 3493 3043 solitudinem
3549 2985 3689 3042 locis

404 3087 505 3140 οὑκ
536 3080 675 3139 οἶδεν
721 3084 869 3147 ὅπως
920 3082 1171 3153 μαλακήν
1215 3100 1276 3137 τε
1319 3082 1414 3136 καὶ
1467 3081 1854 3154 τεθρυμμένην
1900 3082 1991 3137 τοῦ

2101 3077 2266 3135 cultis
2308 3084 2365 3132 et
2394 3076 2656 3132 habitatis
2685 3117 2701 3141 ,
2728 3085 2785 3131 et
2805 3084 2998 3132 contra
3030 3076 3085 3131 in
3126 3076 3391 3132 habitatis
3423 3085 3479 3132 et
3518 3078 3689 3132 cultis

408 3177 523 3248 βίου
553 3176 757 3230 δίαιταν
789 3174 1054 3244 πολεμίαν
1084 3175 1364 3245 ἡγήσατο,
1410 3175 1469 3227 ἐν
1500 3173 1663 3228 παντὶ
1698 3173 1761 3227 τὸ
1797 3191 1992 3245 καρτε-

411 3268 559 3341 ρικὸν
589 3267 682 3322 καὶ⁸
709 3266 977 3339 ἀνδρῶδες
1010 3266 1117 3338 πρὸ
1149 3266 1256 3320 τῶν
1278 3266 1451 3336 ἡδέων
1481 3264 1797 3336 θηρώμενος
1816 3306 1831 3327 ,
1856 3266 1994 3336 ἡλίῳ

408 3358 743 3428 θαλπόμενος
773 3395 788 3419 ,
824 3354 982 3427 κρύει
1021 3355 1539 3426 παραϐαλλόμενος,
1585 3355 1863 3426 νηστείαις
1898 3357 1993 3409 καὶ

408 3447 757 3521 ἐγκρατείαις
800 3447 1238 3518 καταγυμνάζων
1288 3446 1349 3500 τὸ
1384 3446 1578 3516 σῶμα,
1608 3449 1731 3510 ταῖς
1775 3447 1994 3502 πόλεσιν

406 3541 482 3604 ὼς
511 3542 570 3593 ἐν
598 3539 831 3609 ἐρήμοις
856 3538 1209 3608 ἐνδιατρίϐων
1239 3536 1409 3608 (οὐδὲν
1447 3539 1528 3601 εἰς
1562 3538 1765 3610 ἀρετὴν
1804 3540 1870 3592 ἐκ
1893 3539 1994 3609 τῆς

409 3629 697 3701 συντυχίας
733 3628 1260 3700 παραδλαπτόμενος
1284 3627 1301 3697 )
1323 3668 1339 3694 ,
1380 3629 1476 3680 καὶ
1507 3628 1694 3692 πόλεις
1723 3628 1818 3692 τὰς
1864 3629 1963 3699 ἐρη

410 3725 538 3794 μίας
567 3722 1012 3794 ἀπεργαζόμενος
1039 3737 1053 3786 ;
1086 3719 1223 3775 Οὔτε
1253 3719 1362 3790 γὰρ
1394 3721 1428 3790 ἡ
1481 3720 1621 3791 μετὰ
1650 3720 1758 3775 τῶν
1784 3720 1992 3775 πολλῶν

406 3814 652 3886 διαγωγὴ
709 3814 812 3885 τῆς
850 3811 1116 3885 ἀκριϐοῦς
1162 3830 1215 3865 τι
1266 3812 1363 3865 καὶ
1410 3811 1690 3880 ἀσφαλοῦς
1719 3812 1993 3876 πολιτείας

406 3904 747 3979 παρέτρεψεν
772 3922 786 3937 ο
822 3903 969 3970 οὔτε,
1002 3904 1051 3955 εί
1081 3901 1217 3972 πρὸς
1254 3901 1444 3956 ἐαυτὸν
1478 3904 1570 3956 ἐπὶ
1602 3903 1701 3973 τὴν
1734 3904 1993 3975 ἐσχατιάν

403 3997 682 4069 ἐχώρησεν
709 4035 726 4062 ,
783 3994 1135 4067 γυμνωθῆναι
1185 3992 1295 4047 τῶν
1326 3993 1417 4046 ἐπ’
1457 3993 1695 4066 ὠφελείᾳ
1728 3996 1992 4050 συνόντων

402 4085 513 4153 οἷός
538 4107 597 4142 τε
625 4084 694 4160 ἦν
714 4105 727 4119 ·
760 4087 902 4141 ὥστε
923 4086 1016 4141 καὶ
1053 4085 1146 4139 ἐπὶ
1180 4084 1394 4150 τούτου,
1424 4086 1546 4139 καθ’
1580 4086 1872 4158 ὁμοιότητα
1898 4087 1991 4141 τοῦ

405 4180 713 4235 Βαπτιστοῦ
768 4179 923 4232 πόλιν
962 4179 1062 4249 τὴν
1092 4178 1299 4249 ἔρημον
1325 4177 1579 4246 γενέσθαι
1623 4194 1991 4251 στενοχωρου-

408 4274 576 4343 μένην
618 4278 731 4336 τοίς
768 4271 1137 4342 ἐπιρρέουσιν.
1181 4270 1258 4323 Τὸ
1306 4269 1365 4324 δὲ
1416 4269 1491 4340 μὴ
1541 4268 1787 4337 κάλαμον
1829 4271 1992 4324 αὑτὸν

405 4362 541 4419 εἷναι
606 4365 673 4418 δι’
732 4365 981 4428 εὐκολίας
1037 4362 1174 4435 πρός
1240 4361 1340 4425 τὰς
1401 4361 1648 4426 ἐναντίας
1697 4361 1991 4433 ὑπολήψεις

2098 3170 2234 3224 locis
2257 3170 2600 3224 versabatur.
2620 3166 2759 3223 Num
2780 3167 2906 3240 quis
2930 3166 3099 3238 igitur
3119 3167 3330 3224 refellet
3355 3166 3685 3235 orationem,

2096 3260 2141 3315 si
2183 3260 2383 3315 veritas
2410 3261 2577 3313 etiam
2613 3259 2717 3314 hoc
2743 3258 3007 3328 magistro
3036 3267 3233 3314 nostro
3279 3265 3595 3327 attostetur,
3621 3266 3688 3319 ut

2097 3353 2154 3406 in
2195 3349 2281 3404 his
2326 3363 2526 3421 magno
2553 3347 2765 3403 Joanne
2795 3363 2906 3402 non
2936 3346 3164 3402 inferior
3198 3347 3316 3403 sit?
3345 3347 3482 3416 Quis
3536 3348 3687 3403 enim

2096 3446 2333 3514 ignorat,
2366 3441 2827 3512 quemadmodum
2864 3440 3081 3497 mollem
3127 3451 3180 3496 et
3215 3440 3510 3496 delicatum
3558 3440 3689 3494 vita

2094 3536 2302 3592 cultum
2334 3535 2557 3590 noxium
2593 3540 2648 3588 et
2679 3532 2940 3588 infestum
2974 3533 3300 3604 judicarctﬂ
3337 3533 3392 3587 in
3442 3531 3593 3587 omni
3625 3547 3688 3588 re

2097 3626 2477 3683 fortitudinem
2520 3634 2686 3696 atque
2723 3625 2970 3681 laborum
3028 3634 3085 3680 ct
3113 3624 3490 3682 molestiarum
3548 3624 3688 3680 tole-

2095 3720 2335 3775 rantiam
2364 3717 2543 3789 magis
2573 3732 2738 3789 quam
2774 3733 2865 3773 res
2884 3717 3161 3788 jucundas
3185 3726 3423 3779 sectans.
3451 3716 3521 3772 ad
3549 3715 3689 3773 solis

2093 3823 2285 3870 azstmn
2317 3812 2569 3877 duratus,
2591 3812 2777 3883 frigori
2802 3827 2862 3868 se
2886 3826 3190 3883 exponens,
3211 3809 3440 3881 jejuniis
3464 3816 3520 3864 et
3546 3817 3690 3865 temo

2094 3909 2341 3974 perantia
2398 3922 2601 3979 corpus
2646 3905 2957 3963 exercendo
3004 3906 3298 3979 subigens,
3346 3905 3401 3961 in
3451 3904 3687 3961 urbibus

2094 3999 2254 4071 quasi
2322 4000 2378 4057 in
2435 3997 2827 4055 solitudinibus
2865 4011 3097 4053 versans
3142 3994 3335 4066 (quod
3393 3994 3685 4051 hominum

2094 4105 2427 4163 congressus
2459 4090 2611 4147 illius
2642 4090 2898 4145 virtutem
2926 4088 3065 4145 nihil
3099 4087 3362 4158 laederet)
3397 4096 3448 4143 et
3483 4104 3549 4143 ex
3589 4102 3688 4145 so-

2094 4177 2421 4235 litudinibus
2477 4177 2644 4233 urbes
2684 4178 2946 4234 clliciens.
2993 4176 3182 4249 Neque
3213 4177 3361 4234 enim
3422 4177 3629 4234 idcirco
3663 4212 3691 4245 ,-

2095 4269 2241 4341 quod
2268 4284 2392 4325 cum
2415 4269 2766 4325 multitudine
2806 4279 3249 4333 conrersaretur,
3280 4269 3584 4343 quidquam
3610 4271 3684 4328 de

2096 4368 2291 4414 exacto
2319 4367 2378 4415 et
2406 4368 2569 4414 cauto
2610 4360 2738 4414 vita:
2782 4359 3039 4416 instituto
3081 4360 3453 4428 immutabat;
3502 4376 3687 4431 neque

407 4459 890 4531 μετακλινόμενον,
930 4456 1169 4510 δείκνυσι
1207 4455 1267 4509 τὸ
1303 4456 1362 4511 ἐν
1400 4455 1535 4507 πᾶσι
1569 4457 1677 4517 τοῖς
1712 4454 1863 4524 παρά
1899 4454 1991 4508 τὸν

2101 4450 2147 4504 si
2186 4464 2437 4504 seorsum
2479 4449 2534 4503 in
2598 4450 2948 4506 solitudinem
2989 4450 3340 4518 secessisset,
3389 4451 3585 4506 nudari
3617 4466 3693 4509 ac

406 4551 518 4621 βίον
546 4549 890 4620 κεκριμένοις
922 4547 1070 4619 αὐτῷ
1098 4547 1507 4619 ἀμετάπτωτον.
1552 4545 1784 4616 Ἤρεσεν
1815 4547 1873 4614 ἐξ
1893 4549 1997 4622 ἀρε.

403 4642 505 4713 χῆς
530 4642 563 4713 ἡ
596 4637 949 4710 ἀκτημοσύνη
967 4654 980 4670 ·
1009 4638 1183 4709 πέτρα
1207 4654 1293 4698 τις
1323 4637 1574 4701 ἄσειστος
1601 4639 1634 4708 ή
1662 4636 1841 4709 κρίσις
1872 4640 1996 4709 ἐγέ-

403 4750 541 4787 νετο.
595 4729 891 4800 Ἐπεθύμει
948 4728 1443 4804 διάμαθαρότητος
1482 4728 1869 4799 προσεγγίζειν
1912 4731 1993 4801 τῷ

401 4823 522 4894 Θεῷ
545 4841 560 4855 ⁸
601 4823 726 4893 ὅρος
758 4816 827 4892 ἦν
856 4823 890 4891 ἡ
931 4819 1195 4890 ἐπιθυμία
1228 4818 1368 4890 αὕτη
1392 4858 1407 4883 ,
1436 4819 1499 4872 οὐ
1530 4818 1795 4889 κάλαμος.
1829 4821 1992 4873 esse-

405 4932 533 4969 ποτε
564 4914 671 4985 γὰρ
702 4912 841 4985 πρὸς
880 4912 980 4975 τάς
1015 4911 1328 4975 ἀντιπνοίας
1362 4911 1473 4965 τῶν
1519 4912 1841 4983 πειρασμῶν
1889 4914 1993 4966 ὑπ-

401 5007 664 5061 εκλίνετο.
703 5005 815 5075 Τῆς
859 5003 915 5057 δέ
953 5002 1091 5074 πρὸς
1126 5003 1218 5057 τὸν
1253 5002 1385 5057 Θεὸν
1428 5004 1649 5074 ἀγάπης
1702 5006 1762 5059 τὸ
1802 5006 1998 5075 πάγιον

405 5099 565 5166 μόνου
602 5093 671 5168 ἦν
710 5094 805 5149 τοῦ
844 5094 1170 5149 Ἀποστόλου
1206 5093 1294 5147 διά
1313 5093 1420 5147 τῶν
1449 5095 1596 5148 ἰδίων
1627 5095 1800 5165 λόγων
1830 5098 1995 5151 ἐνδεί-

403 5187 594 5251 ξασθαι
623 5227 638 5249 ,
671 5187 749 5258 τῷ
782 5188 921 5258 μήτε
957 5187 1059 5257 τὴν
1095 5185 1269 5257 ζωὴν,
1314 5185 1452 5257 μήτε
1484 5186 1573 5240 τὸν
1597 5187 1826 5243 θάνατον
1855 5228 1872 5254 ,
1915 5189 1993 5263 μὴ

401 5279 707 5342 ἐνεστῶτα,
761 5278 836 5351 μὴ
872 5277 1170 5351 μέλλοντα,
1221 5279 1360 5349 μήτε
1400 5277 1522 5331 τινὰ
1570 5280 1746 5334 κτίσιν
1794 5281 1989 5352 ἑτέραν

400 5368 659 5423 δύνασθαι
696 5370 863 5426 αὑτοῦ
894 5370 993 5443 τὴν
1023 5368 1253 5442 καρδίαν
1276 5368 1385 5423 ἀπὸ
1423 5368 1521 5438 τῆς
1559 5369 1697 5437 πρὸς
1725 5370 1817 5424 τὸν
1854 5371 1988 5426 Θεὸν

403 5458 625 5530 ἀγάπης
660 5460 1041 5531 παρώσασθαι.
1092 5460 1248 5515 Οὕτω
1279 5460 1374 5513 καὶ
1428 5459 1487 5513 ἐν
1536 5460 1669 5512 πᾶσι
1717 5463 1830 5524 τοῖς
1864 5464 1982 5516 κατ’

403 5548 604 5621 ἀρετὴν
635 5550 783 5621 αὐτῷ
827 5552 1210 5623 κεκριμένοις,
1238 5548 1490 5621 οὐδαμῶς
1538 5548 1865 5620 καλαμώδης
1904 5569 1990 5616 τις

400 5636 470 5712 ἦν
518 5641 615 5696 καὶ
646 5642 899 5708 άϐἐδαιος
946 5645 1042 5717 τὴν
1084 5645 1323 5700 διάνοιαν
1348 5683 1364 5711 ,
1418 5641 1555 5695 ἀλλά
1598 5641 1685 5695 διὰ
1718 5643 1933 5697 πάντων
1960 5648 1988 5699 ὁ

404 5734 519 5805 βίος
552 5730 664 5806 εἶχε
708 5734 770 5791 τδ
826 5737 882 5791 ἐν
928 5739 1038 5801 τοῖς
1084 5738 1267 5802 καλοῖς
1307 5734 1718 5809 ἀμετάπτωτον.
1761 5734 1986 5809 Παρρη-

2097 4541 2281 4597 deseri
2314 4550 2528 4611 poterat
2566 4544 2635 4597 ab
2665 4542 2733 4599 iis
2775 4543 2868 4613 qui
2912 4543 3165 4600 utilitatis
3194 4544 3367 4615 gratia
3390 4582 3408 4610 ,
3447 4559 3685 4602 consue-

2097 4628 2288 4685 tudine
2334 4638 2499 4700 atque
2550 4630 2807 4687 convictu
2880 4632 3002 4702 ejus
3042 4635 3375 4701 utebantur,
3425 4634 3562 4690 adeo
3624 4644 3687 4693 ut

2093 4721 2258 4777 etiam
2293 4721 2461 4793 hujus
2498 4731 2766 4793 tempore,
2812 4724 3278 4794 quemadmodum
3321 4725 3377 4779 in
3424 4725 3534 4780 vita
3580 4723 3686 4779 Ba-

2092 4817 2378 4887 ptistae,“
2409 4816 2707 4874 solitudine
2723 4818 2860 4874 urbs
2880 4818 3150 4875 elliceretu
3160 4835 3205 4883 r,
3227 4834 3350 4889 quas
3376 4818 3684 4874 confluente

2097 4907 2450 4963 multitudine
2477 4919 2879 4966 coarctaretur.
2910 4911 3069 4977 Quod
3100 4919 3283 4967 autem
3316 4911 3533 4967 arundo
3567 4928 3691 4968 non

2095 5008 2264 5065 esset,
2296 5016 2418 5071 qua:
2446 5001 2607 5058 facile
2649 5003 2715 5058 ad
2750 5005 3059 5060 contrarias
3104 5005 3392 5075 opiniones
3438 5005 3691 5074 impellew

2094 5099 2270 5159 retur,
2302 5102 2628 5164 argumento
2667 5103 2755 5152 est
2778 5111 2866 5159 ea.
2896 5111 3061 5167 quam
3087 5096 3278 5151 habuit
3316 5097 3372 5151 in
3421 5098 3685 5153 omnibus

2093 5186 2288 5250 rebus,
2318 5202 2458 5257 quas
2487 5202 2587 5257 per
2642 5187 2812 5242 vitam
2848 5202 2971 5243 cum
3000 5188 3208 5258 judicio
3253 5188 3594 5258 suscepisset
3627 5198 3684 5245 et

2090 5278 2447 5342 instituisset,
2482 5280 2797 5336 constantia
2856 5289 3022 5351 atque
3060 5280 3360 5336 ﬁrmitudo.
3393 5281 3684 5336 Placuerat

2093 5368 2163 5422 ab
2188 5368 2347 5423 initio
2394 5368 2532 5424 nihil
2558 5370 2859 5440 quidquam
2912 5371 3196 5442 possidere
3227 5411 3244 5437 ,
3276 5381 3332 5429 et
3382 5388 3678 5445 pauperem

2092 5477 2266 5517 esse:
2324 5470 2586 5532 tanquam
2651 5472 2806 5534 petra
2859 5464 3085 5520 immota
3124 5474 3290 5535 atque
3347 5465 3692 5522 inconcussa!

2094 5552 2295 5608 stabile
2334 5567 2398 5608 ac
2430 5552 2646 5608 ﬁrmum
2681 5552 2735 5608 id
2776 5553 3046 5625 judicium
3074 5555 3197 5610 fuit.
3234 5555 3691 5626 Concupiscebat:

2094 5659 2190 5714 per
2233 5644 2526 5714 puritatem
2577 5645 3022 5717 appropinquare
3059 5645 3215 5703 Deo:
3254 5660 3414 5703 mons
3449 5653 3568 5701 erat
3611 5661 3676 5700 ea

2098 5736 2393 5810 cupiditas,
2443 5752 2554 5795 non
2579 5738 2815 5796 arundo.
2848 5738 3140 5812 Nunquam
3175 5738 3325 5799 enim
3380 5738 3448 5796 ad
3499 5745 3676 5797 tenta-
