4132 6356
450 308 567 374 803
1724 306 1799 367 8..
1817 304 2034 364 οιιεο(

2132 303 2146 361 l
2185 294 2484 363 NYSSENI
2814 311 2822 317 '
3626 324 3729 381 εοι

452 433 666 488 tinuum
699 429 933 503 spiritus
985 430 1247 488 adversus
1286 429 1632 487 ﬂectebatur.
1682 428 1858 485 Porro
1898 427 2034 483 dile-

2144 426 2386 493 σιάζεται
2416 428 2550 502 προς
2578 428 2663 485 τὸν
2700 427 2947 506 Ἡρώδην
2981 429 3233 510 Ἰωάννης
3251 481 3265 504 ,
3292 437 3388 493 καὶ
3416 430 3570 507 οὗτος
3593 445 3731 514 πρὸς

451 523 658 580 etionis
689 538 819 595 erga
864 523 1033 580 Deum
1067 528 1211 597 (quae
1244 526 1298 578 iu
1347 524 1548 581 Basilio
1591 523 1719 594 fuit)
1774 532 2034 580 causam

2136 519 2438 576 θῦἆλεντα.
2473 520 2947 597 luam
2973 527 3037 581 δὲ
3070 528 3211 601 πρὸς
3245 529 3453 603 ἄλληλα
3491 532 3602 588 τῶν
3635 534 3730 589 άν-

454 617 587 671 tiam
617 622 673 670 et
706 614 1101 680 ﬁrmitudinem
1153 617 1308 672 solus
1351 615 1652 687 Apostolus
1685 614 1807 671 suis
1849 614 2034 671 verbis

2134 610 2280 682 δρῶν
2303 612 2510 668 τούτων
2535 613 2604 668 τὰ
2632 614 2938 686 ἀξιώματα.
2974 614 3037 673 '0
3074 613 3176 690 μὲν
3222 616 3599 696 ﬁt!wa
3626 625 3731 697 sic

454 706 770 778 exprimere
823 716 879 762 et
946 707 1196 765 iudicare
1249 713 1457 779 posset,
1528 714 1817 778 propterea
1888 705 2038 777 quod

457 813 637 869 neque
664 797 798 863 vita,
826 812 1006 870 neque
1042 813 1192 855 mors
1216 838 1233 863 ,
1283 814 1462 868 neque
1503 797 1815 870 praesentia,
1857 812 2039 867 neque

458 887 665 954 tm,
706 904 883 959 neque
916 890 1022 944 alia
1060 890 1243 961 aliqua
1272 899 1524 945 creatura
1550 903 1580 944 a
1614 888 1914 963 dilectione
1941 888 2037 945 Dei

455 995 559 1036 cor
585 984 707 1050 ejus
730 982 1010 1038 dimovere
1040 993 1206 1053 atque
1239 982 1533 1038 deturbare
1567 989 1756 1053 posset
1787 982 1850 1036 ⁸⁸.
1880 981 2041 1038 Adeo

454 1073 620 1129 etiam
655 1073 711 1127 in
733 1072 991 1129 omnibus
1019 1112 1035 1136 .
1066 1088 1189 1144 qua:
1216 1086 1339 1131 cum
1393 1073 1599 1128 virtute
1658 1071 1991 1128 instituisset
2019 1114 2038 1141 ,

455 1177 524 1217 ac
563 1163 670 1218 sibi
694 1163 958 1220 sectanda
988 1178 1109 1219 esse
1131 1161 1458 1233 iudicasset,
1486 1175 1833 1232 nequaquam
1869 1176 2043 1216 arun-

455 1255 658 1311 dineus
681 1255 930 1327 quidam,
974 1265 1029 1310 et
1064 1255 1249 1309 animo
1293 1254 1480 1309 mobili
1521 1268 1586 1308 ac
1624 1263 1808 1309 mente
1846 1253 2041 1309 incon-

456 1349 631 1404 stanti
669 1357 789 1404 erat
819 1366 836 1404 :
866 1349 961 1405 sed
1016 1364 1112 1419 per
1157 1346 1340 1402 omnia
1389 1348 1501 1402 vita
1533 1345 1701 1419 (ejus)
1756 1346 1811 1400 in
1873 1345 2043 1401 rebus

456 1441 739 1512 praeclaris
760 1441 1128 1497 constantiam
1154 1441 1209 1496 in
1234 1455 1293 1496 se
1314 1436 1554 1495 habebat
1578 1445 1633 1494 et
1661 1437 2038 1493 stabilitatem.

458 1531 653 1589 Libere
680 1539 735 1587 et
771 1533 1005 1604 ingenue
1046 1532 1286 1602 loquitur
1315 1531 1458 1602 apud
1483 1528 1750 1586 llerodem
1774 1528 2039 1595 Joannes,

458 1623 589 1679 item
640 1623 730 1678 hic
758 1623 901 1696 apud
947 1623 1250 1679 Valentem.
1293 1623 1689 1694 Comparemus
1722 1629 1905 1678 autem
1942 1620 2041 1676 ad-

457 1714 692 1771 invicem
737 1715 933 1770 borum
983 1716 1226 1769 virorum
1296 1714 1614 1785 dignitates.
1675 1713 1773 1769 Ille
1813 1712 2035 1784 quidem

456 1809 634 1879 partis
686 1807 974 1878 cujusdam
1009 1806 1315 1863 Palaestina:
1373 1806 1600 1861 decreto
1655 1805 2029 1860 Romanorum

457 1900 785 1970 permissum
834 1900 940 1955 sibi
977 1899 1342 1972 principatum
1390 1899 1624 1970 adeptus
1683 1907 1826 1965 erat,
1866 1899 2032 1970 hujus

456 2007 586 2047 vero
618 1992 829 2063 imperii
859 1994 1127 2049 terminus
1153 2003 1274 2049 erat
1310 1999 1460 2048 totus
1488 1992 1886 2064 propemodum
1907 2008 2036 2048 cur-

456 2093 554 2139 ευε
600 2083 736 2139 solis
774 2099 805 2138 a
856 2083 1056 2140 ﬁnibus
1102 2074 1346 2140 Persidis
1390 2082 1459 2139 ad
1509 2082 1805 2139 Britannos
1862 2100 2037 2155 usque

456 2177 741 2248 pertinens
781 2186 838 2232 et
892 2187 1194 2233 extremam
1223 2174 1428 2232 Oceani
1478 2192 1658 2232 oram.
1701 2179 1798 2236 .Ac
1836 2177 2035 2249 lingua:

454 2269 673 2338 quidem
703 2270 927 2325 libertas
955 2269 1218 2326 adversus
1248 2269 1514 2326 Herodem
1547 2269 1599 2325 id
1630 2271 1824 2341 agebat
1866 2278 2034 2341 atque

453 2361 842 2432 eospectabat,
869 2378 935 2415 ne
951 2370 1154 2436 contra.
1173 2360 1319 2432 leges
1338 2360 1429 2416 ille
1456 2368 1705 2431 peccaret
1732 2362 1786 2416 in
1812 2361 2036 2417 mulier-

452 2452 577 2507 cula
588 2450 849 2523 quadam,
861 2450 953 2507 sed
970 2450 1345 2523 cupiditatem,
1359 2457 1547 2521 utpote
1561 2450 1773 2523 legibus
1790 2451 2032 2519 vetitam,

455 2544 513 2599 in
550 2559 610 2599 se
645 2551 948 2600 coerceret.
969 2542 1040 2597 At
1071 2541 1336 2598 adversus
1365 2539 1648 2598 Valentem
1682 2542 2036 2614 praeceptoris

454 2636 653 2707 lingua:
702 2636 927 2691 libertas
970 2649 1219 2705 quasnam
1252 2634 1424 2691 erat?
1468 2632 1543 2690 Ut
1590 2635 1839 2701 illaesam,
1888 2635 2041 2690 inta-

451 2737 597 2784 ctam
631 2735 685 2783 et
707 2727 1048 2798 impollutam
1081 2729 1290 2785 sineret
1314 2743 1439 2785 esse
1471 2727 1653 2792 (idem,
1679 2728 1770 2784 cui
1803 2727 1851 2784 si
1879 2727 2045 2783 ﬁeret;

455 2818 660 2892 injuria
685 2861 701 2885 ,
736 2822 908 2878 totius
935 2821 1089 2878 orbis
1133 2831 1407 2878 terrarum
1437 2822 1622 2879 scelus
1648 2829 1813 2893 atque
1839 2823 2035 2895 piacu-

453 2914 566 2969 lum
594 2912 905 2970 exsisteret.
947 2913 1207 2970 Conferat
1247 2913 1416 2985 igitur
1452 2929 1644 2985 aequus
1674 2929 1857 2969 rerum
1890 2913 2036 2969 testi-

451 3013 631 3062 matur
670 3014 725 3062 et
774 3006 1146 3078 principatum
1182 3021 1309 3061 cum
1339 3005 1651 3078 principatu
1685 3044 1702 3071 ,
1745 3013 1803 3062 et
1834 3006 2034 3077 lingua:

2138 702 2503 777 Παλαιστίνης
2539 704 2707 777 ψήφῳ
2742 707 3026 780 Ῥωμαίων
3052 711 3153 783 τὴν
3178 711 3496 769 δυναστείαν
3527 715 3729 789 κεκλή-

2141 810 2301 865 ρωτο·
2326 793 2517 848 τούτου
2550 795 2607 849 δὲ
2653 796 2754 868 τῆς
2782 798 2958 871 ἀρχῆς
2989 800 3115 873 ὄρος
3141 797 3210 874 ἦν
3233 802 3353 868 ὅλος
3385 805 3583 877 μικροῦ
3613 808 3726 862 δεῖν

2135 884 2167 936 δ
2191 882 2285 938 τοῦ
2313 884 2466 954 ἡλίου
2504 885 2706 959 δρόμος
2725 932 2740 955 ,
2789 891 2855 944 ὲκ
2892 890 2999 944 τῶν
3041 893 3139 963 τῆς
3164 888 3426 966 Περσίδος
3450 897 3612 970 ὅρων,
3644 899 3727 963 είς

2137 972 2473 1045 Βρεττανούς
2503 992 2563 1030 τε
2611 977 2705 1030 καὶ
2753 977 2823 1032 τὰ
2868 976 3075 1049 ἔσχατα
3108 978 3206 1032 τοῦ
3247 978 3503 1037 Ὠκεανοῦ
3542 997 3724 1055 παρα-

2136 1064 2350 1119 τείνων.
2392 1066 2501 1119 Kal
2528 1067 2628 1138 τῆς
2678 1066 2778 1138 μὲν
2815 1068 2952 1140 πρὸς
2995 1066 3089 1124 τὸν
3124 1070 3371 1143 Ἡρώδην
3409 1068 3728 1147 παρρησίας

2135 1151 2207 1227 ἦν
2254 1159 2284 1211 ὁ
2336 1158 2574 1223 σκοπὸς,
2624 1158 2700 1231 μὴ
2750 1164 3090 1233 παρανομεῖν
3126 1164 3269 1218 κατά
3299 1166 3523 1235 γυναίου
3552 1166 3723 1232 τινὸς,

2139 1246 2276 1302 ἀλλὰ
2308 1247 2559 1314 κολάζειν
2585 1249 2670 1321 ἐφ’
2705 1251 2901 1305 ἑαυτοῦ
2922 1252 3021 1326 τὴν
3042 1253 3360 1327 ἐπιθυμίαν,
3385 1256 3462 1322 ὡς
3487 1260 3723 1332 ἀπειρη⁴

2142 1340 2313 1412 μένην
2345 1341 2425 1413 τῷ
2469 1342 2640 1415 νόμῳ.
2674 1344 2739 1397 Ἥ
2768 1343 2827 1398 δὲ
2863 1344 3000 1418 πρὸς
3036 1346 3311 1402 Οὐάλεντα
3341 1348 3434 1403 τοῦ
3466 1348 3720 1405 διδασκά-

2138 1430 2232 1485 λου
2261 1434 2446 1504 mpm
2457 1434 2543 1486 σία
2588 1434 2672 1497 τίς
2699 1429 2768 1506 ἦν
2791 1450 2808 1499 ;
2843 1434 3078 1489 ’Λσυλόν
3123 1454 3183 1491 τε
3210 1438 3304 1491 κα)⁸
3332 1438 3594 1509 ἀμίαντον
3618 1440 3725 1511 τὴν

2141 1523 2326 1577 πίστιν
2361 1526 2476 1595 ὲᾷν,
2515 1519 2584 1597 ἦς
2627 1526 2661 1596 η
2692 1526 3007 1598 παρανομία
3045 1529 3227 1599 πάσης
3260 1530 3360 1601 τῆς
3395 1532 3724 1603 οἰκουμένης

2138 1617 2271 1688 ἄγος
2318 1620 2546 1689 ἐγίνετο.
2592 1621 2880 1677 ’Λντιθέτω
2904 1624 3083 1678 τοίνυν
3110 1627 3140 1679 ό
3177 1627 3385 1694 δίκαιος
3416 1628 3525 1683 τῶν
3575 1644 3720 1703 πρα-

2138 1712 2365 1782 γμάτων
2395 1713 2685 1786 ἐξεταστὴς
2728 1717 2828 1787 τήν
2870 1734 2930 1771 τε
2958 1717 3276 1775 δυναστείαν
3304 1723 3374 1793 τῇ
3404 1723 3716 1796 δυναστείᾳ,

2141 1806 2235 1859 καὶ
2283 1805 2375 1859 τον
2427 1806 2629 1861 σκοπὸν
2672 1808 2773 1880 τῆς
2819 1811 3132 1882 παρρησίας
3181 1813 3386 1887 ταύτης
3431 1816 3570 1889 πρὸς
3618 1819 3720 1887 τὴν

2135 1899 2446 1970 παρρησίαν
2481 1899 2714 1972 ἐκείνην.
2759 1901 2905 1955 Ἑκεί
2926 1902 3150 1976 μὲνγὰρ
3184 1906 3244 1960 ἐν
3280 1905 3358 1977 τῷ
3388 1906 3601 1979 σώματι
3623 1909 3717 1964 τοῦ

2144 1986 2385 2059 Ἡρώδου
2428 1990 2490 2044 τὸ
2532 1990 2664 2059 ἄγος
2714 1993 3111 2063 περιωρίζετοο
3162 1995 3399 2052 ἐνταῦθα
3430 1997 3489 2051 δὲ
3536 1999 3719 2072 πάσης

2134 2073 2203 2151 ἦν
2232 2079 2416 2134 ἀδικία
2439 2079 2541 2151 τῆς
2567 2081 2912 2151 ἀνθρωπίνης
2939 2083 3152 2152 φύσεως
3168 2126 3184 2152 ,
3211 2088 3245 2159 ή
3273 2087 3590 2159 παρανομία
3615 2088 3716 2160 τῆς

2136 2171 2391 2236 πίστεως.
2423 2172 2660 2238 Ἐκεῖνος
2694 2172 2854 2244 μέχρι
2885 2173 3114 2230 θανάτου
3145 2176 3372 2248 ἐμμένει
3403 2176 3471 2250 τῇ
3504 2182 3719 2252 παῤῥη-

2137 2265 2230 2337 σία
2252 2281 2268 2297 ο
2302 2265 2397 2321 καί⁹
2433 2265 2608 2338 τούτῳ
2661 2266 2834 2339 πέρας
2880 2268 2979 2339 τῆς
3009 2270 3323 2341 παρρησίας
3357 2269 3542 2343 ἐξορία
3569 2271 3714 2342 γίνε-

2134 2373 2224 2411 ται
2247 2396 2263 2422 ,
2289 2356 2446 2412 τοῦτο
2471 2358 2567 2412 τοῦ
2600 2357 2861 2430 βασιλέως
2885 2358 3006 2413 ἀντὶ
3031 2360 3130 2431 τῆς
3162 2360 3509 2416 ὲπιθανατίου
3533 2362 3714 2434 ψήφου

2135 2449 2615 2514 καταδικάσαντος.
2668 2449 2831 2505 Ἀλλὰ
2863 2452 2959 2505 καὶ
3003 2452 3257 2523 Ἰωάννης
3289 2452 3577 2508 ἀποθανὼν
3613 2454 3718 2527 ζῇν

2133 2540 2485 2596 ἐπιστεύετο*
2512 2543 2605 2597 καὶ
2629 2542 2894 2615 Βασιλείῳ
2923 2544 3058 2616 παρ’
3087 2544 3267 2598 αὐτῶν
3308 2545 3418 2599 τῶν
3442 2546 3649 2619 ἐχθρῶν
3674 2549 3713 2620 ἦ

2134 2634 2237 2705 τῆς
2261 2625 2478 2706 ἕξορίας
2515 2634 2807 2689 ἀναλύεται
2835 2634 3015 2707 ψῆφος
3032 2675 3048 2701 ,
3075 2635 3232 2690 οὐδὲν
3254 2634 3343 2690 διὰ
3359 2637 3458 2708 τῆς
3482 2629 3714 2709 ἀπειλῆς

2138 2726 2524 2801 μαλακισθέντι
2562 2728 2691 2799 περὶ¹
2739 2727 2838 2800 τὴν
2868 2726 3137 2783 ἔνστασιν.
3168 2723 3317 2800 Ἆρα
3340 2727 3718 2802 τολμήσαιμεν

2134 2819 2229 2873 καὶ
2259 2818 2353 2873 επὶ
2384 2818 2476 2873 τὸν
2504 2817 2707 2890 ὑψηλὸν
2748 2815 2938 2871 Ἠλίαν
2980 2816 3247 2889 ἀναϐῆναι
3279 2817 3357 2889 τῷ
3405 2819 3548 2889 λόγῳ
3573 2861 3589 2887 ,
3618 2822 3713 2875 καὶ

2133 2908 2303 2973 δεῖξαι
2331 2909 2429 2962 τὸν
2466 2907 2589 2962 καθ’
2621 2909 2773 2979 ἡμᾶς
2818 2907 3138 2962 διδάσκαλον
3186 2908 3323 2981 πρὸς
3353 2911 3453 2981 τὴν
3500 2912 3719 2966 ἐκείνου

2135 3001 2296 3073 χάριν
2322 2998 2402 3071 τῷ
2448 2999 2550 3071 βίῳ
2594 2998 2673 3070 τῷ
2710 2999 2831 3054 καθ’
2872 2999 3065 3053 ἑαυτὸν
3111 3000 3500 3073 ὀμοιούμενονς
3549 3003 3714 3059 Ἀλλὰ

450 3098 720 3155 libertatis
750 3097 916 3169 hujus
966 3099 1307 3170 propositum
1338 3113 1464 3154 cum
1512 3099 1603 3154 illa
1643 3108 1927 3168 comparet
1959 3099 2024 3154 li-

2132 3094 2233 3165 τὴν
2290 3091 2391 3164 μὲν
2437 3092 2531 3145 ἐπὶ
2578 3090 2673 3144 τοῦ
2713 3080 2973 3161 φλογίνου
3012 3092 3258 3165 ἅρματος
3289 3092 3534 3164 διφρείαν
3557 3135 3574 3161 ,
3616 3096 3710 3149 καὶ

449 3188 682 3245 bertate.
729 3185 864 3242 Nam
898 3187 1010 3244 illic
1047 3187 1266 3258 quidem
1318 3201 1555 3258 corpore
1596 3185 1831 3244 Herodis
1852 3188 2033 3244 scelus

448 3279 1014 3336 eireumscribebatur
1036 3292 1049 3333 :
1071 3278 1163 3333 hic
1191 3293 1323 3333 vero
1351 3277 1577 3333 violatio
1606 3277 1732 3333 ﬁdei
1759 3277 1830 3333 ad
1858 3279 2033 3334 totius

450 3371 705 3427 humanae
732 3378 943 3424 natura:
974 3368 1234 3439 injuriam
1271 3367 1634 3424 redundabat.
1659 3367 1757 3424 Ille
1781 3366 1851 3423 ad
1879 3383 2034 3424 more

448 3457 581 3517 tem'
613 3474 791 3530 usque
849 3465 1164 3530 perseverat
1208 3457 1264 3513 in
1304 3458 1557 3514 libertate
1606 3459 1879 3515 sermonis
1904 3498 1921 3525 ,
1977 3467 2034 3515 et

451 3548 582 3609 huic
614 3552 741 3607 ﬁnis
768 3551 968 3621 lingua:
995 3549 1262 3604 libertatis
1311 3550 1566 3605 exsilium
1598 3549 1819 3607 exsistit
1847 3590 1864 3616 ,
1904 3565 2030 3606 cum

451 3645 749 3715 imperator
782 3643 925 3696 hanc
977 3654 1193 3711 pinnam
1271 3641 1326 3695 in
1378 3656 1504 3696 eum
1561 3642 1685 3696 loco
1738 3641 2049 3697 mortifera:-

451 3717 741 3793 sententiaa
771 3733 1075 3789 statuisset.
1104 3733 1174 3785 At
1201 3732 1345 3788 enim
1368 3729 1610 3789 Joannes
1642 3741 1770 3804 post
1800 3743 2030 3791 mortem

450 3827 643 3883 vivere
689 3822 1280 3880 credebaturzBasilio
1332 3822 1463 3878 item
1506 3823 1576 3878 ab
1614 3822 1856 3880 inimicis
1893 3824 2033 3894 ipsis

451 3916 726 3975 sententia
781 3916 961 3971 exsilii
1017 3914 1357 3971 rescinditur
1383 3953 1400 3980 ,
1428 3928 1553 3970 cum
1583 3922 1810 3986 propter
1848 3916 2033 3974 minas

452 4009 628 4066 nihilo
656 4006 944 4063 remissior
968 4014 1025 4063 et
1043 4004 1470 4077 segnior'l‘actus
1498 4011 1646 4062 esset
1669 4005 1739 4061 ad
1769 4007 2034 4065 resiSten-

451 4099 607 4155 dum.
641 4097 724 4152 An
754 4096 918 4151 etiam
944 4091 1269 4157 audebimus
1301 4095 1368 4150 ad
1396 4094 1686 4151 sublimem
1719 4095 1893 4153 Etiam
1914 4114 2033 4157 ser-

452 4203 615 4244 mone
645 4186 942 4242 ascendere
964 4224 981 4250 ,
1019 4193 1076 4241 et
1102 4183 1399 4241 ostendere
1447 4192 1698 4240 nostrum
1750 4187 2028 4244 doctorem

451 4295 567 4337 sua:
599 4280 725 4334 vita:
774 4277 1029 4333 instituto
1071 4276 1221 4332 illius
1263 4275 1452 4348 gratiae
1483 4277 1818 4333 assimilari?
1848 4278 2034 4334 Enim-

451 4386 585 4428 vero
611 4380 671 4425 ut
710 4371 767 4425 in
810 4370 1062 4426 ﬂammeo
1107 4382 1275 4424 curru
1321 4367 1510 4425 sedeat
1544 4377 1710 4440 atque
1758 4371 2026 4437 vehatur,

448 4472 506 4519 et
538 4465 726 4535 igneos
758 4477 929 4534 equos
972 4461 1318 4529 moderetur,
1350 4469 1407 4517 et
1431 4462 1498 4517 ad
1520 4476 1639 4516 eam
1677 4473 2023 4531 potestatem,

450 4568 581 4628 quae
606 4570 816 4626 supera:
852 4555 1111 4626 praesidet
1139 4568 1323 4610 rerum
1354 4565 1585 4622 naturae,
1629 4559 1981 4629 transmigret
2006 4600 2026 4627 ,

451 4660 616 4701 nemo
665 4644 903 4715 postulet
948 4643 1021 4698 ab
1071 4643 1311 4699 humana
1357 4652 1552 4699 natura
1614 4645 1762 4716 (nam
1798 4662 1900 4703 nec
1938 4649 2030 4705 ille

450 4736 674 4808 quidem
706 4737 850 4791 intra
877 4735 1143 4791 terminos
1186 4744 1242 4792 et
1288 4736 1487 4793 limites
1535 4747 1750 4794 natura:
1793 4756 2026 4799 manens

452 4830 658 4887 illzesus
706 4829 760 4883 in
795 4828 906 4901 igni
944 4829 1421 4891 conservabatur.
1462 4846 1587 4887 cum
1642 4844 1880 4889 terreum
1918 4834 2026 4890 hoc

451 4920 670 4994 pondus
690 4917 876 4975 divina
902 4919 953 4973 vi
979 4919 1047 4974 ad
1073 4932 1194 4975 eam
1227 4920 1527 4985 levitatem,
1558 4937 1681 4993 qua:
1704 4924 1760 4979 in
1790 4925 2026 4981 sublime

451 5010 707 5076 ferretur,
725 5008 1160 5077 tranformaret),
1183 5025 1359 5080 neque
1378 5012 1548 5083 (vero)
1571 5014 1714 5085 quod
1736 5026 1839 5071 Suo
1859 5019 2028 5075 verbo

450 5097 620 5151 veluti
653 5097 794 5152 clavi
825 5103 1073 5152 uteretur
1094 5097 1215 5167 ejus
1268 5097 1544 5158 facultatis
1566 5140 1583 5165 ,
1612 5112 1735 5173 qure
1770 5105 1839 5161 de
1882 5109 2025 5164 caelo

447 5188 923 5258 suppeditabatur,
961 5197 1018 5245 et
1046 5192 1301 5261 aperiens
1331 5194 1552 5266 quando
1583 5197 1745 5252 vellet
1766 5237 1781 5261 .
1818 5209 1874 5255 et
1905 5217 2055 5269 rur-_

449 5296 548 5336 sus
571 5279 856 5344 claudens,
883 5295 1009 5336 cum
1039 5282 1090 5336 id
1142 5282 1323 5339 facere
1354 5287 1698 5344 commodius
1723 5303 1846 5347 esse
1875 5294 2024 5351 vide-

2132 3184 2233 3255 τὴν
2265 3183 2373 3238 τῶν
2417 3182 2655 3255 πυρίνων
2687 3183 2970 3254 ἡνιόχησιν
3017 3184 3234 3252 ἵππων,
3296 3187 3392 3239 καὶ
3420 3184 3520 3257 τὴν
3571 3187 3715 3257 πρὸς

2132 3275 2194 3330 τὸ
2228 3270 2620 3347 ὑπερκείμενον
2649 3275 2750 3345 τῆς
2780 3275 2892 3329 ἀνω
2922 3273 3130 3347 λήξεως
3155 3275 3533 3349 μεταχώρησιν
3552 3303 3573 3342 ~,
3607 3296 3713 3351 pun-

2132 3368 2244 3431 δεὶς
2292 3367 2591 3422 ἀπαιτείτω
2634 3366 2734 3439 τὴν
2778 3366 3124 3439 ἀνθρωπίνην
3176 3367 3361 3438 φύσιν.
3409 3370 3543 3423 Οὐδὲ
3601 3371 3716 3441 γὰρ·

2133 3460 2340 3523 ἐκεῖνος
2387 3460 2450 3513 ὲν
2490 3460 2605 3522 τοῖς
2651 3458 2801 3530 ὅροις
2840 3458 3016 3530 μένων
3060 3459 3163 3528 τῆς
3212 3459 3458 3528 φύσεως,
3495 3462 3717 3534 ἀπαθὴς

2132 3551 2304 3623 ὲνιτῷ
2335 3551 2469 3623 πυρὶ
2511 3550 2831 3617 διεσώζετο,
2884 3552 3020 3623 πρὸς
3064 3551 3125 3605 τὸ
3168 3539 3449 3623 ἀνωφερὲς
3501 3561 3566 3607 τε
3615 3556 3711 3608 καί

2132 3642 2333 3713 κοῦφον
2365 3642 2487 3715 θείᾳ
2518 3642 2746 3712 δυνάμει
2784 3641 3205 3713 μετασκευάζων
3252 3640 3315 3695 τὸ
3353 3641 3613 3713 ἐμϐριθές
3648 3653 3710 3696 τε

2131 3737 2227 3790 καὶ
2255 3736 2461 3806 γήϊνον,
2497 3733 2623 3806 μήθ’
2644 3734 2727 3787 ὅτι
2757 3733 2849 3786 τὸν
2870 3732 3063 3786 ἑαυτοῦ
3098 3732 3255 3801 λόγον
3282 3726 3392 3786 οἷόν
3414 3748 3535 3790 τινα
3563 3733 3716 3788 κλεῖν

2132 3828 2368 3882 ἐποιεῖτο
2410 3826 2511 3897 τῆς
2564 3824 2623 3891 ἐξ
2670 3823 2901 3897 ούρανοῦ
2956 3823 3260 3897 χορηγίας,
3310 3824 3481 3888 ἀνιείς
3524 3836 3587 3879 τε
3618 3826 3708 3880 ὅτε

2133 3919 2375 3991 βούλοιτο
2399 3955 2416 3982 ,
2449 3917 2544 3972 καὶ
2588 3917 2895 3971 ἀποκλείων
2927 3916 3089 3973 πάλιν
3137 3918 3260 3971 κατ’
3302 3915 3550 3983 ἐξουσίαν
3569 3957 3586 3984 ,
3615 3918 3708 3972 ὅτε

2130 4011 2290 4066 τοῦτο
2314 4009 2579 4081 πράττειν
2617 4009 2839 4079 ἄμεινον
2865 4007 3023 4079 ᾤετο.
3074 4007 3235 4062 Ἀλλά
3263 4008 3359 4063 καὶ
3386 4007 3448 4062 τὸ
3491 4011 3573 4074 είς
3604 4021 3710 4063 ποι

2130 4104 2228 4157 λὺν
2262 4102 2427 4156 αὑτὸν
2459 4101 2741 4173 διαρκέσαι
2790 4100 2985 4172 χρόνον
3040 4099 3297 4154 ἀπόσιτον
3320 4142 3336 4165 ,
3380 4101 3480 4172 μιᾷ
3530 4105 3706 4174 τροφῇ

2129 4193 2224 4247 τοῦ
2260 4192 2554 4262 ὲγκρυφίου
2590 4186 2796 4244 ἐκείνου
2829 4189 3076 4261 ὀλυρίτου
3118 4189 3176 4242 ὲν
3208 4188 3378 4259 ὁμοίῳ
3410 4189 3510 4260 τὴν
3544 4188 3707 4244 δύνα-

2134 4302 2226 4358 μιν
2250 4283 2416 4338 αὑτοῦ
2439 4280 2770 4346 διασώζοντα
2793 4282 2985 4353 μέχρις
3009 4279 3234 4352 ἡμερῶν
3257 4272 3669 4351 τεσσαράκοντα
3687 4296 3707 4314 ⁸

2133 4375 2411 4448 παρείσθω
2458 4373 2552 4429 καὶ
2596 4374 2754 4427 τοῦτο
2779 4413 2794 4437 ,
2826 4369 2904 4436 ὡς
2934 4373 3116 4442 μεῖζον
3148 4372 3182 4444 ἦ
3215 4373 3357 4427 κατά
3397 4372 3705 4445 ἄνθρωπον.

2060 4432 2116 4489 D-
2137 4432 2374 4538 ’Ᾱξτορος
2399 4466 2508 4538 γὰρ
2536 4468 2602 4537 τῇ
2630 4432 2947 4537 ἀνθρωπίνη
2982 4432 3141 4531 φύσει
3166 4432 3276 4517 τῶν
3306 4462 3444 4535 ὑπὲρ
3476 4432 3636 4536 ςρύσιν
3669 4466 3705 4538 ἡ

2127 4563 2380 4633 μίμησις.
2412 4557 2663 4628 Σιγάσθω
2684 4557 2744 4611 δὲ
2787 4557 2924 4628 μετὰ
2946 4555 3154 4610 τούτων
3176 4558 3206 4610 ὃ
3234 4573 3293 4610 τε
3334 4556 3540 4629 βραχὺς
3563 4561 3707 4613 ἐκεῖ·

2122 4671 2213 4718 νος
2239 4653 2332 4707 τοῦ
2370 4650 2600 4723 ἀλεύρου
2649 4648 2925 4720 κέραμος,
2959 4647 3054 4701 καὶ
3101 4649 3130 4701 ὁ
3153 4647 3248 4702 τοῦ
3274 4648 3455 4703 ἐλαίου
3484 4652 3706 4722 καμψά-

2124 4760 2257 4816 κης·
2284 4743 2524 4814 διαρκῶν
2570 4739 2830 4808 ἑκάτερος
2861 4737 2998 4809 πρὸς
3029 4738 3130 4805 τὴν
3178 4739 3367 4809 χρείαν
3410 4741 3469 4794 ἐν
3495 4743 3563 4812 τῇ
3603 4745 3709 4813 τῆς

2123 4836 2331 4907 τροφῆς
2356 4831 2609 4905 χορηγίᾳ,
2640 4831 2735 4885 καὶ
2767 4828 2933 4883 παντὶ
2956 4828 3052 4883 τοῦ
3080 4828 3239 4900 λιμοῦ
3268 4828 3347 4901 τῷ
3371 4830 3547 4903 χρόνῳ
3574 4842 3704 4902 συμ.

2128 4926 2466 4999 παρατείνων
2499 4923 2597 4994 τὴν
2620 4922 2802 4994 χάριν,
2832 4921 2913 4985 είς
2931 4919 3026 4990 ἔτη
3052 4920 3177 4991 τρία
3205 4921 3300 4975 καὶ
3325 4920 3498 4992 μῆνας
3518 4922 3597 4988 ἓξ.
3622 4923 3707 4979 Τὰ

2128 5020 2239 5091 γὰρ
2261 5017 2357 5088 τῆς
2389 5013 2593 5070 ἀνωθεν
2620 5012 2899 5084 ἐνεργείας
2940 5011 3212 5083 θαύματα,
3257 5010 3563 5076 ίδιάζουσαν
3610 5016 3707 5070 ἐπὶ

2128 5113 2238 5167 τῶν
2265 5110 2442 5181 ἔργων
2465 5106 2577 5177 ἔχει
2603 5105 2701 5178 τὴν
2735 5105 2984 5176 δύναμιν.
3015 5105 3125 5158 Καὶ
3145 5106 3245 5159 οὐκ
3268 5104 3334 5160 ἀν
3355 5114 3439 5170 τις
3467 5107 3708 5176 εὐλόγως

2131 5202 2446 5277 ἀνθρωπίνῃ
2479 5199 2639 5270 φύσει
2674 5198 2775 5261 τὰς
2807 5197 3062 5263 τοιαύτας
3087 5197 3515 5271 θαυματοποιίας
3557 5199 3711 5268 λογίο-

2132 5312 2302 5353 σαιτο.

450 5381 625 5425 retur.
666 5370 1002 5438 Quinetiam,
1033 5373 1181 5439 quod
1205 5375 1272 5429 ad
1307 5377 1541 5433 multum
1574 5379 1666 5435 ille
1698 5385 1916 5455 tempus
1955 5388 2196 5444 inediam
2265 5385 2560 5445 toleraret.
2613 5396 2723 5465 uno
2768 5380 2895 5436 cibo
2960 5380 3312 5437 subcinericii
3367 5381 3518 5437 illius
3573 5381 3715 5436 lior-

449 5466 636 5522 deacei
670 5467 831 5537 panis
870 5468 925 5521 in
954 5470 1073 5538 pari
1105 5470 1428 5528 habitudine
1458 5474 1607 5533 vires
1657 5493 1788 5534 suas
1840 5480 1908 5537 ad
1970 5482 2336 5554 quadraginta
2384 5494 2561 5550 usque
2608 5478 2726 5533 dies
2773 5490 3115 5532 conservans
3162 5515 3181 5542 ,
3258 5478 3706 5548 praetermittatur

447 5564 616 5619 etiam
653 5563 781 5629 boc,
834 5572 1024 5636 utpote
1070 5568 1291 5640 majus,
1326 5585 1490 5642 quam
1537 5572 1775 5631 humana
1838 5577 2023 5649 capiat
2086 5587 2307 5636 natura.
2350 5575 2553 5632 Earum
2586 5574 2734 5631 enim
2766 5586 2987 5641 rerum,
3035 5585 3173 5650 'quzc
3224 5581 3487 5645 superant
3543 5583 3713 5629 natu-

475 5763 491 5774 ι
521 5743 576 5779 ⁸⁸
604 5743 771 5802 Rom.
794 5760 915 5809 vtu.
945 5748 1039 5805 38.
