  <div class='ocr_page' id='page_1' title='image "/cluster/home/n/w/nwhite01/storage/ocr_20150623/46/nnc1.0046978380/410.png"; bbox 0 0 4132 6356; ppageno 0'>
   <div class='ocr_carea' id='block_1_1' title="bbox 403 264 3636 337">
    <p class='ocr_par' dir='ltr' id='par_1_1' title="bbox 403 264 3636 337">
     <span class='ocr_line' id='line_1_1' title="bbox 403 264 3636 337; baseline -0.002 -9"><span class='ocrx_word' id='word_1_1' title='bbox 403 273 508 337; x_wconf 71' lang='lat'><strong>80,5</strong></span> <span class='ocrx_word' id='word_1_2' title='bbox 1484 269 1553 326; x_wconf 77' lang='lat' dir='ltr'><strong>IN</strong></span> <span class='ocrx_word' id='word_1_3' title='bbox 1584 266 1871 325; x_wconf 73' lang='lat' dir='ltr'><strong>LAUDEM</strong></span> <span class='ocrx_word' id='word_1_4' title='bbox 1910 264 2217 323; x_wconf 74' lang='lat' dir='ltr'><strong>FRATRIS</strong></span> <span class='ocrx_word' id='word_1_5' title='bbox 2254 268 2519 329; x_wconf 81' lang='lat' dir='ltr'><strong>BASILII.</strong></span> <span class='ocrx_word' id='word_1_6' title='bbox 3530 267 3636 322; x_wconf 75' lang='lat'><strong>806</strong></span> 
     </span>
    </p>
   </div>
   <div class='ocr_carea' id='block_1_2' title="bbox 382 383 3634 458">
    <p class='ocr_par' dir='ltr' id='par_1_2' title="bbox 382 383 3634 458">
     <span class='ocr_line' id='line_1_2' title="bbox 382 383 3634 458; baseline -0.002 -14"><span class='ocrx_word' id='word_1_7' title='bbox 382 405 524 456; x_wconf 88' lang='lat' dir='ltr'><strong>ram,</strong></span> <span class='ocrx_word' id='word_1_8' title='bbox 554 388 792 444; x_wconf 85' lang='lat' dir='ltr'><strong>imitatio</strong></span> <span class='ocrx_word' id='word_1_9' title='bbox 814 387 1065 442; x_wconf 80' lang='lat' dir='ltr'><strong>humanae</strong></span> <span class='ocrx_word' id='word_1_10' title='bbox 1104 394 1315 442; x_wconf 66' lang='lat' dir='ltr'><strong>natura:</strong></span> <span class='ocrx_word' id='word_1_11' title='bbox 1344 387 1602 458; x_wconf 85' lang='lat' dir='ltr'><strong>impedita</strong></span> <span class='ocrx_word' id='word_1_12' title='bbox 1647 394 1753 441; x_wconf 90' lang='lat' dir='ltr'><strong>est.</strong></span> <span class='ocrx_word' id='word_1_13' title='bbox 1784 383 2014 439; x_wconf 90' lang='lat' dir='ltr'><strong>Silentio</strong></span> <span class='ocrx_word' id='word_1_14' title='bbox 2055 393 2408 454; x_wconf 67' lang='lat' dir='ltr'><strong>praetereatur</strong></span> <span class='ocrx_word' id='word_1_15' title='bbox 2465 389 2594 443; x_wconf 93' lang='lat' dir='ltr'><strong>item</strong></span> <span class='ocrx_word' id='word_1_16' title='bbox 2655 402 2779 442; x_wconf 92' lang='lat' dir='ltr'><strong>eum</strong></span> <span class='ocrx_word' id='word_1_17' title='bbox 2812 386 2900 442; x_wconf 90' lang='lat' dir='ltr'><strong>his</strong></span> <span class='ocrx_word' id='word_1_18' title='bbox 2963 393 3018 443; x_wconf 90' lang='lat' dir='ltr'><strong>et</strong></span> <span class='ocrx_word' id='word_1_19' title='bbox 3067 387 3303 457; x_wconf 80' lang='lat' dir='ltr'><strong>exiguus</strong></span> <span class='ocrx_word' id='word_1_20' title='bbox 3346 384 3439 441; x_wconf 91' lang='lat' dir='ltr'><strong>ille</strong></span> <span class='ocrx_word' id='word_1_21' title='bbox 3499 384 3634 441; x_wconf 83' lang='lat' dir='ltr'><strong>fari-</strong></span> 
     </span>
    </p>
   </div>
   <div class='ocr_carea' id='block_1_3' title="bbox 384 476 3635 551">
    <p class='ocr_par' dir='ltr' id='par_1_3' title="bbox 384 476 3635 551">
     <span class='ocr_line' id='line_1_3' title="bbox 384 476 3635 551; baseline -0.002 -16"><span class='ocrx_word' id='word_1_22' title='bbox 384 498 466 535; x_wconf 79' lang='lat' dir='ltr'><strong>nae</strong></span> <span class='ocrx_word' id='word_1_23' title='bbox 505 497 729 546; x_wconf 85' lang='lat' dir='ltr'><strong>urceus,</strong></span> <span class='ocrx_word' id='word_1_24' title='bbox 758 490 812 536; x_wconf 93' lang='lat' dir='ltr'><strong>et</strong></span> <span class='ocrx_word' id='word_1_25' title='bbox 842 496 960 543; x_wconf 88' lang='lat' dir='ltr'><strong>vas,</strong></span> <span class='ocrx_word' id='word_1_26' title='bbox 1005 494 1115 550; x_wconf 92' lang='lat' dir='ltr'><strong>quo</strong></span> <span class='ocrx_word' id='word_1_27' title='bbox 1156 481 1337 535; x_wconf 91' lang='lat' dir='ltr'><strong>oleum</strong></span> <span class='ocrx_word' id='word_1_28' title='bbox 1372 479 2050 547; x_wconf 88' lang='lat' dir='ltr'><strong>continebatur:quorum</strong></span> <span class='ocrx_word' id='word_1_29' title='bbox 2110 485 2404 547; x_wconf 89' lang='lat' dir='ltr'><strong>utrumque</strong></span> <span class='ocrx_word' id='word_1_30' title='bbox 2450 489 2558 534; x_wconf 90' lang='lat' dir='ltr'><strong>tam</strong></span> <span class='ocrx_word' id='word_1_31' title='bbox 2583 481 2707 544; x_wconf 91' lang='lat' dir='ltr'><strong>hoc,</strong></span> <span class='ocrx_word' id='word_1_32' title='bbox 2740 494 2901 551; x_wconf 89' lang='lat' dir='ltr'><strong>quam</strong></span> <span class='ocrx_word' id='word_1_33' title='bbox 2974 478 3091 543; x_wconf 88' lang='lat' dir='ltr'><strong>ille,</strong></span> <span class='ocrx_word' id='word_1_34' title='bbox 3153 476 3300 549; x_wconf 83' lang='lat' dir='ltr'><strong>quod</strong></span> <span class='ocrx_word' id='word_1_35' title='bbox 3368 476 3439 532; x_wconf 88' lang='lat' dir='ltr'><strong>ad</strong></span> <span class='ocrx_word' id='word_1_36' title='bbox 3504 492 3635 544; x_wconf 84' lang='lat' dir='ltr'><strong>snp-</strong></span> 
     </span>
    </p>
   </div>
   <div class='ocr_carea' id='block_1_4' title="bbox 383 568 3633 643">
    <p class='ocr_par' dir='ltr' id='par_1_4' title="bbox 383 568 3633 643">
     <span class='ocr_line' id='line_1_4' title="bbox 383 568 3633 643; baseline -0.001 -17"><span class='ocrx_word' id='word_1_37' title='bbox 383 573 772 643; x_wconf 85' lang='lat' dir='ltr'><strong>peditationem</strong></span> <span class='ocrx_word' id='word_1_38' title='bbox 807 572 1004 626; x_wconf 76' lang='lat' dir='ltr'><strong>attinet</strong></span> <span class='ocrx_word' id='word_1_39' title='bbox 1037 571 1305 635; x_wconf 83' lang='lat' dir='ltr'><strong>alimenti,</strong></span> <span class='ocrx_word' id='word_1_40' title='bbox 1336 572 1402 626; x_wconf 89' lang='lat' dir='ltr'><strong>ad</strong></span> <span class='ocrx_word' id='word_1_41' title='bbox 1450 572 1834 627; x_wconf 81' lang='lat' dir='ltr'><strong>necessitatem</strong></span> <span class='ocrx_word' id='word_1_42' title='bbox 1900 568 2221 637; x_wconf 88' lang='lat' dir='ltr'><strong>suﬂiciebat,</strong></span> <span class='ocrx_word' id='word_1_43' title='bbox 2265 586 2362 640; x_wconf 92' lang='lat' dir='ltr'><strong>per</strong></span> <span class='ocrx_word' id='word_1_44' title='bbox 2410 588 2571 627; x_wconf 90' lang='lat' dir='ltr'><strong>omne</strong></span> <span class='ocrx_word' id='word_1_45' title='bbox 2617 581 2833 641; x_wconf 86' lang='lat' dir='ltr'><strong>tempus</strong></span> <span class='ocrx_word' id='word_1_46' title='bbox 2871 570 3031 626; x_wconf 83' lang='lat' dir='ltr'><strong>famis</strong></span> <span class='ocrx_word' id='word_1_47' title='bbox 3091 569 3415 625; x_wconf 89' lang='lat' dir='ltr'><strong>beneﬁcium</strong></span> <span class='ocrx_word' id='word_1_48' title='bbox 3470 568 3633 623; x_wconf 88' lang='lat' dir='ltr'><strong>simul</strong></span> 
     </span>
    </p>
   </div>
   <div class='ocr_carea' id='block_1_5' title="bbox 383 661 3631 735">
    <p class='ocr_par' dir='ltr' id='par_1_5' title="bbox 383 661 3631 735">
     <span class='ocr_line' id='line_1_5' title="bbox 383 661 3631 735; baseline -0.002 -16"><span class='ocrx_word' id='word_1_49' title='bbox 383 681 691 735; x_wconf 89' lang='lat' dir='ltr'><strong>prorogaus</strong></span> <span class='ocrx_word' id='word_1_50' title='bbox 739 672 793 719; x_wconf 92' lang='lat' dir='ltr'><strong>et</strong></span> <span class='ocrx_word' id='word_1_51' title='bbox 833 665 1136 720; x_wconf 78' lang='lat' dir='ltr'><strong>extendens</strong></span> <span class='ocrx_word' id='word_1_52' title='bbox 1176 664 1241 718; x_wconf 90' lang='lat' dir='ltr'><strong>ad</strong></span> <span class='ocrx_word' id='word_1_53' title='bbox 1281 679 1455 719; x_wconf 88' lang='lat' dir='ltr'><strong>annos</strong></span> <span class='ocrx_word' id='word_1_54' title='bbox 1484 672 1597 719; x_wconf 89' lang='lat' dir='ltr'><strong>tres</strong></span> <span class='ocrx_word' id='word_1_55' title='bbox 1635 670 1691 717; x_wconf 92' lang='lat' dir='ltr'><strong>et</strong></span> <span class='ocrx_word' id='word_1_56' title='bbox 1741 676 1959 717; x_wconf 83' lang='lat' dir='ltr'><strong>menses</strong></span> <span class='ocrx_word' id='word_1_57' title='bbox 1994 676 2109 716; x_wconf 73' lang='lat' dir='ltr'><strong>sex.</strong></span> <span class='ocrx_word' id='word_1_58' title='bbox 2148 661 2280 715; x_wconf 83' lang='lat' dir='ltr'><strong>Nam</strong></span> <span class='ocrx_word' id='word_1_59' title='bbox 2345 680 2557 735; x_wconf 77' lang='lat' dir='ltr'><strong>superze</strong></span> <span class='ocrx_word' id='word_1_60' title='bbox 2602 664 2932 734; x_wconf 82' lang='lat' dir='ltr'><strong>operationis</strong></span> <span class='ocrx_word' id='word_1_61' title='bbox 2962 662 3227 717; x_wconf 88' lang='lat' dir='ltr'><strong>miracula</strong></span> <span class='ocrx_word' id='word_1_62' title='bbox 3296 661 3631 732; x_wconf 86' lang='lat' dir='ltr'><strong>peculiarem</strong></span> 
     </span>
    </p>
   </div>
   <div class='ocr_carea' id='block_1_6' title="bbox 382 754 3632 828">
    <p class='ocr_par' dir='ltr' id='par_1_6' title="bbox 382 754 3632 828">
     <span class='ocr_line' id='line_1_6' title="bbox 382 754 3632 828; baseline -0.001 -16"><span class='ocrx_word' id='word_1_63' title='bbox 382 762 436 813; x_wconf 87' lang='lat' dir='ltr'><strong>in</strong></span> <span class='ocrx_word' id='word_1_64' title='bbox 473 759 731 828; x_wconf 83' lang='lat' dir='ltr'><strong>Operibus</strong></span> <span class='ocrx_word' id='word_1_65' title='bbox 776 758 886 811; x_wconf 89' lang='lat' dir='ltr'><strong>vim</strong></span> <span class='ocrx_word' id='word_1_66' title='bbox 930 757 1150 813; x_wconf 82' lang='lat' dir='ltr'><strong>habent.</strong></span> <span class='ocrx_word' id='word_1_67' title='bbox 1193 755 1305 812; x_wconf 82' lang='lat' dir='ltr'><strong>Nec</strong></span> <span class='ocrx_word' id='word_1_68' title='bbox 1354 765 1500 811; x_wconf 88' lang='lat' dir='ltr'><strong>recte</strong></span> <span class='ocrx_word' id='word_1_69' title='bbox 1545 756 1670 827; x_wconf 89' lang='lat' dir='ltr'><strong>quis</strong></span> <span class='ocrx_word' id='word_1_70' title='bbox 1712 754 1985 825; x_wconf 83' lang='lat' dir='ltr'><strong>ejusmodi</strong></span> <span class='ocrx_word' id='word_1_71' title='bbox 2026 754 2285 811; x_wconf 87' lang='lat' dir='ltr'><strong>miriﬁeas</strong></span> <span class='ocrx_word' id='word_1_72' title='bbox 2330 757 2677 826; x_wconf 89' lang='lat' dir='ltr'><strong>operationes</strong></span> <span class='ocrx_word' id='word_1_73' title='bbox 2718 755 3080 827; x_wconf 86' lang='lat' dir='ltr'><strong>assignaverit</strong></span> <span class='ocrx_word' id='word_1_74' title='bbox 3113 754 3363 808; x_wconf 84' lang='lat' dir='ltr'><strong>humanae</strong></span> <span class='ocrx_word' id='word_1_75' title='bbox 3395 760 3632 808; x_wconf 68' lang='lat' dir='ltr'><strong>naturae.</strong></span> 
     </span>
    </p>
   </div>
   <div class='ocr_carea' id='block_1_7' title="bbox 450 844 1952 920">
    <p class='ocr_par' dir='ltr' id='par_1_7' title="bbox 450 844 1952 920">
     <span class='ocr_line' id='line_1_7' title="bbox 450 844 1952 920; baseline -0.001 -20"><span class='ocrx_word' id='word_1_76' title='bbox 450 848 585 901; x_wconf 78' lang='grc' dir='ltr'>Τίνα</span> <span class='ocrx_word' id='word_1_77' title='bbox 617 844 708 901; x_wconf 79' lang='grc' dir='ltr'><strong>οῦν</strong></span> <span class='ocrx_word' id='word_1_78' title='bbox 742 849 888 901; x_wconf 89' lang='grc' dir='ltr'>ἐστιν</span> <span class='ocrx_word' id='word_1_79' title='bbox 916 849 1016 901; x_wconf 86' lang='grc' dir='ltr'><strong>ὅσα</strong></span> <span class='ocrx_word' id='word_1_80' title='bbox 1044 846 1139 901; x_wconf 88' lang='grc' dir='ltr'><strong>τοῦ</strong></span> <span class='ocrx_word' id='word_1_81' title='bbox 1182 847 1499 902; x_wconf 79' lang='grc' dir='ltr'><strong>διδασκάλου</strong></span> <span class='ocrx_word' id='word_1_82' title='bbox 1532 847 1687 918; x_wconf 79' lang='grc' dir='ltr'>ἡμῶν</span> <span class='ocrx_word' id='word_1_83' title='bbox 1716 848 1853 920; x_wconf 80' lang='grc' dir='ltr'>πρὸς</span> <span class='ocrx_word' id='word_1_84' title='bbox 1883 844 1952 899; x_wconf 83' lang='grc' dir='ltr'>τὰ</span> 
     </span>
    </p>
   </div>
   <div class='ocr_carea' id='block_1_8' title="bbox 2053 844 3633 920">
    <p class='ocr_par' dir='ltr' id='par_1_8' title="bbox 2123 846 3633 918">
     <span class='ocr_line' id='line_1_8' title="bbox 2123 846 3633 918; baseline -0.001 -17"><span class='ocrx_word' id='word_1_85' title='bbox 2123 847 2255 914; x_wconf 79' lang='lat' dir='ltr'><strong>Quae</strong></span> <span class='ocrx_word' id='word_1_86' title='bbox 2295 857 2424 902; x_wconf 89' lang='lat' dir='ltr'><strong>sunt</strong></span> <span class='ocrx_word' id='word_1_87' title='bbox 2476 848 2641 918; x_wconf 82' lang='lat' dir='ltr'><strong>igitur</strong></span> <span class='ocrx_word' id='word_1_88' title='bbox 2668 849 2841 903; x_wconf 88' lang='lat' dir='ltr'><strong>nostri</strong></span> <span class='ocrx_word' id='word_1_89' title='bbox 2892 846 3247 917; x_wconf 65' lang='lat' dir='ltr'><strong>praeceptoris</strong></span> <span class='ocrx_word' id='word_1_90' title='bbox 3281 846 3446 911; x_wconf 89' lang='lat' dir='ltr'><strong>bona,</strong></span> <span class='ocrx_word' id='word_1_91' title='bbox 3508 861 3633 914; x_wconf 78' lang='lat' dir='ltr'><strong>qua:</strong></span> 
     </span>
    </p>
   </div>
   <div class='ocr_carea' id='block_1_9' title="bbox 382 936 1952 1010">
    <p class='ocr_par' dir='ltr' id='par_1_9' title="bbox 382 936 1952 1010">
     <span class='ocr_line' id='line_1_9' title="bbox 382 936 1952 1010; baseline -0.001 -19"><span class='ocrx_word' id='word_1_92' title='bbox 382 941 439 991; x_wconf 88' lang='grc' dir='ltr'><strong>ἐν</strong></span> <span class='ocrx_word' id='word_1_93' title='bbox 484 937 560 1008; x_wconf 83' lang='grc' dir='ltr'><strong>τῷ</strong></span> <span class='ocrx_word' id='word_1_94' title='bbox 606 939 859 1010; x_wconf 80' lang='grc' dir='ltr'>προφήτῃ</span> <span class='ocrx_word' id='word_1_95' title='bbox 912 937 1258 1009; x_wconf 87' lang='grc' dir='ltr'>θεωρούμενα</span> <span class='ocrx_word' id='word_1_96' title='bbox 1313 938 1411 1007; x_wconf 78' lang='grc' dir='ltr'><strong>τὴν</strong></span> <span class='ocrx_word' id='word_1_97' title='bbox 1464 936 1745 991; x_wconf 79' lang='grc' dir='ltr'><strong>κοινωνίαν</strong></span> <span class='ocrx_word' id='word_1_98' title='bbox 1804 936 1952 1006; x_wconf 76' lang='grc' dir='ltr'>ἔχεις</span> 
     </span>
    </p>
   </div>
   <div class='ocr_carea' id='block_1_10' title="bbox 2053 936 3627 1010">
    <p class='ocr_par' dir='ltr' id='par_1_10' title="bbox 2059 938 3627 1010">
     <span class='ocr_line' id='line_1_10' title="bbox 2059 938 3627 1010; baseline -0.001 -17"><span class='ocrx_word' id='word_1_99' title='bbox 2059 954 2182 993; x_wconf 88' lang='lat' dir='ltr'><strong>eum</strong></span> <span class='ocrx_word' id='word_1_100' title='bbox 2208 940 2296 1004; x_wconf 91' lang='lat' dir='ltr'><strong>iis,</strong></span> <span class='ocrx_word' id='word_1_101' title='bbox 2327 956 2447 1009; x_wconf 83' lang='lat' dir='ltr'><strong>quae</strong></span> <span class='ocrx_word' id='word_1_102' title='bbox 2475 941 2528 995; x_wconf 87' lang='lat' dir='ltr'><strong>in</strong></span> <span class='ocrx_word' id='word_1_103' title='bbox 2551 940 2811 1010; x_wconf 89' lang='lat' dir='ltr'><strong>propheta</strong></span> <span class='ocrx_word' id='word_1_104' title='bbox 2841 946 3161 1001; x_wconf 89' lang='lat' dir='ltr'><strong>cernuntur,</strong></span> <span class='ocrx_word' id='word_1_105' title='bbox 3184 938 3627 992; x_wconf 82' lang='lat' dir='ltr'><strong>communionem</strong></span> 
     </span>
    </p>
   </div>
   <div class='ocr_carea' id='block_1_11' title="bbox 381 1019 1952 1101">
    <p class='ocr_par' dir='ltr' id='par_1_11' title="bbox 381 1019 1952 1101">
     <span class='ocr_line' id='line_1_11' title="bbox 381 1019 1952 1101; baseline 0 -18"><span class='ocrx_word' id='word_1_106' title='bbox 381 1019 547 1101; x_wconf 80' lang='grc' dir='ltr'><strong>Ζῆλος</strong></span> <span class='ocrx_word' id='word_1_107' title='bbox 565 1031 820 1094; x_wconf 85' lang='grc' dir='ltr'>πίστεως,</span> <span class='ocrx_word' id='word_1_108' title='bbox 844 1029 1134 1101; x_wconf 86' lang='grc' dir='ltr'>δυσμένεια</span> <span class='ocrx_word' id='word_1_109' title='bbox 1157 1028 1297 1083; x_wconf 85' lang='grc' dir='ltr'><strong>κατὰ</strong></span> <span class='ocrx_word' id='word_1_110' title='bbox 1313 1027 1421 1082; x_wconf 86' lang='grc' dir='ltr'><strong>τῶν</strong></span> <span class='ocrx_word' id='word_1_111' title='bbox 1443 1027 1792 1091; x_wconf 85' lang='grc' dir='ltr'>ἁθετούντων,</span> <span class='ocrx_word' id='word_1_112' title='bbox 1824 1029 1952 1098; x_wconf 82' lang='grc' dir='ltr'>ἀγά-</span> 
     </span>
    </p>
   </div>
   <div class='ocr_carea' id='block_1_12' title="bbox 2053 1019 3629 1101">
    <p class='ocr_par' dir='ltr' id='par_1_12' title="bbox 2059 1028 3629 1087">
     <span class='ocr_line' id='line_1_12' title="bbox 2059 1028 3629 1087; baseline 0.001 -3"><span class='ocrx_word' id='word_1_113' title='bbox 2059 1041 2113 1085; x_wconf 84' lang='grc' dir='ltr'><strong>ει</strong></span> <span class='ocrx_word' id='word_1_114' title='bbox 2147 1032 2459 1086; x_wconf 87' lang='lat' dir='ltr'><strong>societatem</strong></span> <span class='ocrx_word' id='word_1_115' title='bbox 2489 1031 2767 1087; x_wconf 78' lang='lat' dir='ltr'><strong>habeant?</strong></span> <span class='ocrx_word' id='word_1_116' title='bbox 2794 1032 2959 1084; x_wconf 84' lang='lat' dir='ltr'><strong>Antor</strong></span> <span class='ocrx_word' id='word_1_117' title='bbox 2984 1038 3036 1085; x_wconf 88' lang='lat' dir='ltr'><strong>et</strong></span> <span class='ocrx_word' id='word_1_118' title='bbox 3060 1029 3302 1084; x_wconf 87' lang='lat' dir='ltr'><strong>studium</strong></span> <span class='ocrx_word' id='word_1_119' title='bbox 3331 1028 3629 1085; x_wconf 76' lang='lat' dir='ltr'><strong>vehemens</strong></span> 
     </span>
    </p>
   </div>
   <div class='ocr_carea' id='block_1_13' title="bbox 382 1119 1958 1192">
    <p class='ocr_par' dir='ltr' id='par_1_13' title="bbox 382 1119 1958 1192">
     <span class='ocr_line' id='line_1_13' title="bbox 382 1119 1958 1192; baseline 0.001 -18"><span class='ocrx_word' id='word_1_120' title='bbox 382 1140 458 1190; x_wconf 89' lang='grc' dir='ltr'><strong>πη</strong></span> <span class='ocrx_word' id='word_1_121' title='bbox 478 1122 611 1192; x_wconf 79' lang='grc' dir='ltr'>πρὸς</span> <span class='ocrx_word' id='word_1_122' title='bbox 633 1122 723 1175; x_wconf 79' lang='grc' dir='ltr'><strong>τὸν</strong></span> <span class='ocrx_word' id='word_1_123' title='bbox 745 1122 897 1184; x_wconf 78' lang='grc' dir='ltr'>Θεὸν,</span> <span class='ocrx_word' id='word_1_124' title='bbox 921 1121 1179 1192; x_wconf 87' lang='grc' dir='ltr'>ἐπιθυμία</span> <span class='ocrx_word' id='word_1_125' title='bbox 1194 1119 1287 1173; x_wconf 91' lang='grc' dir='ltr'><strong>τοῦ</strong></span> <span class='ocrx_word' id='word_1_126' title='bbox 1306 1120 1458 1184; x_wconf 72' lang='grc' dir='ltr'>ὄντος</span> <span class='ocrx_word' id='word_1_127' title='bbox 1475 1121 1640 1184; x_wconf 77' lang='grc' dir='ltr'>ὅντως</span> <span class='ocrx_word' id='word_1_128' title='bbox 1656 1121 1793 1191; x_wconf 75' lang='grc' dir='ltr'>πρὸς</span> <span class='ocrx_word' id='word_1_129' title='bbox 1810 1121 1958 1175; x_wconf 80' lang='grc' dir='ltr'>οὐδὲν</span> 
     </span>
    </p>
   </div>
   <div class='ocr_carea' id='block_1_14' title="bbox 380 1212 1958 1286">
    <p class='ocr_par' dir='ltr' id='par_1_14' title="bbox 380 1212 1958 1286">
     <span class='ocr_line' id='line_1_14' title="bbox 380 1212 1958 1286; baseline 0.001 -21"><span class='ocrx_word' id='word_1_130' title='bbox 380 1214 487 1267; x_wconf 84' lang='grc' dir='ltr'><strong>τῶν</strong></span> <span class='ocrx_word' id='word_1_131' title='bbox 509 1213 709 1266; x_wconf 83' lang='grc' dir='ltr'>ὑλικῶν</span> <span class='ocrx_word' id='word_1_132' title='bbox 733 1213 1096 1285; x_wconf 70' lang='grc' dir='ltr'>ἀπορρέουσα,</span> <span class='ocrx_word' id='word_1_133' title='bbox 1121 1212 1233 1282; x_wconf 79' lang='grc' dir='ltr'><strong>ζωὴ</strong></span> <span class='ocrx_word' id='word_1_134' title='bbox 1250 1212 1336 1266; x_wconf 83' lang='grc' dir='ltr'>διὰ</span> <span class='ocrx_word' id='word_1_135' title='bbox 1357 1213 1570 1269; x_wconf 86' lang='grc' dir='ltr'>πάντων</span> <span class='ocrx_word' id='word_1_136' title='bbox 1591 1214 1958 1286; x_wconf 80' lang='grc' dir='ltr'>ἐξητασμένη,</span> 
     </span>
    </p>
   </div>
   <div class='ocr_carea' id='block_1_15' title="bbox 384 1302 1960 1377">
    <p class='ocr_par' dir='ltr' id='par_1_15' title="bbox 384 1302 1960 1377">
     <span class='ocr_line' id='line_1_15' title="bbox 384 1302 1960 1377; baseline 0 -19"><span class='ocrx_word' id='word_1_137' title='bbox 384 1305 496 1374; x_wconf 79' lang='grc' dir='ltr'>βίος</span> <span class='ocrx_word' id='word_1_138' title='bbox 529 1302 938 1376; x_wconf 86' lang='grc' dir='ltr'>κατεσκληκὼς,</span> <span class='ocrx_word' id='word_1_139' title='bbox 971 1304 1187 1376; x_wconf 82' lang='grc' dir='ltr'><strong>βλέμμα</strong></span> <span class='ocrx_word' id='word_1_140' title='bbox 1215 1307 1293 1377; x_wconf 83' lang='grc' dir='ltr'>τῷ</span> <span class='ocrx_word' id='word_1_141' title='bbox 1322 1307 1458 1376; x_wconf 85' lang='grc' dir='ltr'>τόνῳ</span> <span class='ocrx_word' id='word_1_142' title='bbox 1487 1307 1585 1377; x_wconf 77' lang='grc' dir='ltr'><strong>τῆς</strong></span> <span class='ocrx_word' id='word_1_143' title='bbox 1617 1304 1794 1375; x_wconf 66' lang='grc' dir='ltr'>ψυχῆς</span> <span class='ocrx_word' id='word_1_144' title='bbox 1831 1322 1960 1358; x_wconf 91' lang='grc' dir='ltr'>συν-</span> 
     </span>
    </p>
   </div>
   <div class='ocr_carea' id='block_1_16' title="bbox 379 1397 1956 1469">
    <p class='ocr_par' dir='ltr' id='par_1_16' title="bbox 379 1397 1956 1469">
     <span class='ocr_line' id='line_1_16' title="bbox 379 1397 1956 1469; baseline 0.001 -21"><span class='ocrx_word' id='word_1_145' title='bbox 379 1398 706 1468; x_wconf 82' lang='grc' dir='ltr'>τεινόμενον,</span> <span class='ocrx_word' id='word_1_146' title='bbox 750 1397 1015 1467; x_wconf 83' lang='grc' dir='ltr'><strong>σεμνότης</strong></span> <span class='ocrx_word' id='word_1_147' title='bbox 1064 1397 1476 1467; x_wconf 84' lang='grc' dir='ltr'>ἁνεπιτήδευτος</span> <span class='ocrx_word' id='word_1_148' title='bbox 1502 1414 1517 1428; x_wconf 84' lang='grc'><em>’</em></span> <span class='ocrx_word' id='word_1_149' title='bbox 1569 1398 1767 1469; x_wconf 87' lang='grc' dir='ltr'>ήσυχία</span> <span class='ocrx_word' id='word_1_150' title='bbox 1798 1397 1956 1465; x_wconf 83' lang='grc' dir='ltr'>λόγου</span> 
     </span>
    </p>
   </div>
   <div class='ocr_carea' id='block_1_17' title="bbox 381 1487 1957 1560">
    <p class='ocr_par' dir='ltr' id='par_1_17' title="bbox 381 1487 1957 1560">
     <span class='ocr_line' id='line_1_17' title="bbox 381 1487 1957 1560; baseline 0.001 -20"><span class='ocrx_word' id='word_1_151' title='bbox 381 1489 763 1559; x_wconf 86' lang='grc' dir='ltr'>ἐνεργεστέρα,</span> <span class='ocrx_word' id='word_1_152' title='bbox 814 1489 1034 1559; x_wconf 71' lang='grc' dir='ltr'>φροντὶς</span> <span class='ocrx_word' id='word_1_153' title='bbox 1066 1488 1328 1559; x_wconf 81' lang='grc' dir='ltr'>περὶτῶν</span> <span class='ocrx_word' id='word_1_154' title='bbox 1358 1487 1745 1560; x_wconf 75' lang='grc' dir='ltr'><strong>ἐλπιζομένων,</strong></span> <span class='ocrx_word' id='word_1_155' title='bbox 1787 1505 1957 1542; x_wconf 69' lang='grc' dir='ltr'>καταο</span> 
     </span>
    </p>
   </div>
   <div class='ocr_carea' id='block_1_18' title="bbox 382 1577 1959 1653">
    <p class='ocr_par' dir='ltr' id='par_1_18' title="bbox 382 1577 1959 1653">
     <span class='ocr_line' id='line_1_18' title="bbox 382 1577 1959 1653; baseline 0.001 -24"><span class='ocrx_word' id='word_1_156' title='bbox 382 1578 640 1647; x_wconf 84' lang='grc' dir='ltr'>φρόνησις</span> <span class='ocrx_word' id='word_1_157' title='bbox 679 1578 784 1630; x_wconf 89' lang='grc' dir='ltr'><strong>τῶν</strong></span> <span class='ocrx_word' id='word_1_158' title='bbox 817 1577 1125 1650; x_wconf 82' lang='grc' dir='ltr'><strong>ὁρωμένων,</strong></span> <span class='ocrx_word' id='word_1_159' title='bbox 1150 1579 1411 1651; x_wconf 82' lang='grc' dir='ltr'><strong>ὁμοτιμία</strong></span> <span class='ocrx_word' id='word_1_160' title='bbox 1441 1580 1578 1653; x_wconf 79' lang='grc' dir='ltr'>πρὸς</span> <span class='ocrx_word' id='word_1_161' title='bbox 1609 1582 1717 1634; x_wconf 79' lang='grc' dir='ltr'>πᾶν</span> <span class='ocrx_word' id='word_1_162' title='bbox 1746 1579 1808 1633; x_wconf 81' lang='grc' dir='ltr'><strong>τὸ</strong></span> <span class='ocrx_word' id='word_1_163' title='bbox 1838 1597 1959 1649; x_wconf 87' lang='grc' dir='ltr'>φαι-</span> 
     </span>
    </p>
   </div>
   <div class='ocr_carea' id='block_1_19' title="bbox 378 1667 1957 1743">
    <p class='ocr_par' dir='ltr' id='par_1_19' title="bbox 378 1667 1957 1743">
     <span class='ocr_line' id='line_1_19' title="bbox 378 1667 1957 1743; baseline 0.004 -22"><span class='ocrx_word' id='word_1_164' title='bbox 378 1668 620 1737; x_wconf 87' lang='grc' dir='ltr'>νόμενον,</span> <span class='ocrx_word' id='word_1_165' title='bbox 671 1667 779 1721; x_wconf 78' lang='grc' dir='ltr'>εἴτε</span> <span class='ocrx_word' id='word_1_166' title='bbox 803 1685 886 1734; x_wconf 88' lang='grc' dir='ltr'><strong>τις</strong></span> <span class='ocrx_word' id='word_1_167' title='bbox 915 1667 1021 1721; x_wconf 88' lang='grc' dir='ltr'><strong>τῶν</strong></span> <span class='ocrx_word' id='word_1_168' title='bbox 1050 1669 1369 1742; x_wconf 80' lang='grc' dir='ltr'>ὑπερόγκων</span> <span class='ocrx_word' id='word_1_169' title='bbox 1398 1672 1455 1725; x_wconf 88' lang='grc' dir='ltr'><strong>ἐν</strong></span> <span class='ocrx_word' id='word_1_170' title='bbox 1485 1670 1755 1743; x_wconf 78' lang='grc' dir='ltr'>ἀξιώματι</span> <span class='ocrx_word' id='word_1_171' title='bbox 1781 1672 1957 1743; x_wconf 80' lang='grc' dir='ltr'><strong>τύχοι,</strong></span> 
     </span>
    </p>
   </div>
   <div class='ocr_carea' id='block_1_20' title="bbox 378 1759 1952 1835">
    <p class='ocr_par' dir='ltr' id='par_1_20' title="bbox 378 1759 1952 1835">
     <span class='ocr_line' id='line_1_20' title="bbox 378 1759 1952 1835; baseline 0.005 -23"><span class='ocrx_word' id='word_1_172' title='bbox 378 1760 488 1813; x_wconf 80' lang='grc' dir='ltr'>εἴτε</span> <span class='ocrx_word' id='word_1_173' title='bbox 506 1759 614 1813; x_wconf 91' lang='grc' dir='ltr'><strong>τῶν</strong></span> <span class='ocrx_word' id='word_1_174' title='bbox 640 1761 907 1814; x_wconf 83' lang='grc' dir='ltr'>ταπεινῶν</span> <span class='ocrx_word' id='word_1_175' title='bbox 927 1778 987 1815; x_wconf 87' lang='grc' dir='ltr'><strong>τε</strong></span> <span class='ocrx_word' id='word_1_176' title='bbox 1012 1762 1105 1816; x_wconf 82' lang='grc' dir='ltr'><strong>καὶ</strong></span> <span class='ocrx_word' id='word_1_177' title='bbox 1129 1763 1557 1835; x_wconf 77' lang='grc' dir='ltr'>ἀπερριμμένων</span> <span class='ocrx_word' id='word_1_178' title='bbox 1580 1765 1952 1835; x_wconf 74' lang='grc' dir='ltr'>προφαίνοιτο.</span> 
     </span>
    </p>
   </div>
   <div class='ocr_carea' id='block_1_21' title="bbox 378 1850 1954 1925">
    <p class='ocr_par' dir='ltr' id='par_1_21' title="bbox 378 1850 1954 1925">
     <span class='ocr_line' id='line_1_21' title="bbox 378 1850 1954 1925; baseline 0.005 -22"><span class='ocrx_word' id='word_1_179' title='bbox 378 1850 564 1904; x_wconf 88' lang='grc' dir='ltr'>Ταῦτά</span> <span class='ocrx_word' id='word_1_180' title='bbox 608 1853 724 1903; x_wconf 82' lang='grc' dir='ltr'>ἐστι</span> <span class='ocrx_word' id='word_1_181' title='bbox 769 1852 864 1906; x_wconf 76' lang='grc' dir='ltr'><strong>καὶ</strong></span> <span class='ocrx_word' id='word_1_182' title='bbox 894 1853 963 1905; x_wconf 78' lang='grc' dir='ltr'>τὰ</span> <span class='ocrx_word' id='word_1_183' title='bbox 1005 1853 1262 1918; x_wconf 87' lang='grc' dir='ltr'>τοιαῦτα,</span> <span class='ocrx_word' id='word_1_184' title='bbox 1308 1854 1366 1907; x_wconf 86' lang='grc' dir='ltr'><strong>ἐν</strong></span> <span class='ocrx_word' id='word_1_185' title='bbox 1396 1852 1478 1917; x_wconf 74' lang='grc' dir='ltr'><strong>οἷς</strong></span> <span class='ocrx_word' id='word_1_186' title='bbox 1509 1858 1756 1925; x_wconf 84' lang='grc' dir='ltr'>μιμεῖται</span> <span class='ocrx_word' id='word_1_187' title='bbox 1788 1857 1817 1910; x_wconf 88' lang='lat'><strong>6</strong></span> <span class='ocrx_word' id='word_1_188' title='bbox 1857 1858 1954 1912; x_wconf 86' lang='grc' dir='ltr'><strong>τοῦ</strong></span> 
     </span>
    </p>
   </div>
   <div class='ocr_carea' id='block_1_22' title="bbox 378 1940 1955 2015">
    <p class='ocr_par' dir='ltr' id='par_1_22' title="bbox 378 1940 1955 2015">
     <span class='ocr_line' id='line_1_22' title="bbox 378 1940 1955 2015; baseline 0.005 -22"><span class='ocrx_word' id='word_1_189' title='bbox 378 1940 694 1995; x_wconf 73' lang='grc' dir='ltr'>διδασκάλου</span> <span class='ocrx_word' id='word_1_190' title='bbox 733 1941 844 2011; x_wconf 88' lang='grc' dir='ltr'>βίος</span> <span class='ocrx_word' id='word_1_191' title='bbox 876 1943 943 1995; x_wconf 79' lang='grc' dir='ltr'>τὰ</span> <span class='ocrx_word' id='word_1_192' title='bbox 970 1942 1062 1996; x_wconf 87' lang='grc' dir='ltr'><strong>τοῦ</strong></span> <span class='ocrx_word' id='word_1_193' title='bbox 1112 1942 1294 1996; x_wconf 81' lang='grc' dir='ltr'>Ἡλίου</span> <span class='ocrx_word' id='word_1_194' title='bbox 1337 1942 1607 2015; x_wconf 88' lang='grc' dir='ltr'>θαύματα.</span> <span class='ocrx_word' id='word_1_195' title='bbox 1664 1947 1726 1999; x_wconf 83' lang='lat' dir='ltr'><strong>Ei</strong></span> <span class='ocrx_word' id='word_1_196' title='bbox 1770 1947 1828 2001; x_wconf 87' lang='grc' dir='ltr'><strong>δέ</strong></span> <span class='ocrx_word' id='word_1_197' title='bbox 1870 1965 1955 2011; x_wconf 90' lang='grc' dir='ltr'><strong>τις</strong></span> 
     </span>
    </p>
   </div>
   <div class='ocr_carea' id='block_1_23' title="bbox 378 2032 1954 2106">
    <p class='ocr_par' dir='ltr' id='par_1_23' title="bbox 378 2032 1954 2106">
     <span class='ocr_line' id='line_1_23' title="bbox 378 2032 1954 2106; baseline 0.005 -22"><span class='ocrx_word' id='word_1_198' title='bbox 378 2033 640 2103; x_wconf 81' lang='grc' dir='ltr'>προφέρει</span> <span class='ocrx_word' id='word_1_199' title='bbox 664 2032 772 2086; x_wconf 88' lang='grc' dir='ltr'><strong>τῶν</strong></span> <span class='ocrx_word' id='word_1_200' title='bbox 801 2033 1204 2105; x_wconf 88' lang='grc' dir='ltr'>τεσσαράκοντα</span> <span class='ocrx_word' id='word_1_201' title='bbox 1233 2036 1453 2105; x_wconf 85' lang='grc' dir='ltr'>ἡμερῶν</span> <span class='ocrx_word' id='word_1_202' title='bbox 1475 2035 1571 2106; x_wconf 82' lang='grc' dir='ltr'><strong>τὴν</strong></span> <span class='ocrx_word' id='word_1_203' title='bbox 1598 2037 1830 2100; x_wconf 84' lang='grc' dir='ltr'>ἀσιτίαν,</span> <span class='ocrx_word' id='word_1_204' title='bbox 1860 2039 1954 2092; x_wconf 70' lang='grc' dir='ltr'>καὶ</span> 
     </span>
    </p>
   </div>
   <div class='ocr_carea' id='block_1_24' title="bbox 379 2124 1950 2198">
    <p class='ocr_par' dir='ltr' id='par_1_24' title="bbox 379 2124 1950 2198">
     <span class='ocr_line' id='line_1_24' title="bbox 379 2124 1950 2198; baseline 0.004 -22"><span class='ocrx_word' id='word_1_205' title='bbox 379 2125 538 2193; x_wconf 72' lang='grc' dir='ltr'>ἡμεῖς</span> <span class='ocrx_word' id='word_1_206' title='bbox 562 2125 652 2177; x_wconf 88' lang='grc' dir='ltr'><strong>τοῦ</strong></span> <span class='ocrx_word' id='word_1_207' title='bbox 676 2125 993 2179; x_wconf 78' lang='grc' dir='ltr'>διδασκάλου</span> <span class='ocrx_word' id='word_1_208' title='bbox 1016 2124 1114 2196; x_wconf 76' lang='grc' dir='ltr'>τὴν</span> <span class='ocrx_word' id='word_1_209' title='bbox 1143 2125 1229 2178; x_wconf 77' lang='grc' dir='ltr'>διὰ</span> <span class='ocrx_word' id='word_1_210' title='bbox 1258 2126 1459 2190; x_wconf 77' lang='grc' dir='ltr'>παντὸς</span> <span class='ocrx_word' id='word_1_211' title='bbox 1485 2127 1578 2180; x_wconf 89' lang='grc' dir='ltr'><strong>τοῦ</strong></span> <span class='ocrx_word' id='word_1_212' title='bbox 1618 2127 1730 2197; x_wconf 86' lang='grc' dir='ltr'>βίου</span> <span class='ocrx_word' id='word_1_213' title='bbox 1772 2129 1950 2198; x_wconf 84' lang='grc' dir='ltr'>ὀλιγο-</span> 
     </span>
    </p>
   </div>
   <div class='ocr_carea' id='block_1_25' title="bbox 380 2215 1954 2288">
    <p class='ocr_par' dir='ltr' id='par_1_25' title="bbox 380 2215 1954 2288">
     <span class='ocr_line' id='line_1_25' title="bbox 380 2215 1954 2288; baseline 0.003 -21"><span class='ocrx_word' id='word_1_214' title='bbox 380 2215 555 2267; x_wconf 83' lang='grc' dir='ltr'>σιτίαν</span> <span class='ocrx_word' id='word_1_215' title='bbox 587 2215 1089 2287; x_wconf 84' lang='grc' dir='ltr'>ἁντιπροσοίσομεν.</span> <span class='ocrx_word' id='word_1_216' title='bbox 1121 2216 1419 2281; x_wconf 79' lang='grc' dir='ltr'>Γειτνιάζει</span> <span class='ocrx_word' id='word_1_217' title='bbox 1448 2217 1556 2287; x_wconf 85' lang='grc' dir='ltr'><strong>γάρ</strong></span> <span class='ocrx_word' id='word_1_218' title='bbox 1589 2235 1703 2280; x_wconf 89' lang='grc' dir='ltr'><strong>πως</strong></span> <span class='ocrx_word' id='word_1_219' title='bbox 1730 2218 1807 2288; x_wconf 82' lang='grc' dir='ltr'>τῷ</span> <span class='ocrx_word' id='word_1_220' title='bbox 1835 2219 1954 2271; x_wconf 83' lang='grc' dir='ltr'>ἀσί-</span> 
     </span>
    </p>
   </div>
   <div class='ocr_carea' id='block_1_26' title="bbox 378 2306 1952 2380">
    <p class='ocr_par' dir='ltr' id='par_1_26' title="bbox 378 2306 1952 2380">
     <span class='ocr_line' id='line_1_26' title="bbox 378 2306 1952 2380; baseline 0.003 -23"><span class='ocrx_word' id='word_1_221' title='bbox 378 2323 456 2377; x_wconf 85' lang='grc' dir='ltr'>τῳ</span> <span class='ocrx_word' id='word_1_222' title='bbox 484 2306 544 2359; x_wconf 77' lang='grc' dir='ltr'>τὸ</span> <span class='ocrx_word' id='word_1_223' title='bbox 575 2306 888 2375; x_wconf 73' lang='grc' dir='ltr'>ὁλιγόσιτον,</span> <span class='ocrx_word' id='word_1_224' title='bbox 935 2308 1026 2360; x_wconf 72' lang='grc' dir='ltr'><strong>καὶ</strong></span> <span class='ocrx_word' id='word_1_225' title='bbox 1056 2306 1286 2377; x_wconf 90' lang='grc' dir='ltr'>μάλιστα</span> <span class='ocrx_word' id='word_1_226' title='bbox 1324 2308 1451 2362; x_wconf 85' lang='grc' dir='ltr'>ὅταν</span> <span class='ocrx_word' id='word_1_227' title='bbox 1476 2308 1537 2361; x_wconf 83' lang='grc' dir='ltr'><strong>τὸ</strong></span> <span class='ocrx_word' id='word_1_228' title='bbox 1572 2309 1670 2378; x_wconf 83' lang='grc' dir='ltr'><strong>μὲν</strong></span> <span class='ocrx_word' id='word_1_229' title='bbox 1704 2312 1759 2363; x_wconf 83' lang='grc' dir='ltr'><strong>ἐν</strong></span> <span class='ocrx_word' id='word_1_230' title='bbox 1787 2310 1952 2380; x_wconf 80' lang='grc' dir='ltr'>ὀλίγῳ</span> 
     </span>
    </p>
   </div>
   <div class='ocr_carea' id='block_1_27' title="bbox 378 2398 1947 2473">
    <p class='ocr_par' dir='ltr' id='par_1_27' title="bbox 378 2398 1947 2473">
     <span class='ocr_line' id='line_1_27' title="bbox 378 2398 1947 2473; baseline 0.003 -23"><span class='ocrx_word' id='word_1_231' title='bbox 378 2398 606 2468; x_wconf 84' lang='grc' dir='ltr'>γένηται</span> <span class='ocrx_word' id='word_1_232' title='bbox 637 2399 832 2470; x_wconf 84' lang='grc' dir='ltr'>χρόνῳ,</span> <span class='ocrx_word' id='word_1_233' title='bbox 861 2399 923 2451; x_wconf 85' lang='grc' dir='ltr'><strong>τὸ</strong></span> <span class='ocrx_word' id='word_1_234' title='bbox 960 2398 1015 2451; x_wconf 78' lang='grc' dir='ltr'>δὲ</span> <span class='ocrx_word' id='word_1_235' title='bbox 1044 2399 1179 2472; x_wconf 80' lang='grc' dir='ltr'>πρὸς</span> <span class='ocrx_word' id='word_1_236' title='bbox 1209 2399 1384 2453; x_wconf 89' lang='grc' dir='ltr'>πάντα</span> <span class='ocrx_word' id='word_1_237' title='bbox 1405 2399 1664 2473; x_wconf 78' lang='grc' dir='ltr'>διαρκέσῃ</span> <span class='ocrx_word' id='word_1_238' title='bbox 1690 2400 1780 2453; x_wconf 75' lang='grc' dir='ltr'>τὸν</span> <span class='ocrx_word' id='word_1_239' title='bbox 1814 2399 1947 2470; x_wconf 83' lang='grc' dir='ltr'>βίον.</span> 
     </span>
    </p>
   </div>
   <div class='ocr_carea' id='block_1_28' title="bbox 384 2489 1951 2562">
    <p class='ocr_par' dir='ltr' id='par_1_28' title="bbox 384 2489 1951 2562">
     <span class='ocr_line' id='line_1_28' title="bbox 384 2489 1951 2562; baseline 0.002 -21"><span class='ocrx_word' id='word_1_240' title='bbox 384 2489 592 2552; x_wconf 80' lang='grc' dir='ltr'>Ἀλλως</span> <span class='ocrx_word' id='word_1_241' title='bbox 634 2506 693 2542; x_wconf 89' lang='grc' dir='ltr'><strong>τε</strong></span> <span class='ocrx_word' id='word_1_242' title='bbox 738 2491 897 2542; x_wconf 68' lang='grc' dir='ltr'>κάκεῖ</span> <span class='ocrx_word' id='word_1_243' title='bbox 941 2489 1040 2559; x_wconf 86' lang='grc' dir='ltr'>μὲν</span> <span class='ocrx_word' id='word_1_244' title='bbox 1078 2492 1105 2542; x_wconf 96' lang='lat'><strong>6</strong></span> <span class='ocrx_word' id='word_1_245' title='bbox 1136 2490 1387 2561; x_wconf 84' lang='grc' dir='ltr'>ὀλυρίτης</span> <span class='ocrx_word' id='word_1_246' title='bbox 1416 2490 1621 2554; x_wconf 84' lang='grc' dir='ltr'>ἐκεῖνος</span> <span class='ocrx_word' id='word_1_247' title='bbox 1648 2490 1951 2562; x_wconf 78' lang='grc' dir='ltr'>ἐγκρυφίας</span> 
     </span>
    </p>
   </div>
   <div class='ocr_carea' id='block_1_29' title="bbox 378 2572 1951 2651">
    <p class='ocr_par' dir='ltr' id='par_1_29' title="bbox 378 2572 1951 2651">
     <span class='ocr_line' id='line_1_29' title="bbox 378 2572 1951 2651; baseline 0.001 -20"><span class='ocrx_word' id='word_1_248' title='bbox 378 2579 647 2649; x_wconf 82' lang='grc' dir='ltr'>διεκράτει</span> <span class='ocrx_word' id='word_1_249' title='bbox 701 2572 793 2633; x_wconf 83' lang='grc' dir='ltr'><strong>τοῦ</strong></span> <span class='ocrx_word' id='word_1_250' title='bbox 827 2580 1105 2651; x_wconf 75' lang='grc' dir='ltr'>προφήτου</span> <span class='ocrx_word' id='word_1_251' title='bbox 1154 2580 1245 2633; x_wconf 79' lang='grc' dir='ltr'><strong>τὸν</strong></span> <span class='ocrx_word' id='word_1_252' title='bbox 1287 2580 1459 2644; x_wconf 87' lang='grc' dir='ltr'>τόνον,</span> <span class='ocrx_word' id='word_1_253' title='bbox 1495 2580 1631 2650; x_wconf 73' lang='grc' dir='ltr'>ἔχων</span> <span class='ocrx_word' id='word_1_254' title='bbox 1654 2598 1706 2634; x_wconf 89' lang='grc' dir='ltr'><strong>τι</strong></span> <span class='ocrx_word' id='word_1_255' title='bbox 1735 2580 1951 2645; x_wconf 85' lang='grc' dir='ltr'>πάντως</span> 
     </span>
    </p>
   </div>
   <div class='ocr_carea' id='block_1_30' title="bbox 380 2664 1951 2741">
    <p class='ocr_par' dir='ltr' id='par_1_30' title="bbox 380 2664 1951 2741">
     <span class='ocr_line' id='line_1_30' title="bbox 380 2664 1951 2741; baseline 0.001 -18"><span class='ocrx_word' id='word_1_256' title='bbox 380 2672 437 2723; x_wconf 89' lang='grc' dir='ltr'><strong>ἐν</strong></span> <span class='ocrx_word' id='word_1_257' title='bbox 469 2670 646 2740; x_wconf 76' lang='grc' dir='ltr'>ἑαυτῷ</span> <span class='ocrx_word' id='word_1_258' title='bbox 689 2670 946 2735; x_wconf 82' lang='grc' dir='ltr'>τοιοῦτον,</span> <span class='ocrx_word' id='word_1_259' title='bbox 987 2664 1031 2738; x_wconf 78' lang='grc' dir='ltr'>ᾧ</span> <span class='ocrx_word' id='word_1_260' title='bbox 1061 2672 1402 2741; x_wconf 89' lang='grc' dir='ltr'>συνετηρεῖτο</span> <span class='ocrx_word' id='word_1_261' title='bbox 1446 2668 1541 2723; x_wconf 88' lang='grc' dir='ltr'><strong>τοῦ</strong></span> <span class='ocrx_word' id='word_1_262' title='bbox 1585 2687 1951 2741; x_wconf 83' lang='grc' dir='ltr'>προσενεγκα-</span> 
     </span>
    </p>
   </div>
   <div class='ocr_carea' id='block_1_31' title="bbox 383 2759 1945 2833">
    <p class='ocr_par' dir='ltr' id='par_1_31' title="bbox 383 2759 1945 2833">
     <span class='ocr_line' id='line_1_31' title="bbox 383 2759 1945 2833; baseline 0 -20"><span class='ocrx_word' id='word_1_263' title='bbox 383 2760 544 2830; x_wconf 88' lang='grc' dir='ltr'>μένου</span> <span class='ocrx_word' id='word_1_264' title='bbox 580 2760 677 2831; x_wconf 81' lang='grc' dir='ltr'><strong>τῆν</strong></span> <span class='ocrx_word' id='word_1_265' title='bbox 707 2761 911 2833; x_wconf 81' lang='grc' dir='ltr'>τροφήν</span> <span class='ocrx_word' id='word_1_266' title='bbox 955 2761 1157 2831; x_wconf 88' lang='grc' dir='ltr'>ταύτην</span> <span class='ocrx_word' id='word_1_267' title='bbox 1188 2761 1222 2832; x_wconf 88' lang='grc' dir='ltr'><strong>ή</strong></span> <span class='ocrx_word' id='word_1_268' title='bbox 1254 2759 1500 2831; x_wconf 88' lang='grc' dir='ltr'>δύναμις.</span> <span class='ocrx_word' id='word_1_269' title='bbox 1534 2762 1840 2832; x_wconf 87' lang='grc' dir='ltr'>Τεκμήριον</span> <span class='ocrx_word' id='word_1_270' title='bbox 1867 2762 1945 2827; x_wconf 81' lang='grc' dir='ltr'><strong>δὲ,</strong></span> 
     </span>
    </p>
   </div>
   <div class='ocr_carea' id='block_1_32' title="bbox 379 2850 1949 2923">
    <p class='ocr_par' dir='ltr' id='par_1_32' title="bbox 379 2850 1949 2923">
     <span class='ocr_line' id='line_1_32' title="bbox 379 2850 1949 2923; baseline 0.003 -21"><span class='ocrx_word' id='word_1_271' title='bbox 379 2852 458 2903; x_wconf 81' lang='grc' dir='ltr'>ὅτι</span> <span class='ocrx_word' id='word_1_272' title='bbox 503 2852 621 2921; x_wconf 73' lang='grc' dir='ltr'>οὐχὶ</span> <span class='ocrx_word' id='word_1_273' title='bbox 668 2851 775 2905; x_wconf 90' lang='grc' dir='ltr'><strong>τῶν</strong></span> <span class='ocrx_word' id='word_1_274' title='bbox 819 2853 1103 2922; x_wconf 76' lang='grc' dir='ltr'>ὁμοφύλων</span> <span class='ocrx_word' id='word_1_275' title='bbox 1145 2869 1227 2914; x_wconf 88' lang='grc' dir='ltr'><strong>τις</strong></span> <span class='ocrx_word' id='word_1_276' title='bbox 1276 2850 1424 2922; x_wconf 85' lang='grc' dir='ltr'>αὑτῷ</span> <span class='ocrx_word' id='word_1_277' title='bbox 1467 2854 1814 2922; x_wconf 84' lang='grc' dir='ltr'>σιτοποιήσας</span> <span class='ocrx_word' id='word_1_278' title='bbox 1851 2852 1949 2923; x_wconf 82' lang='grc' dir='ltr'>τὴν</span> 
     </span>
    </p>
   </div>
   <div class='ocr_carea' id='block_1_33' title="bbox 378 2941 1950 3013">
    <p class='ocr_par' dir='ltr' id='par_1_33' title="bbox 378 2941 1950 3013">
     <span class='ocr_line' id='line_1_33' title="bbox 378 2941 1950 3013; baseline 0.002 -20"><span class='ocrx_word' id='word_1_279' title='bbox 378 2941 579 3013; x_wconf 78' lang='grc' dir='ltr'>τροφὴν</span> <span class='ocrx_word' id='word_1_280' title='bbox 602 2942 962 3013; x_wconf 77' lang='grc' dir='ltr'>παρεθήκατο,</span> <span class='ocrx_word' id='word_1_281' title='bbox 1014 2942 1127 2995; x_wconf 81' lang='grc' dir='ltr'>ἀλλ’</span> <span class='ocrx_word' id='word_1_282' title='bbox 1157 2941 1451 3013; x_wconf 85' lang='grc' dir='ltr'>ἁγγελικῆς</span> <span class='ocrx_word' id='word_1_283' title='bbox 1478 2943 1828 3013; x_wconf 83' lang='grc' dir='ltr'>παρασκευῆς</span> <span class='ocrx_word' id='word_1_284' title='bbox 1860 2944 1950 2996; x_wconf 83' lang='grc' dir='ltr'>ἐν·</span> 
     </span>
    </p>
   </div>
   <div class='ocr_carea' id='block_1_34' title="bbox 381 3031 1950 3106">
    <p class='ocr_par' dir='ltr' id='par_1_34' title="bbox 381 3031 1950 3106">
     <span class='ocr_line' id='line_1_34' title="bbox 381 3031 1950 3106; baseline 0.001 -20"><span class='ocrx_word' id='word_1_285' title='bbox 381 3033 639 3105; x_wconf 70' lang='grc' dir='ltr'>εφορήθη.</span> <span class='ocrx_word' id='word_1_286' title='bbox 665 3032 825 3085; x_wconf 88' lang='grc' dir='ltr'>Ὅθεν</span> <span class='ocrx_word' id='word_1_287' title='bbox 847 3032 991 3103; x_wconf 85' lang='grc' dir='ltr'>αύτῷ</span> <span class='ocrx_word' id='word_1_288' title='bbox 1025 3032 1235 3104; x_wconf 86' lang='grc' dir='ltr'>πλήρης</span> <span class='ocrx_word' id='word_1_289' title='bbox 1260 3052 1319 3087; x_wconf 88' lang='grc' dir='ltr'><strong>τε</strong></span> <span class='ocrx_word' id='word_1_290' title='bbox 1352 3034 1447 3088; x_wconf 63' lang='grc' dir='ltr'><strong>καί¹</strong></span> <span class='ocrx_word' id='word_1_291' title='bbox 1473 3034 1854 3098; x_wconf 82' lang='grc' dir='ltr'>ἀδιάπνευστος</span> <span class='ocrx_word' id='word_1_292' title='bbox 1880 3031 1950 3106; x_wconf 83' lang='grc' dir='ltr'>ἦν</span> 
     </span>
    </p>
   </div>
   <div class='ocr_carea' id='block_1_35' title="bbox 380 3123 1947 3197">
    <p class='ocr_par' dir='ltr' id='par_1_35' title="bbox 380 3123 1947 3197">
     <span class='ocr_line' id='line_1_35' title="bbox 380 3123 1947 3197; baseline 0.002 -21"><span class='ocrx_word' id='word_1_293' title='bbox 380 3124 413 3192; x_wconf 91' lang='grc' dir='ltr'><strong>ή</strong></span> <span class='ocrx_word' id='word_1_294' title='bbox 452 3123 539 3177; x_wconf 81' lang='grc' dir='ltr'><strong>διὰ</strong></span> <span class='ocrx_word' id='word_1_295' title='bbox 579 3125 676 3194; x_wconf 88' lang='grc' dir='ltr'><strong>τῆς</strong></span> <span class='ocrx_word' id='word_1_296' title='bbox 723 3123 929 3193; x_wconf 80' lang='grc' dir='ltr'>τροφῆς</span> <span class='ocrx_word' id='word_1_297' title='bbox 980 3123 1193 3194; x_wconf 77' lang='grc' dir='ltr'>ἐκείνης</span> <span class='ocrx_word' id='word_1_298' title='bbox 1237 3125 1559 3196; x_wconf 83' lang='grc' dir='ltr'>ἐγγινομένη</span> <span class='ocrx_word' id='word_1_299' title='bbox 1604 3125 1682 3196; x_wconf 86' lang='grc' dir='ltr'>τῷ</span> <span class='ocrx_word' id='word_1_300' title='bbox 1736 3127 1947 3197; x_wconf 85' lang='grc' dir='ltr'>σώματι</span> 
     </span>
    </p>
   </div>
   <div class='ocr_carea' id='block_1_36' title="bbox 379 3213 1949 3287">
    <p class='ocr_par' dir='ltr' id='par_1_36' title="bbox 379 3213 1949 3287">
     <span class='ocr_line' id='line_1_36' title="bbox 379 3213 1949 3287; baseline 0.003 -22"><span class='ocrx_word' id='word_1_301' title='bbox 379 3213 625 3283; x_wconf 87' lang='grc' dir='ltr'>δύναμις.</span> <span class='ocrx_word' id='word_1_302' title='bbox 698 3214 960 3267; x_wconf 83' lang='grc' dir='ltr'>Ἐνταῦθα</span> <span class='ocrx_word' id='word_1_303' title='bbox 1010 3214 1065 3266; x_wconf 78' lang='grc' dir='ltr'>δὲ</span> <span class='ocrx_word' id='word_1_304' title='bbox 1118 3216 1267 3268; x_wconf 79' lang='grc' dir='ltr'>οὐδὲν</span> <span class='ocrx_word' id='word_1_305' title='bbox 1319 3216 1798 3287; x_wconf 86' lang='grc' dir='ltr'>καινοτομηθείσης</span> <span class='ocrx_word' id='word_1_306' title='bbox 1848 3217 1949 3286; x_wconf 85' lang='grc' dir='ltr'><strong>τῆς</strong></span> 
     </span>
    </p>
   </div>
   <div class='ocr_carea' id='block_1_37' title="bbox 384 3302 1949 3378">
    <p class='ocr_par' dir='ltr' id='par_1_37' title="bbox 384 3302 1949 3378">
     <span class='ocr_line' id='line_1_37' title="bbox 384 3302 1949 3378; baseline 0.004 -24"><span class='ocrx_word' id='word_1_307' title='bbox 384 3303 689 3372; x_wconf 78' lang='grc' dir='ltr'>συνηθείας,</span> <span class='ocrx_word' id='word_1_308' title='bbox 723 3304 917 3375; x_wconf 81' lang='grc' dir='ltr'>μέτρον</span> <span class='ocrx_word' id='word_1_309' title='bbox 951 3305 1049 3376; x_wconf 85' lang='grc' dir='ltr'><strong>τῆς</strong></span> <span class='ocrx_word' id='word_1_310' title='bbox 1078 3305 1287 3375; x_wconf 85' lang='grc' dir='ltr'>τροφῆς</span> <span class='ocrx_word' id='word_1_311' title='bbox 1312 3308 1340 3360; x_wconf 84' lang='grc' dir='ltr'><strong>ό</strong></span> <span class='ocrx_word' id='word_1_312' title='bbox 1365 3307 1618 3377; x_wconf 80' lang='grc' dir='ltr'>λογισμὸς</span> <span class='ocrx_word' id='word_1_313' title='bbox 1650 3302 1738 3378; x_wconf 78' lang='grc' dir='ltr'>ἦν,</span> <span class='ocrx_word' id='word_1_314' title='bbox 1764 3306 1949 3360; x_wconf 83' lang='grc' dir='ltr'>τοσοῦ-</span> 
     </span>
    </p>
   </div>
   <div class='ocr_carea' id='block_1_38' title="bbox 382 3392 1944 3466">
    <p class='ocr_par' dir='ltr' id='par_1_38' title="bbox 382 3392 1944 3466">
     <span class='ocr_line' id='line_1_38' title="bbox 382 3392 1944 3466; baseline 0.004 -23"><span class='ocrx_word' id='word_1_315' title='bbox 382 3409 471 3443; x_wconf 88' lang='grc' dir='ltr'><strong>τον</strong></span> <span class='ocrx_word' id='word_1_316' title='bbox 500 3392 753 3462; x_wconf 86' lang='grc' dir='ltr'>παρέχων</span> <span class='ocrx_word' id='word_1_317' title='bbox 784 3393 862 3464; x_wconf 75' lang='grc' dir='ltr'>τῷ</span> <span class='ocrx_word' id='word_1_318' title='bbox 895 3392 1125 3464; x_wconf 78' lang='grc' dir='ltr'>σώματι,</span> <span class='ocrx_word' id='word_1_319' title='bbox 1157 3395 1254 3465; x_wconf 78' lang='grc' dir='ltr'>οὐχ</span> <span class='ocrx_word' id='word_1_320' title='bbox 1283 3397 1404 3449; x_wconf 86' lang='grc' dir='ltr'>ὅσον</span> <span class='ocrx_word' id='word_1_321' title='bbox 1430 3398 1464 3466; x_wconf 78' lang='grc' dir='ltr'><strong>ἠ</strong></span> <span class='ocrx_word' id='word_1_322' title='bbox 1488 3395 1646 3465; x_wconf 82' lang='grc' dir='ltr'>φύσις</span> <span class='ocrx_word' id='word_1_323' title='bbox 1675 3397 1944 3460; x_wconf 76' lang='grc' dir='ltr'>ἐϐούλετο,</span> 
     </span>
    </p>
   </div>
   <div class='ocr_carea' id='block_1_39' title="bbox 381 3482 1944 3557">
    <p class='ocr_par' dir='ltr' id='par_1_39' title="bbox 381 3482 1944 3557">
     <span class='ocr_line' id='line_1_39' title="bbox 381 3482 1944 3557; baseline 0.004 -23"><span class='ocrx_word' id='word_1_324' title='bbox 381 3482 495 3535; x_wconf 84' lang='grc' dir='ltr'>ἀλλ’</span> <span class='ocrx_word' id='word_1_325' title='bbox 524 3484 645 3535; x_wconf 72' lang='grc' dir='ltr'>ὅσον</span> <span class='ocrx_word' id='word_1_326' title='bbox 673 3486 701 3535; x_wconf 83' lang='grc' dir='ltr'>ὁ</span> <span class='ocrx_word' id='word_1_327' title='bbox 726 3485 824 3555; x_wconf 81' lang='grc' dir='ltr'><strong>τῆς</strong></span> <span class='ocrx_word' id='word_1_328' title='bbox 854 3484 1174 3555; x_wconf 85' lang='grc' dir='ltr'>ἐγκρατείας</span> <span class='ocrx_word' id='word_1_329' title='bbox 1203 3485 1541 3539; x_wconf 84' lang='grc' dir='ltr'>ἐνεκελεύετο</span> <span class='ocrx_word' id='word_1_330' title='bbox 1576 3488 1757 3557; x_wconf 88' lang='grc' dir='ltr'>νόμος.</span> <span class='ocrx_word' id='word_1_331' title='bbox 1801 3488 1865 3540; x_wconf 83' lang='grc' dir='ltr'><strong><em>Ἢ</em></strong></span> <span class='ocrx_word' id='word_1_332' title='bbox 1889 3488 1944 3540; x_wconf 84' lang='grc' dir='ltr'>δὲ</span> 
     </span>
    </p>
   </div>
   <div class='ocr_carea' id='block_1_40' title="bbox 384 3572 1950 3650">
    <p class='ocr_par' dir='ltr' id='par_1_40' title="bbox 384 3572 1950 3650">
     <span class='ocr_line' id='line_1_40' title="bbox 384 3572 1950 3650; baseline 0.006 -27"><span class='ocrx_word' id='word_1_333' title='bbox 384 3572 646 3643; x_wconf 70' lang='grc' dir='ltr'>ἱερωσύνη</span> <span class='ocrx_word' id='word_1_334' title='bbox 672 3573 763 3627; x_wconf 88' lang='grc' dir='ltr'><strong>τοῦ</strong></span> <span class='ocrx_word' id='word_1_335' title='bbox 788 3574 1128 3639; x_wconf 78' lang='grc' dir='ltr'>διδασκάλου,</span> <span class='ocrx_word' id='word_1_336' title='bbox 1161 3579 1406 3646; x_wconf 77' lang='grc' dir='ltr'>μιμεῖται</span> <span class='ocrx_word' id='word_1_337' title='bbox 1433 3577 1501 3631; x_wconf 74' lang='grc' dir='ltr'><strong>τά</strong></span> <span class='ocrx_word' id='word_1_338' title='bbox 1531 3578 1628 3647; x_wconf 84' lang='grc' dir='ltr'><strong>τῆς</strong></span> <span class='ocrx_word' id='word_1_339' title='bbox 1657 3578 1950 3650; x_wconf 78' lang='grc' dir='ltr'>ἱερωσύνης</span> 
     </span>
    </p>
   </div>
   <div class='ocr_carea' id='block_1_41' title="bbox 381 3663 1951 3740">
    <p class='ocr_par' dir='ltr' id='par_1_41' title="bbox 381 3663 1951 3740">
     <span class='ocr_line' id='line_1_41' title="bbox 381 3663 1951 3740; baseline 0.004 -25"><span class='ocrx_word' id='word_1_340' title='bbox 381 3663 472 3716; x_wconf 90' lang='grc' dir='ltr'><strong>τοῦ</strong></span> <span class='ocrx_word' id='word_1_341' title='bbox 507 3664 782 3735; x_wconf 74' lang='grc' dir='ltr'>προφήτου</span> <span class='ocrx_word' id='word_1_342' title='bbox 814 3665 1105 3735; x_wconf 84' lang='grc' dir='ltr'>αἰνίγματα</span> <span class='ocrx_word' id='word_1_343' title='bbox 1126 3705 1140 3729; x_wconf 92' lang='grc'><strong>,</strong></span> <span class='ocrx_word' id='word_1_344' title='bbox 1189 3666 1275 3719; x_wconf 85' lang='grc' dir='ltr'><strong>διὰ</strong></span> <span class='ocrx_word' id='word_1_345' title='bbox 1320 3666 1415 3719; x_wconf 85' lang='grc' dir='ltr'><strong>τοῦ</strong></span> <span class='ocrx_word' id='word_1_346' title='bbox 1457 3668 1759 3737; x_wconf 88' lang='grc' dir='ltr'>τρισσεύειν</span> <span class='ocrx_word' id='word_1_347' title='bbox 1788 3670 1845 3722; x_wconf 82' lang='grc' dir='ltr'><strong>ἒν</strong></span> <span class='ocrx_word' id='word_1_348' title='bbox 1872 3668 1951 3740; x_wconf 82' lang='grc' dir='ltr'>τῷ</span> 
     </span>
    </p>
   </div>
   <div class='ocr_carea' id='block_1_42' title="bbox 381 3755 1952 3831">
    <p class='ocr_par' dir='ltr' id='par_1_42' title="bbox 381 3755 1952 3831">
     <span class='ocr_line' id='line_1_42' title="bbox 381 3755 1952 3831; baseline 0.004 -25"><span class='ocrx_word' id='word_1_349' title='bbox 381 3755 521 3826; x_wconf 84' lang='grc' dir='ltr'>λόγῳ</span> <span class='ocrx_word' id='word_1_350' title='bbox 548 3758 647 3825; x_wconf 87' lang='grc' dir='ltr'><strong>τῆς</strong></span> <span class='ocrx_word' id='word_1_351' title='bbox 676 3756 930 3819; x_wconf 81' lang='grc' dir='ltr'>πίστεως,</span> <span class='ocrx_word' id='word_1_352' title='bbox 960 3756 1019 3809; x_wconf 85' lang='grc' dir='ltr'>τὸ</span> <span class='ocrx_word' id='word_1_353' title='bbox 1050 3758 1296 3828; x_wconf 83' lang='grc' dir='ltr'>οὐράνιον</span> <span class='ocrx_word' id='word_1_354' title='bbox 1320 3758 1429 3828; x_wconf 89' lang='grc' dir='ltr'><strong>πῦρ</strong></span> <span class='ocrx_word' id='word_1_355' title='bbox 1454 3758 1590 3831; x_wconf 81' lang='grc' dir='ltr'>πρὸς</span> <span class='ocrx_word' id='word_1_356' title='bbox 1614 3760 1714 3820; x_wconf 80' lang='grc' dir='ltr'>τὰς</span> <span class='ocrx_word' id='word_1_357' title='bbox 1744 3762 1952 3831; x_wconf 84' lang='grc' dir='ltr'>ἱερουρ-</span> 
     </span>
    </p>
   </div>
   <div class='ocr_carea' id='block_1_43' title="bbox 381 3844 1951 3920">
    <p class='ocr_par' dir='ltr' id='par_1_43' title="bbox 381 3844 1951 3920">
     <span class='ocr_line' id='line_1_43' title="bbox 381 3844 1951 3920; baseline 0.001 -22"><span class='ocrx_word' id='word_1_358' title='bbox 381 3846 507 3913; x_wconf 84' lang='grc' dir='ltr'>γίας</span> <span class='ocrx_word' id='word_1_359' title='bbox 540 3845 895 3915; x_wconf 71' lang='grc' dir='ltr'>ἐφελκομένη.</span> <span class='ocrx_word' id='word_1_360' title='bbox 950 3844 1067 3916; x_wconf 89' lang='grc' dir='ltr'>Πῦρ</span> <span class='ocrx_word' id='word_1_361' title='bbox 1094 3845 1149 3898; x_wconf 85' lang='grc' dir='ltr'>δὲ</span> <span class='ocrx_word' id='word_1_362' title='bbox 1183 3845 1280 3916; x_wconf 80' lang='grc' dir='ltr'>τὴν</span> <span class='ocrx_word' id='word_1_363' title='bbox 1312 3847 1406 3899; x_wconf 91' lang='grc' dir='ltr'><strong>τοῦ</strong></span> <span class='ocrx_word' id='word_1_364' title='bbox 1453 3848 1606 3915; x_wconf 83' lang='grc' dir='ltr'>ἁγίου</span> <span class='ocrx_word' id='word_1_365' title='bbox 1641 3849 1951 3920; x_wconf 89' lang='grc' dir='ltr'>Πνεύματος</span> 
     </span>
    </p>
   </div>
   <div class='ocr_carea' id='block_1_44' title="bbox 381 3936 1952 4010">
    <p class='ocr_par' dir='ltr' id='par_1_44' title="bbox 381 3936 1952 4010">
     <span class='ocr_line' id='line_1_44' title="bbox 381 3936 1952 4010; baseline 0.003 -21"><span class='ocrx_word' id='word_1_366' title='bbox 381 3936 605 4006; x_wconf 87' lang='grc' dir='ltr'>δύναμιν</span> <span class='ocrx_word' id='word_1_367' title='bbox 638 3936 916 3990; x_wconf 85' lang='grc' dir='ltr'>καλεῖσθαι</span> <span class='ocrx_word' id='word_1_368' title='bbox 949 3936 1186 4007; x_wconf 88' lang='grc' dir='ltr'>πολλαχῆ</span> <span class='ocrx_word' id='word_1_369' title='bbox 1221 3937 1371 4008; x_wconf 72' lang='grc' dir='ltr'>παρὰ</span> <span class='ocrx_word' id='word_1_370' title='bbox 1408 3937 1508 4007; x_wconf 87' lang='grc' dir='ltr'><strong>τῆς</strong></span> <span class='ocrx_word' id='word_1_371' title='bbox 1533 3940 1754 4010; x_wconf 84' lang='grc' dir='ltr'>Γραφῆς</span> <span class='ocrx_word' id='word_1_372' title='bbox 1782 3940 1952 3993; x_wconf 86' lang='grc' dir='ltr'>ἐδιδά-</span> 
     </span>
    </p>
   </div>
   <div class='ocr_carea' id='block_1_45' title="bbox 382 4027 1949 4099">
    <p class='ocr_par' dir='ltr' id='par_1_45' title="bbox 382 4027 1949 4099">
     <span class='ocr_line' id='line_1_45' title="bbox 382 4027 1949 4099; baseline 0.001 -19"><span class='ocrx_word' id='word_1_373' title='bbox 382 4028 610 4097; x_wconf 81' lang='grc' dir='ltr'>χθημεν.</span> <span class='ocrx_word' id='word_1_374' title='bbox 646 4028 863 4099; x_wconf 74' lang='grc' dir='ltr'>Αύχμὸν</span> <span class='ocrx_word' id='word_1_375' title='bbox 908 4027 962 4080; x_wconf 85' lang='grc' dir='ltr'>δὲ</span> <span class='ocrx_word' id='word_1_376' title='bbox 1001 4030 1100 4098; x_wconf 82' lang='grc' dir='ltr'><strong>γῆς</strong></span> <span class='ocrx_word' id='word_1_377' title='bbox 1145 4029 1173 4080; x_wconf 93' lang='lat'><strong>6</strong></span> <span class='ocrx_word' id='word_1_378' title='bbox 1213 4028 1525 4092; x_wconf 79' lang='grc' dir='ltr'>διδάσκαλος</span> <span class='ocrx_word' id='word_1_379' title='bbox 1574 4028 1697 4083; x_wconf 76' lang='grc' dir='ltr'>οὔτε</span> <span class='ocrx_word' id='word_1_380' title='bbox 1741 4030 1949 4095; x_wconf 78' lang='grc' dir='ltr'>ἔλυσεν,</span> 
     </span>
    </p>
   </div>
   <div class='ocr_carea' id='block_1_46' title="bbox 384 4118 1952 4192">
    <p class='ocr_par' dir='ltr' id='par_1_46' title="bbox 384 4118 1952 4192">
     <span class='ocr_line' id='line_1_46' title="bbox 384 4118 1952 4192; baseline 0.003 -22"><span class='ocrx_word' id='word_1_381' title='bbox 384 4118 506 4171; x_wconf 72' lang='grc' dir='ltr'>οὔτε</span> <span class='ocrx_word' id='word_1_382' title='bbox 539 4120 832 4189; x_wconf 81' lang='grc' dir='ltr'>ἐπήγαγεν.</span> <span class='ocrx_word' id='word_1_383' title='bbox 878 4119 1024 4171; x_wconf 85' lang='grc' dir='ltr'>Ἐκεῖ</span> <span class='ocrx_word' id='word_1_384' title='bbox 1049 4118 1105 4172; x_wconf 85' lang='grc' dir='ltr'>δὲ</span> <span class='ocrx_word' id='word_1_385' title='bbox 1144 4120 1172 4172; x_wconf 85' lang='grc' dir='ltr'><strong>ὁ</strong></span> <span class='ocrx_word' id='word_1_386' title='bbox 1214 4119 1387 4189; x_wconf 83' lang='grc' dir='ltr'>μέγας</span> <span class='ocrx_word' id='word_1_387' title='bbox 1415 4122 1719 4191; x_wconf 82' lang='grc' dir='ltr'>προφήτης,</span> <span class='ocrx_word' id='word_1_388' title='bbox 1747 4121 1952 4192; x_wconf 75' lang='grc' dir='ltr'>πλήξας</span> 
     </span>
    </p>
   </div>
   <div class='ocr_carea' id='block_1_47' title="bbox 384 4208 1953 4281">
    <p class='ocr_par' dir='ltr' id='par_1_47' title="bbox 384 4208 1953 4281">
     <span class='ocr_line' id='line_1_47' title="bbox 384 4208 1953 4281; baseline 0.003 -20"><span class='ocrx_word' id='word_1_389' title='bbox 384 4212 448 4279; x_wconf 85' lang='grc' dir='ltr'>τῇ</span> <span class='ocrx_word' id='word_1_390' title='bbox 484 4210 703 4278; x_wconf 82' lang='grc' dir='ltr'>μάστιγι</span> <span class='ocrx_word' id='word_1_391' title='bbox 741 4209 842 4278; x_wconf 84' lang='grc' dir='ltr'><strong>τῆς</strong></span> <span class='ocrx_word' id='word_1_392' title='bbox 879 4208 1177 4281; x_wconf 74' lang='grc' dir='ltr'>ἀνομϐρίας</span> <span class='ocrx_word' id='word_1_393' title='bbox 1210 4209 1308 4280; x_wconf 83' lang='grc' dir='ltr'>τὴν</span> <span class='ocrx_word' id='word_1_394' title='bbox 1345 4209 1470 4279; x_wconf 87' lang='grc' dir='ltr'>γῆν,</span> <span class='ocrx_word' id='word_1_395' title='bbox 1500 4213 1529 4263; x_wconf 92' lang='lat'><strong>6</strong></span> <span class='ocrx_word' id='word_1_396' title='bbox 1560 4211 1719 4274; x_wconf 79' lang='grc' dir='ltr'>αὐτὸς</span> <span class='ocrx_word' id='word_1_397' title='bbox 1743 4211 1837 4265; x_wconf 82' lang='grc' dir='ltr'><strong>καὶ</strong></span> <span class='ocrx_word' id='word_1_398' title='bbox 1870 4211 1953 4265; x_wconf 82' lang='grc' dir='ltr'>ία-</span> 
     </span>
    </p>
   </div>
   <div class='ocr_carea' id='block_1_48' title="bbox 385 4300 1952 4373">
    <p class='ocr_par' dir='ltr' id='par_1_48' title="bbox 385 4300 1952 4373">
     <span class='ocr_line' id='line_1_48' title="bbox 385 4300 1952 4373; baseline 0.003 -21"><span class='ocrx_word' id='word_1_399' title='bbox 385 4301 510 4370; x_wconf 73' lang='grc' dir='ltr'>τρδς</span> <span class='ocrx_word' id='word_1_400' title='bbox 538 4300 631 4353; x_wconf 90' lang='grc' dir='ltr'><strong>τοῦ</strong></span> <span class='ocrx_word' id='word_1_401' title='bbox 658 4300 971 4371; x_wconf 86' lang='grc' dir='ltr'>τραύματος</span> <span class='ocrx_word' id='word_1_402' title='bbox 999 4300 1226 4369; x_wconf 88' lang='grc' dir='ltr'>γίνεται,</span> <span class='ocrx_word' id='word_1_403' title='bbox 1263 4301 1561 4372; x_wconf 84' lang='grc' dir='ltr'>ἐφάμιλλον</span> <span class='ocrx_word' id='word_1_404' title='bbox 1602 4306 1669 4373; x_wconf 77' lang='grc' dir='ltr'>τῇ</span> <span class='ocrx_word' id='word_1_405' title='bbox 1700 4301 1952 4372; x_wconf 82' lang='grc' dir='ltr'>ἀλγηδόνι</span> 
     </span>
    </p>
   </div>
   <div class='ocr_carea' id='block_1_49' title="bbox 385 4388 1953 4462">
    <p class='ocr_par' dir='ltr' id='par_1_49' title="bbox 385 4388 1953 4462">
     <span class='ocr_line' id='line_1_49' title="bbox 385 4388 1953 4462; baseline 0.002 -20"><span class='ocrx_word' id='word_1_406' title='bbox 385 4391 485 4459; x_wconf 81' lang='grc' dir='ltr'><strong>τῆς</strong></span> <span class='ocrx_word' id='word_1_407' title='bbox 532 4391 789 4460; x_wconf 84' lang='grc' dir='ltr'>μάστιγος</span> <span class='ocrx_word' id='word_1_408' title='bbox 836 4388 933 4461; x_wconf 79' lang='grc' dir='ltr'><strong>τήν</strong></span> <span class='ocrx_word' id='word_1_409' title='bbox 966 4393 1030 4444; x_wconf 86' lang='grc' dir='ltr'><strong>ἐκ</strong></span> <span class='ocrx_word' id='word_1_410' title='bbox 1060 4391 1158 4462; x_wconf 88' lang='grc' dir='ltr'><strong>τῆς</strong></span> <span class='ocrx_word' id='word_1_411' title='bbox 1205 4391 1501 4461; x_wconf 86' lang='grc' dir='ltr'>θεραπείας</span> <span class='ocrx_word' id='word_1_412' title='bbox 1540 4392 1722 4445; x_wconf 79' lang='grc' dir='ltr'>ἄνεσιν</span> <span class='ocrx_word' id='word_1_413' title='bbox 1770 4394 1953 4457; x_wconf 80' lang='grc' dir='ltr'>αὐτοῖς</span> 
     </span>
    </p>
   </div>
   <div class='ocr_carea' id='block_1_50' title="bbox 387 4480 1949 4554">
    <p class='ocr_par' dir='ltr' id='par_1_50' title="bbox 387 4480 1949 4554">
     <span class='ocr_line' id='line_1_50' title="bbox 387 4480 1949 4554; baseline 0.002 -20"><span class='ocrx_word' id='word_1_414' title='bbox 387 4481 759 4553; x_wconf 79' lang='grc' dir='ltr'>χαριζόμενος.</span> <span class='ocrx_word' id='word_1_415' title='bbox 819 4480 877 4534; x_wconf 80' lang='lat' dir='ltr'><strong>Ei</strong></span> <span class='ocrx_word' id='word_1_416' title='bbox 904 4482 961 4534; x_wconf 83' lang='grc' dir='ltr'><strong>δέ</strong></span> <span class='ocrx_word' id='word_1_417' title='bbox 1005 4484 1107 4552; x_wconf 78' lang='grc' dir='ltr'><strong>χρή</strong></span> <span class='ocrx_word' id='word_1_418' title='bbox 1146 4500 1198 4534; x_wconf 89' lang='grc' dir='ltr'><strong>τι</strong></span> <span class='ocrx_word' id='word_1_419' title='bbox 1228 4483 1321 4535; x_wconf 84' lang='grc' dir='ltr'><strong>καὶ</strong></span> <span class='ocrx_word' id='word_1_420' title='bbox 1353 4483 1488 4554; x_wconf 83' lang='grc' dir='ltr'>πρὸς</span> <span class='ocrx_word' id='word_1_421' title='bbox 1517 4482 1673 4535; x_wconf 89' lang='grc' dir='ltr'>τοῦτο</span> <span class='ocrx_word' id='word_1_422' title='bbox 1700 4482 1792 4536; x_wconf 87' lang='grc' dir='ltr'><strong>τοῦ</strong></span> <span class='ocrx_word' id='word_1_423' title='bbox 1828 4483 1949 4537; x_wconf 85' lang='grc' dir='ltr'>καθ’</span> 
     </span>
    </p>
   </div>
   <div class='ocr_carea' id='block_1_51' title="bbox 386 4567 1953 4642">
    <p class='ocr_par' dir='ltr' id='par_1_51' title="bbox 386 4567 1953 4642">
     <span class='ocr_line' id='line_1_51' title="bbox 386 4567 1953 4642; baseline 0.002 -19"><span class='ocrx_word' id='word_1_424' title='bbox 386 4572 533 4640; x_wconf 77' lang='grc' dir='ltr'>ἡμᾶς</span> <span class='ocrx_word' id='word_1_425' title='bbox 570 4570 750 4622; x_wconf 81' lang='grc' dir='ltr'>Ἡλίου</span> <span class='ocrx_word' id='word_1_426' title='bbox 780 4567 961 4641; x_wconf 87' lang='grc' dir='ltr'>θαῦμα</span> <span class='ocrx_word' id='word_1_427' title='bbox 986 4572 1160 4623; x_wconf 79' lang='grc' dir='ltr'>εἰπεῖν</span> <span class='ocrx_word' id='word_1_428' title='bbox 1186 4588 1199 4601; x_wconf 87' lang='grc'><strong>·</strong></span> <span class='ocrx_word' id='word_1_429' title='bbox 1232 4570 1353 4641; x_wconf 80' lang='grc' dir='ltr'>θείᾳ</span> <span class='ocrx_word' id='word_1_430' title='bbox 1380 4570 1627 4642; x_wconf 85' lang='grc' dir='ltr'>βουλήσει</span> <span class='ocrx_word' id='word_1_431' title='bbox 1651 4571 1749 4641; x_wconf 87' lang='grc' dir='ltr'><strong>τῆς</strong></span> <span class='ocrx_word' id='word_1_432' title='bbox 1775 4573 1953 4626; x_wconf 78' lang='grc' dir='ltr'>τοιαύ-</span> 
     </span>
    </p>
   </div>
   <div class='ocr_carea' id='block_1_52' title="bbox 384 4660 1952 4732">
    <p class='ocr_par' dir='ltr' id='par_1_52' title="bbox 384 4660 1952 4732">
     <span class='ocr_line' id='line_1_52' title="bbox 384 4660 1952 4732; baseline 0.001 -18"><span class='ocrx_word' id='word_1_433' title='bbox 384 4679 484 4732; x_wconf 88' lang='grc' dir='ltr'><strong>της</strong></span> <span class='ocrx_word' id='word_1_434' title='bbox 510 4660 639 4713; x_wconf 78' lang='grc' dir='ltr'>ποτὲ</span> <span class='ocrx_word' id='word_1_435' title='bbox 669 4661 949 4730; x_wconf 78' lang='grc' dir='ltr'>συμφορᾶς</span> <span class='ocrx_word' id='word_1_436' title='bbox 987 4660 1389 4731; x_wconf 83' lang='grc' dir='ltr'>άπειληθείσης,</span> <span class='ocrx_word' id='word_1_437' title='bbox 1432 4661 1528 4715; x_wconf 74' lang='grc' dir='ltr'>καὶ</span> <span class='ocrx_word' id='word_1_438' title='bbox 1559 4660 1722 4731; x_wconf 83' lang='grc' dir='ltr'>ξηροῦ</span> <span class='ocrx_word' id='word_1_439' title='bbox 1753 4662 1952 4727; x_wconf 74' lang='grc' dir='ltr'>παντὸς</span> 
     </span>
    </p>
   </div>
   <div class='ocr_carea' id='block_1_53' title="bbox 384 4748 1950 4823">
    <p class='ocr_par' dir='ltr' id='par_1_53' title="bbox 384 4748 1950 4823">
     <span class='ocr_line' id='line_1_53' title="bbox 384 4748 1950 4823; baseline 0.002 -21"><span class='ocrx_word' id='word_1_440' title='bbox 384 4750 479 4802; x_wconf 87' lang='grc' dir='ltr'><strong>τοῦ</strong></span> <span class='ocrx_word' id='word_1_441' title='bbox 522 4749 797 4820; x_wconf 86' lang='grc' dir='ltr'>χειμερίου</span> <span class='ocrx_word' id='word_1_442' title='bbox 831 4748 1020 4820; x_wconf 87' lang='grc' dir='ltr'>καιροῦ</span> <span class='ocrx_word' id='word_1_443' title='bbox 1055 4750 1521 4821; x_wconf 88' lang='grc' dir='ltr'>παραδραμόντος,</span> <span class='ocrx_word' id='word_1_444' title='bbox 1563 4752 1655 4805; x_wconf 62' lang='grc' dir='ltr'><strong>καλ⁵</strong></span> <span class='ocrx_word' id='word_1_445' title='bbox 1682 4752 1950 4823; x_wconf 76' lang='grc' dir='ltr'>μηδεμιᾶς</span> 
     </span>
    </p>
   </div>
   <div class='ocr_carea' id='block_1_54' title="bbox 2056 1122 3630 1193">
    <p class='ocr_par' dir='ltr' id='par_1_54' title="bbox 2056 1122 3630 1193">
     <span class='ocr_line' id='line_1_54' title="bbox 2056 1122 3630 1193; baseline -0.003 -17"><span class='ocrx_word' id='word_1_446' title='bbox 2056 1137 2184 1193; x_wconf 83' lang='lat' dir='ltr'><strong>erga</strong></span> <span class='ocrx_word' id='word_1_447' title='bbox 2216 1122 2400 1185; x_wconf 87' lang='lat' dir='ltr'><strong>ﬁdem,</strong></span> <span class='ocrx_word' id='word_1_448' title='bbox 2430 1123 2613 1177; x_wconf 88' lang='lat' dir='ltr'><strong>odium</strong></span> <span class='ocrx_word' id='word_1_449' title='bbox 2645 1122 2907 1177; x_wconf 88' lang='lat' dir='ltr'><strong>adversus</strong></span> <span class='ocrx_word' id='word_1_450' title='bbox 2946 1130 3305 1191; x_wconf 86' lang='lat' dir='ltr'><strong>aspernantes</strong></span> <span class='ocrx_word' id='word_1_451' title='bbox 3337 1127 3390 1174; x_wconf 93' lang='lat' dir='ltr'><strong>et</strong></span> <span class='ocrx_word' id='word_1_452' title='bbox 3438 1135 3630 1189; x_wconf 87' lang='lat' dir='ltr'><strong>repro-</strong></span> 
     </span>
    </p>
   </div>
   <div class='ocr_carea' id='block_1_55' title="bbox 2059 1211 3627 1284">
    <p class='ocr_par' dir='ltr' id='par_1_55' title="bbox 2059 1211 3627 1284">
     <span class='ocr_line' id='line_1_55' title="bbox 2059 1211 3627 1284; baseline -0.004 -15"><span class='ocrx_word' id='word_1_453' title='bbox 2059 1216 2271 1278; x_wconf 87' lang='lat' dir='ltr'><strong>bantcs,</strong></span> <span class='ocrx_word' id='word_1_454' title='bbox 2305 1215 2524 1270; x_wconf 89' lang='lat' dir='ltr'><strong>dilectio</strong></span> <span class='ocrx_word' id='word_1_455' title='bbox 2550 1230 2675 1284; x_wconf 84' lang='lat' dir='ltr'><strong>erga</strong></span> <span class='ocrx_word' id='word_1_456' title='bbox 2709 1213 2899 1275; x_wconf 89' lang='lat' dir='ltr'><strong>Deum,</strong></span> <span class='ocrx_word' id='word_1_457' title='bbox 2933 1213 3173 1268; x_wconf 86' lang='lat' dir='ltr'><strong>studium</strong></span> <span class='ocrx_word' id='word_1_458' title='bbox 3214 1220 3267 1267; x_wconf 87' lang='lat' dir='ltr'><strong>et</strong></span> <span class='ocrx_word' id='word_1_459' title='bbox 3293 1211 3627 1267; x_wconf 78' lang='lat' dir='ltr'><strong>desiderium</strong></span> 
     </span>
    </p>
   </div>
   <div class='ocr_carea' id='block_1_56' title="bbox 2056 1304 3630 1376">
    <p class='ocr_par' dir='ltr' id='par_1_56' title="bbox 2056 1304 3630 1376">
     <span class='ocr_line' id='line_1_56' title="bbox 2056 1304 3630 1376; baseline -0.005 -14"><span class='ocrx_word' id='word_1_460' title='bbox 2056 1306 2197 1376; x_wconf 87' lang='lat' dir='ltr'><strong>ejus,</strong></span> <span class='ocrx_word' id='word_1_461' title='bbox 2230 1307 2322 1376; x_wconf 88' lang='lat' dir='ltr'><strong>qui</strong></span> <span class='ocrx_word' id='word_1_462' title='bbox 2354 1321 2478 1361; x_wconf 90' lang='lat' dir='ltr'><strong>vere</strong></span> <span class='ocrx_word' id='word_1_463' title='bbox 2497 1314 2660 1376; x_wconf 91' lang='lat' dir='ltr'><strong>atque</strong></span> <span class='ocrx_word' id='word_1_464' title='bbox 2700 1304 2875 1374; x_wconf 89' lang='lat' dir='ltr'><strong>reipsa</strong></span> <span class='ocrx_word' id='word_1_465' title='bbox 2908 1314 3011 1365; x_wconf 90' lang='lat' dir='ltr'><strong>est,</strong></span> <span class='ocrx_word' id='word_1_466' title='bbox 3042 1305 3107 1358; x_wconf 90' lang='lat' dir='ltr'><strong>ad</strong></span> <span class='ocrx_word' id='word_1_467' title='bbox 3139 1304 3340 1358; x_wconf 86' lang='lat' dir='ltr'><strong>nullam</strong></span> <span class='ocrx_word' id='word_1_468' title='bbox 3371 1318 3482 1357; x_wconf 89' lang='lat' dir='ltr'><strong>rem</strong></span> <span class='ocrx_word' id='word_1_469' title='bbox 3513 1318 3630 1356; x_wconf 84' lang='lat' dir='ltr'><strong>ma-</strong></span> 
     </span>
    </p>
   </div>
   <div class='ocr_carea' id='block_1_57' title="bbox 2057 1393 3626 1464">
    <p class='ocr_par' dir='ltr' id='par_1_57' title="bbox 2057 1393 3626 1464">
     <span class='ocr_line' id='line_1_57' title="bbox 2057 1393 3626 1464; baseline -0.003 -13"><span class='ocrx_word' id='word_1_470' title='bbox 2057 1397 2299 1451; x_wconf 85' lang='lat' dir='ltr'><strong>terialem</strong></span> <span class='ocrx_word' id='word_1_471' title='bbox 2330 1395 2555 1449; x_wconf 87' lang='lat' dir='ltr'><strong>eﬂlueus</strong></span> <span class='ocrx_word' id='word_1_472' title='bbox 2588 1404 2749 1464; x_wconf 91' lang='lat' dir='ltr'><strong>atque</strong></span> <span class='ocrx_word' id='word_1_473' title='bbox 2790 1393 3116 1460; x_wconf 81' lang='lat' dir='ltr'><strong>deﬂectens;</strong></span> <span class='ocrx_word' id='word_1_474' title='bbox 3152 1395 3261 1447; x_wconf 86' lang='lat' dir='ltr'><strong>vita</strong></span> <span class='ocrx_word' id='word_1_475' title='bbox 3308 1409 3403 1463; x_wconf 90' lang='lat' dir='ltr'><strong>per</strong></span> <span class='ocrx_word' id='word_1_476' title='bbox 3442 1394 3626 1448; x_wconf 84' lang='lat' dir='ltr'><strong>omnia</strong></span> 
     </span>
    </p>
   </div>
   <div class='ocr_carea' id='block_1_58' title="bbox 2056 1485 3627 1556">
    <p class='ocr_par' dir='ltr' id='par_1_58' title="bbox 2056 1485 3627 1556">
     <span class='ocr_line' id='line_1_58' title="bbox 2056 1485 3627 1556; baseline -0.004 -14"><span class='ocrx_word' id='word_1_477' title='bbox 2056 1497 2247 1542; x_wconf 77' lang='lat' dir='ltr'><strong>exacta</strong></span> <span class='ocrx_word' id='word_1_478' title='bbox 2278 1495 2442 1556; x_wconf 87' lang='lat' dir='ltr'><strong>atque</strong></span> <span class='ocrx_word' id='word_1_479' title='bbox 2468 1488 2760 1556; x_wconf 78' lang='lat' dir='ltr'><strong>exquisita.</strong></span> <span class='ocrx_word' id='word_1_480' title='bbox 2791 1488 2969 1540; x_wconf 90' lang='lat' dir='ltr'><strong>vietus</strong></span> <span class='ocrx_word' id='word_1_481' title='bbox 3003 1485 3211 1549; x_wconf 88' lang='lat' dir='ltr'><strong>aridus,</strong></span> <span class='ocrx_word' id='word_1_482' title='bbox 3255 1486 3400 1539; x_wconf 88' lang='lat' dir='ltr'><strong>acies</strong></span> <span class='ocrx_word' id='word_1_483' title='bbox 3434 1485 3627 1539; x_wconf 86' lang='lat' dir='ltr'><strong>oculo-</strong></span> 
     </span>
    </p>
   </div>
   <div class='ocr_carea' id='block_1_59' title="bbox 2057 1578 3626 1647">
    <p class='ocr_par' dir='ltr' id='par_1_59' title="bbox 2057 1578 3626 1647">
     <span class='ocr_line' id='line_1_59' title="bbox 2057 1578 3626 1647; baseline -0.003 -15"><span class='ocrx_word' id='word_1_484' title='bbox 2057 1595 2175 1633; x_wconf 87' lang='lat' dir='ltr'><strong>rum</strong></span> <span class='ocrx_word' id='word_1_485' title='bbox 2213 1589 2267 1632; x_wconf 93' lang='lat' dir='ltr'><strong>et</strong></span> <span class='ocrx_word' id='word_1_486' title='bbox 2321 1579 2545 1634; x_wconf 83' lang='lat' dir='ltr'><strong>obtutus</strong></span> <span class='ocrx_word' id='word_1_487' title='bbox 2572 1579 2766 1632; x_wconf 66' lang='lat' dir='ltr'><strong>anima?</strong></span> <span class='ocrx_word' id='word_1_488' title='bbox 2816 1579 2985 1647; x_wconf 77' lang='lat' dir='ltr'><strong>vigori</strong></span> <span class='ocrx_word' id='word_1_489' title='bbox 3042 1592 3160 1646; x_wconf 89' lang='lat' dir='ltr'><strong>par,</strong></span> <span class='ocrx_word' id='word_1_490' title='bbox 3214 1578 3453 1647; x_wconf 81' lang='lat' dir='ltr'><strong>gravitas</strong></span> <span class='ocrx_word' id='word_1_491' title='bbox 3517 1592 3626 1630; x_wconf 86' lang='lat' dir='ltr'><strong>non</strong></span> 
     </span>
    </p>
   </div>
   <div class='ocr_carea' id='block_1_60' title="bbox 2056 1666 3627 1737">
    <p class='ocr_par' dir='ltr' id='par_1_60' title="bbox 2056 1666 3627 1737">
     <span class='ocr_line' id='line_1_60' title="bbox 2056 1666 3627 1737; baseline -0.001 -15"><span class='ocrx_word' id='word_1_492' title='bbox 2056 1670 2325 1731; x_wconf 85' lang='lat' dir='ltr'><strong>aﬂ&#39;ectata,</strong></span> <span class='ocrx_word' id='word_1_493' title='bbox 2360 1668 2631 1724; x_wconf 85' lang='lat' dir='ltr'><strong>silentium</strong></span> <span class='ocrx_word' id='word_1_494' title='bbox 2680 1684 2930 1723; x_wconf 90' lang='lat' dir='ltr'><strong>sermone</strong></span> <span class='ocrx_word' id='word_1_495' title='bbox 2958 1666 3247 1729; x_wconf 85' lang='lat' dir='ltr'><strong>eﬂieacius,</strong></span> <span class='ocrx_word' id='word_1_496' title='bbox 3281 1683 3413 1721; x_wconf 90' lang='lat' dir='ltr'><strong>cura</strong></span> <span class='ocrx_word' id='word_1_497' title='bbox 3464 1677 3627 1737; x_wconf 89' lang='lat' dir='ltr'><strong>atque</strong></span> 
     </span>
    </p>
   </div>
   <div class='ocr_carea' id='block_1_61' title="bbox 2054 1761 3626 1831">
    <p class='ocr_par' dir='ltr' id='par_1_61' title="bbox 2054 1761 3626 1831">
     <span class='ocr_line' id='line_1_61' title="bbox 2054 1761 3626 1831; baseline -0.002 -17"><span class='ocrx_word' id='word_1_498' title='bbox 2054 1761 2437 1829; x_wconf 89' lang='lat' dir='ltr'><strong>contemplatio</strong></span> <span class='ocrx_word' id='word_1_499' title='bbox 2470 1776 2648 1815; x_wconf 90' lang='lat' dir='ltr'><strong>rerum</strong></span> <span class='ocrx_word' id='word_1_500' title='bbox 2680 1776 2864 1814; x_wconf 89' lang='lat' dir='ltr'><strong>earum</strong></span> <span class='ocrx_word' id='word_1_501' title='bbox 2893 1775 3012 1831; x_wconf 84' lang='lat' dir='ltr'><strong>quae</strong></span> <span class='ocrx_word' id='word_1_502' title='bbox 3037 1770 3348 1829; x_wconf 88' lang='lat' dir='ltr'><strong>sperantur,</strong></span> <span class='ocrx_word' id='word_1_503' title='bbox 3383 1770 3626 1814; x_wconf 78' lang='lat' dir='ltr'><strong>eontem-</strong></span> 
     </span>
    </p>
   </div>
   <div class='ocr_carea' id='block_1_62' title="bbox 2054 1848 3714 1919">
    <p class='ocr_par' dir='ltr' id='par_1_62' title="bbox 2054 1848 3714 1919">
     <span class='ocr_line' id='line_1_62' title="bbox 2054 1848 3714 1919; baseline 0.001 -18"><span class='ocrx_word' id='word_1_504' title='bbox 2054 1857 2179 1919; x_wconf 84' lang='lat' dir='ltr'><strong>plus</strong></span> <span class='ocrx_word' id='word_1_505' title='bbox 2207 1864 2392 1903; x_wconf 87' lang='lat' dir='ltr'><strong>earum</strong></span> <span class='ocrx_word' id='word_1_506' title='bbox 2442 1864 2563 1919; x_wconf 75' lang='lat' dir='ltr'><strong>qua:</strong></span> <span class='ocrx_word' id='word_1_507' title='bbox 2597 1849 2867 1910; x_wconf 90' lang='lat' dir='ltr'><strong>videntur,</strong></span> <span class='ocrx_word' id='word_1_508' title='bbox 2926 1864 3047 1902; x_wconf 89' lang='lat' dir='ltr'><strong>eum</strong></span> <span class='ocrx_word' id='word_1_509' title='bbox 3103 1848 3359 1918; x_wconf 82' lang='lat' dir='ltr'><strong>quisquis</strong></span> <span class='ocrx_word' id='word_1_510' title='bbox 3410 1848 3625 1903; x_wconf 80' lang='lat' dir='ltr'><strong>oblatus</strong></span> <span class='ocrx_word' id='word_1_511' title='bbox 3706 1883 3714 1891; x_wconf 72' lang='grc' dir='ltr'><strong>ι</strong></span> 
     </span>
    </p>
   </div>
   <div class='ocr_carea' id='block_1_63' title="bbox 2054 1938 3620 2009">
    <p class='ocr_par' dir='ltr' id='par_1_63' title="bbox 2054 1938 3620 2009">
     <span class='ocr_line' id='line_1_63' title="bbox 2054 1938 3620 2009; baseline -0.001 -16"><span class='ocrx_word' id='word_1_512' title='bbox 2054 1948 2218 2004; x_wconf 82' lang='lat' dir='ltr'><strong>esset,</strong></span> <span class='ocrx_word' id='word_1_513' title='bbox 2248 1939 2363 1994; x_wconf 89' lang='lat' dir='ltr'><strong>sive</strong></span> <span class='ocrx_word' id='word_1_514' title='bbox 2402 1940 2454 1992; x_wconf 92' lang='lat' dir='ltr'><strong>in</strong></span> <span class='ocrx_word' id='word_1_515' title='bbox 2490 1938 2773 1993; x_wconf 81' lang='lat' dir='ltr'><strong>excellenti</strong></span> <span class='ocrx_word' id='word_1_516' title='bbox 2802 1939 3065 2009; x_wconf 81' lang='lat' dir='ltr'><strong>dignitate</strong></span> <span class='ocrx_word' id='word_1_517' title='bbox 3100 1938 3236 1994; x_wconf 81' lang='lat' dir='ltr'><strong>forte</strong></span> <span class='ocrx_word' id='word_1_518' title='bbox 3263 1940 3620 1999; x_wconf 84' lang='lat' dir='ltr'><strong>constitutus.</strong></span> 
     </span>
    </p>
   </div>
   <div class='ocr_carea' id='block_1_64' title="bbox 2053 2030 3624 2101">
    <p class='ocr_par' dir='ltr' id='par_1_64' title="bbox 2053 2030 3624 2101">
     <span class='ocr_line' id='line_1_64' title="bbox 2053 2030 3624 2101; baseline -0.001 -15"><span class='ocrx_word' id='word_1_519' title='bbox 2053 2033 2169 2087; x_wconf 87' lang='lat' dir='ltr'><strong>sive</strong></span> <span class='ocrx_word' id='word_1_520' title='bbox 2192 2048 2255 2086; x_wconf 82' lang='lat' dir='ltr'><strong>ex</strong></span> <span class='ocrx_word' id='word_1_521' title='bbox 2290 2032 2587 2087; x_wconf 88' lang='lat' dir='ltr'><strong>humilibus</strong></span> <span class='ocrx_word' id='word_1_522' title='bbox 2611 2045 2663 2086; x_wconf 90' lang='lat' dir='ltr'><strong>et</strong></span> <span class='ocrx_word' id='word_1_523' title='bbox 2692 2031 2918 2100; x_wconf 75' lang='lat' dir='ltr'><strong>altjectis</strong></span> <span class='ocrx_word' id='word_1_524' title='bbox 2949 2046 3069 2086; x_wconf 89' lang='lat' dir='ltr'><strong>esse</strong></span> <span class='ocrx_word' id='word_1_525' title='bbox 3096 2042 3401 2101; x_wconf 83' lang='lat' dir='ltr'><strong>appareret,</strong></span> <span class='ocrx_word' id='word_1_526' title='bbox 3434 2030 3624 2086; x_wconf 90' lang='lat' dir='ltr'><strong>eadem</strong></span> 
     </span>
    </p>
   </div>
   <div class='ocr_carea' id='block_1_65' title="bbox 2053 2123 3622 2194">
    <p class='ocr_par' dir='ltr' id='par_1_65' title="bbox 2053 2123 3622 2194">
     <span class='ocr_line' id='line_1_65' title="bbox 2053 2123 3622 2194; baseline 0.001 -18"><span class='ocrx_word' id='word_1_527' title='bbox 2053 2123 2364 2194; x_wconf 69' lang='lat' dir='ltr'><strong>«lignatione</strong></span> <span class='ocrx_word' id='word_1_528' title='bbox 2392 2126 2685 2193; x_wconf 75' lang='lat' dir='ltr'><strong>exciperet,</strong></span> <span class='ocrx_word' id='word_1_529' title='bbox 2735 2134 2790 2178; x_wconf 89' lang='lat' dir='ltr'><strong>et</strong></span> <span class='ocrx_word' id='word_1_530' title='bbox 2824 2125 2876 2178; x_wconf 89' lang='lat' dir='ltr'><strong>in</strong></span> <span class='ocrx_word' id='word_1_531' title='bbox 2907 2124 3094 2178; x_wconf 90' lang='lat' dir='ltr'><strong>eodem</strong></span> <span class='ocrx_word' id='word_1_532' title='bbox 3144 2124 3348 2178; x_wconf 89' lang='lat' dir='ltr'><strong>honore</strong></span> <span class='ocrx_word' id='word_1_533' title='bbox 3376 2124 3622 2179; x_wconf 86' lang='lat' dir='ltr'><strong>haberet.</strong></span> 
     </span>
    </p>
   </div>
   <div class='ocr_carea' id='block_1_66' title="bbox 2060 2214 3626 2285">
    <p class='ocr_par' dir='ltr' id='par_1_66' title="bbox 2060 2214 3626 2285">
     <span class='ocr_line' id='line_1_66' title="bbox 2060 2214 3626 2285; baseline 0.001 -18"><span class='ocrx_word' id='word_1_534' title='bbox 2060 2214 2184 2268; x_wconf 68' lang='lat' dir='ltr'><strong>lla-e</strong></span> <span class='ocrx_word' id='word_1_535' title='bbox 2213 2225 2265 2268; x_wconf 93' lang='lat' dir='ltr'><strong>et</strong></span> <span class='ocrx_word' id='word_1_536' title='bbox 2302 2214 2573 2284; x_wconf 86' lang='lat' dir='ltr'><strong>ejusmodi</strong></span> <span class='ocrx_word' id='word_1_537' title='bbox 2603 2223 2751 2281; x_wconf 87' lang='lat' dir='ltr'><strong>sunt,</strong></span> <span class='ocrx_word' id='word_1_538' title='bbox 2802 2215 2855 2269; x_wconf 93' lang='lat' dir='ltr'><strong>in</strong></span> <span class='ocrx_word' id='word_1_539' title='bbox 2895 2216 3094 2284; x_wconf 89' lang='lat' dir='ltr'><strong>quibus</strong></span> <span class='ocrx_word' id='word_1_540' title='bbox 3138 2215 3483 2285; x_wconf 64' lang='lat' dir='ltr'><strong>praeceptoris</strong></span> <span class='ocrx_word' id='word_1_541' title='bbox 3515 2218 3626 2270; x_wconf 82' lang='lat' dir='ltr'><strong>vita</strong></span> 
     </span>
    </p>
   </div>
   <div class='ocr_carea' id='block_1_67' title="bbox 2057 2305 3625 2376">
    <p class='ocr_par' dir='ltr' id='par_1_67' title="bbox 2057 2305 3625 2376">
     <span class='ocr_line' id='line_1_67' title="bbox 2057 2305 3625 2376; baseline 0 -16"><span class='ocrx_word' id='word_1_542' title='bbox 2057 2307 2319 2361; x_wconf 84' lang='lat' dir='ltr'><strong>miracula</strong></span> <span class='ocrx_word' id='word_1_543' title='bbox 2352 2306 2482 2361; x_wconf 69' lang='lat' dir='ltr'><strong>Elim</strong></span> <span class='ocrx_word' id='word_1_544' title='bbox 2524 2308 2785 2361; x_wconf 86' lang='lat' dir='ltr'><strong>imitatur.</strong></span> <span class='ocrx_word' id='word_1_545' title='bbox 2822 2305 2976 2372; x_wconf 87' lang='lat' dir='ltr'><strong>Quod</strong></span> <span class='ocrx_word' id='word_1_546' title='bbox 3008 2306 3052 2361; x_wconf 91' lang='lat' dir='ltr'><strong>si</strong></span> <span class='ocrx_word' id='word_1_547' title='bbox 3084 2308 3208 2376; x_wconf 90' lang='lat' dir='ltr'><strong>quis</strong></span> <span class='ocrx_word' id='word_1_548' title='bbox 3254 2306 3461 2376; x_wconf 83' lang='lat' dir='ltr'><strong>profert</strong></span> <span class='ocrx_word' id='word_1_549' title='bbox 3490 2322 3625 2376; x_wconf 55' lang='lat' dir='ltr'><strong>qua-</strong></span> 
     </span>
    </p>
   </div>
   <div class='ocr_carea' id='block_1_68' title="bbox 2056 2395 3623 2465">
    <p class='ocr_par' dir='ltr' id='par_1_68' title="bbox 2056 2395 3623 2465">
     <span class='ocr_line' id='line_1_68' title="bbox 2056 2395 3623 2465; baseline -0.001 -15"><span class='ocrx_word' id='word_1_550' title='bbox 2056 2396 2304 2465; x_wconf 82' lang='lat' dir='ltr'><strong>draginta</strong></span> <span class='ocrx_word' id='word_1_551' title='bbox 2330 2395 2537 2450; x_wconf 90' lang='lat' dir='ltr'><strong>dierum</strong></span> <span class='ocrx_word' id='word_1_552' title='bbox 2566 2395 2825 2459; x_wconf 88' lang='lat' dir='ltr'><strong>inediam,</strong></span> <span class='ocrx_word' id='word_1_553' title='bbox 2857 2403 2911 2450; x_wconf 92' lang='lat' dir='ltr'><strong>et</strong></span> <span class='ocrx_word' id='word_1_554' title='bbox 2940 2411 3042 2451; x_wconf 88' lang='lat' dir='ltr'><strong>nos</strong></span> <span class='ocrx_word' id='word_1_555' title='bbox 3073 2411 3168 2465; x_wconf 88' lang='lat' dir='ltr'><strong>per</strong></span> <span class='ocrx_word' id='word_1_556' title='bbox 3202 2410 3418 2451; x_wconf 90' lang='lat' dir='ltr'><strong>omnem</strong></span> <span class='ocrx_word' id='word_1_557' title='bbox 3457 2397 3623 2451; x_wconf 88' lang='lat' dir='ltr'><strong>vitam</strong></span> 
     </span>
    </p>
   </div>
   <div class='ocr_carea' id='block_1_69' title="bbox 2057 2486 3623 2556">
    <p class='ocr_par' dir='ltr' id='par_1_69' title="bbox 2057 2486 3623 2556">
     <span class='ocr_line' id='line_1_69' title="bbox 2057 2486 3623 2556; baseline 0.001 -19"><span class='ocrx_word' id='word_1_558' title='bbox 2057 2486 2301 2555; x_wconf 78' lang='lat' dir='ltr'><strong>magistri</strong></span> <span class='ocrx_word' id='word_1_559' title='bbox 2356 2486 2409 2539; x_wconf 92' lang='lat' dir='ltr'><strong>in</strong></span> <span class='ocrx_word' id='word_1_560' title='bbox 2455 2486 2579 2541; x_wconf 92' lang='lat' dir='ltr'><strong>cibo</strong></span> <span class='ocrx_word' id='word_1_561' title='bbox 2611 2486 3001 2556; x_wconf 86' lang='lat' dir='ltr'><strong>pareimoniam</strong></span> <span class='ocrx_word' id='word_1_562' title='bbox 3040 2494 3232 2540; x_wconf 89' lang='lat' dir='ltr'><strong>contra</strong></span> <span class='ocrx_word' id='word_1_563' title='bbox 3291 2487 3343 2540; x_wconf 88' lang='lat' dir='ltr'><strong>in</strong></span> <span class='ocrx_word' id='word_1_564' title='bbox 3385 2487 3623 2542; x_wconf 90' lang='lat' dir='ltr'><strong>medium</strong></span> 
     </span>
    </p>
   </div>
   <div class='ocr_carea' id='block_1_70' title="bbox 2056 2576 3624 2647">
    <p class='ocr_par' dir='ltr' id='par_1_70' title="bbox 2056 2576 3624 2647">
     <span class='ocr_line' id='line_1_70' title="bbox 2056 2576 3624 2647; baseline 0.002 -18"><span class='ocrx_word' id='word_1_565' title='bbox 2056 2577 2362 2631; x_wconf 82' lang='lat' dir='ltr'><strong>aﬂeremus.</strong></span> <span class='ocrx_word' id='word_1_566' title='bbox 2401 2576 2590 2633; x_wconf 77' lang='lat' dir='ltr'><strong>Vicina</strong></span> <span class='ocrx_word' id='word_1_567' title='bbox 2648 2580 2792 2632; x_wconf 90' lang='lat' dir='ltr'><strong>enim</strong></span> <span class='ocrx_word' id='word_1_568' title='bbox 2847 2576 3251 2647; x_wconf 87' lang='lat' dir='ltr'><strong>quodammodo</strong></span> <span class='ocrx_word' id='word_1_569' title='bbox 3292 2587 3377 2633; x_wconf 90' lang='lat' dir='ltr'><strong>est</strong></span> <span class='ocrx_word' id='word_1_570' title='bbox 3432 2580 3624 2633; x_wconf 75' lang='lat' dir='ltr'><strong>inediae</strong></span> 
     </span>
    </p>
   </div>
   <div class='ocr_carea' id='block_1_71' title="bbox 2055 2668 3627 2740">
    <p class='ocr_par' dir='ltr' id='par_1_71' title="bbox 2055 2668 3627 2740">
     <span class='ocr_line' id='line_1_71' title="bbox 2055 2668 3627 2740; baseline 0.001 -20"><span class='ocrx_word' id='word_1_571' title='bbox 2055 2668 2160 2721; x_wconf 70' lang='grc' dir='ltr'><strong>(τἰὶιί</strong></span> <span class='ocrx_word' id='word_1_572' title='bbox 2213 2669 2482 2739; x_wconf 77' lang='lat' dir='ltr'><strong>exiguitas</strong></span> <span class='ocrx_word' id='word_1_573' title='bbox 2526 2678 2582 2724; x_wconf 90' lang='lat' dir='ltr'><strong>et</strong></span> <span class='ocrx_word' id='word_1_574' title='bbox 2628 2670 2964 2740; x_wconf 90' lang='lat' dir='ltr'><strong>pareimonia</strong></span> <span class='ocrx_word' id='word_1_575' title='bbox 2997 2670 3198 2732; x_wconf 87' lang='lat' dir='ltr'><strong>vietus,</strong></span> <span class='ocrx_word' id='word_1_576' title='bbox 3263 2684 3326 2723; x_wconf 91' lang='lat' dir='ltr'><strong>ac</strong></span> <span class='ocrx_word' id='word_1_577' title='bbox 3364 2669 3627 2734; x_wconf 78' lang='lat' dir='ltr'><strong>maxime,</strong></span> 
     </span>
    </p>
   </div>
   <div class='ocr_carea' id='block_1_72' title="bbox 2055 2760 3626 2833">
    <p class='ocr_par' dir='ltr' id='par_1_72' title="bbox 2055 2760 3626 2833">
     <span class='ocr_line' id='line_1_72' title="bbox 2055 2760 3626 2833; baseline 0.001 -18"><span class='ocrx_word' id='word_1_578' title='bbox 2055 2776 2177 2815; x_wconf 89' lang='lat' dir='ltr'><strong>cum</strong></span> <span class='ocrx_word' id='word_1_579' title='bbox 2212 2760 2342 2814; x_wconf 91' lang='lat' dir='ltr'><strong>illud</strong></span> <span class='ocrx_word' id='word_1_580' title='bbox 2371 2761 2588 2832; x_wconf 92' lang='lat' dir='ltr'><strong>quidem</strong></span> <span class='ocrx_word' id='word_1_581' title='bbox 2629 2763 2824 2832; x_wconf 82' lang='lat' dir='ltr'><strong>exiguo</strong></span> <span class='ocrx_word' id='word_1_582' title='bbox 2867 2772 3105 2833; x_wconf 91' lang='lat' dir='ltr'><strong>tempore</strong></span> <span class='ocrx_word' id='word_1_583' title='bbox 3139 2761 3340 2816; x_wconf 77' lang='lat' dir='ltr'><strong>factum</strong></span> <span class='ocrx_word' id='word_1_584' title='bbox 3372 2764 3464 2827; x_wconf 88' lang='lat' dir='ltr'><strong>sit,</strong></span> <span class='ocrx_word' id='word_1_585' title='bbox 3520 2762 3626 2817; x_wconf 81' lang='lat' dir='ltr'><strong>hoc</strong></span> 
     </span>
    </p>
   </div>
   <div class='ocr_carea' id='block_1_73' title="bbox 2052 2853 3623 2921">
    <p class='ocr_par' dir='ltr' id='par_1_73' title="bbox 2052 2853 3623 2921">
     <span class='ocr_line' id='line_1_73' title="bbox 2052 2853 3623 2921; baseline 0.003 -18"><span class='ocrx_word' id='word_1_586' title='bbox 2052 2866 2183 2904; x_wconf 90' lang='lat' dir='ltr'><strong>vero</strong></span> <span class='ocrx_word' id='word_1_587' title='bbox 2223 2867 2319 2921; x_wconf 90' lang='lat' dir='ltr'><strong>per</strong></span> <span class='ocrx_word' id='word_1_588' title='bbox 2362 2867 2576 2907; x_wconf 86' lang='lat' dir='ltr'><strong>omnem</strong></span> <span class='ocrx_word' id='word_1_589' title='bbox 2623 2854 2789 2909; x_wconf 88' lang='lat' dir='ltr'><strong>vitam</strong></span> <span class='ocrx_word' id='word_1_590' title='bbox 2819 2853 3119 2909; x_wconf 89' lang='lat' dir='ltr'><strong>duraverit.</strong></span> <span class='ocrx_word' id='word_1_591' title='bbox 3145 2853 3411 2908; x_wconf 56' lang='lat' dir='ltr'><strong>Praeterea</strong></span> <span class='ocrx_word' id='word_1_592' title='bbox 3459 2856 3623 2908; x_wconf 89' lang='lat' dir='ltr'><strong>etiam</strong></span> 
     </span>
    </p>
   </div>
   <div class='ocr_carea' id='block_1_74' title="bbox 2054 2942 3628 3017">
    <p class='ocr_par' dir='ltr' id='par_1_74' title="bbox 2054 2942 3628 3017">
     <span class='ocr_line' id='line_1_74' title="bbox 2054 2942 3628 3017; baseline 0.003 -21"><span class='ocrx_word' id='word_1_593' title='bbox 2054 2942 2167 2996; x_wconf 88' lang='lat' dir='ltr'><strong>illic</strong></span> <span class='ocrx_word' id='word_1_594' title='bbox 2217 2942 2436 3011; x_wconf 88' lang='lat' dir='ltr'><strong>quidem</strong></span> <span class='ocrx_word' id='word_1_595' title='bbox 2489 2942 2825 2999; x_wconf 86' lang='lat' dir='ltr'><strong>hordeaceus</strong></span> <span class='ocrx_word' id='word_1_596' title='bbox 2858 2944 2948 2999; x_wconf 93' lang='lat' dir='ltr'><strong>ille</strong></span> <span class='ocrx_word' id='word_1_597' title='bbox 3006 2944 3411 3001; x_wconf 86' lang='lat' dir='ltr'><strong>subcinericius</strong></span> <span class='ocrx_word' id='word_1_598' title='bbox 3466 2946 3628 3017; x_wconf 84' lang='lat' dir='ltr'><strong>panis</strong></span> 
     </span>
    </p>
   </div>
   <div class='ocr_carea' id='block_1_75' title="bbox 2054 3032 3623 3106">
    <p class='ocr_par' dir='ltr' id='par_1_75' title="bbox 2054 3032 3623 3106">
     <span class='ocr_line' id='line_1_75' title="bbox 2054 3032 3623 3106; baseline 0.004 -20"><span class='ocrx_word' id='word_1_599' title='bbox 2054 3033 2331 3103; x_wconf 80' lang='lat' dir='ltr'><strong>prophetae</strong></span> <span class='ocrx_word' id='word_1_600' title='bbox 2362 3032 2601 3103; x_wconf 77' lang='lat' dir='ltr'><strong>vigorem</strong></span> <span class='ocrx_word' id='word_1_601' title='bbox 2655 3041 2708 3089; x_wconf 91' lang='lat' dir='ltr'><strong>et</strong></span> <span class='ocrx_word' id='word_1_602' title='bbox 2733 3035 2877 3090; x_wconf 86' lang='lat' dir='ltr'><strong>vires</strong></span> <span class='ocrx_word' id='word_1_603' title='bbox 2925 3036 3307 3098; x_wconf 89' lang='lat' dir='ltr'><strong>conservabat.</strong></span> <span class='ocrx_word' id='word_1_604' title='bbox 3355 3051 3427 3091; x_wconf 91' lang='lat' dir='ltr'><strong>eo</strong></span> <span class='ocrx_word' id='word_1_605' title='bbox 3475 3039 3623 3106; x_wconf 85' lang='lat' dir='ltr'><strong>quod</strong></span> 
     </span>
    </p>
   </div>
   <div class='ocr_carea' id='block_1_76' title="bbox 2054 3124 3625 3198">
    <p class='ocr_par' dir='ltr' id='par_1_76' title="bbox 2054 3124 3625 3198">
     <span class='ocr_line' id='line_1_76' title="bbox 2054 3124 3625 3198; baseline 0.004 -21"><span class='ocrx_word' id='word_1_606' title='bbox 2054 3139 2281 3194; x_wconf 84' lang='lat' dir='ltr'><strong>prorsus</strong></span> <span class='ocrx_word' id='word_1_607' title='bbox 2310 3124 2514 3193; x_wconf 89' lang='lat' dir='ltr'><strong>aliquid</strong></span> <span class='ocrx_word' id='word_1_608' title='bbox 2549 3124 2814 3193; x_wconf 86' lang='lat' dir='ltr'><strong>ejusmodi</strong></span> <span class='ocrx_word' id='word_1_609' title='bbox 2846 3126 2900 3180; x_wconf 91' lang='lat' dir='ltr'><strong>in</strong></span> <span class='ocrx_word' id='word_1_610' title='bbox 2931 3140 3053 3181; x_wconf 88' lang='lat' dir='ltr'><strong>sese</strong></span> <span class='ocrx_word' id='word_1_611' title='bbox 3084 3126 3329 3190; x_wconf 88' lang='lat' dir='ltr'><strong>haberet,</strong></span> <span class='ocrx_word' id='word_1_612' title='bbox 3361 3142 3470 3197; x_wconf 85' lang='lat' dir='ltr'><strong>quo</strong></span> <span class='ocrx_word' id='word_1_613' title='bbox 3501 3129 3625 3198; x_wconf 87' lang='lat' dir='ltr'><strong>qui-</strong></span> 
     </span>
    </p>
   </div>
   <div class='ocr_carea' id='block_1_77' title="bbox 2053 3215 3626 3288">
    <p class='ocr_par' dir='ltr' id='par_1_77' title="bbox 2053 3215 3626 3288">
     <span class='ocr_line' id='line_1_77' title="bbox 2053 3215 3626 3288; baseline 0.002 -19"><span class='ocrx_word' id='word_1_614' title='bbox 2053 3230 2269 3284; x_wconf 87' lang='lat' dir='ltr'><strong>cunque</strong></span> <span class='ocrx_word' id='word_1_615' title='bbox 2299 3215 2480 3269; x_wconf 89' lang='lat' dir='ltr'><strong>cibum</strong></span> <span class='ocrx_word' id='word_1_616' title='bbox 2515 3215 2660 3270; x_wconf 89' lang='lat' dir='ltr'><strong>hunc</strong></span> <span class='ocrx_word' id='word_1_617' title='bbox 2694 3216 3036 3285; x_wconf 87' lang='lat' dir='ltr'><strong>sumpsisset,</strong></span> <span class='ocrx_word' id='word_1_618' title='bbox 3065 3218 3211 3272; x_wconf 88' lang='lat' dir='ltr'><strong>vires</strong></span> <span class='ocrx_word' id='word_1_619' title='bbox 3242 3216 3364 3288; x_wconf 85' lang='lat' dir='ltr'><strong>ejus</strong></span> <span class='ocrx_word' id='word_1_620' title='bbox 3395 3233 3626 3274; x_wconf 83' lang='lat' dir='ltr'><strong>conser-</strong></span> 
     </span>
    </p>
   </div>
   <div class='ocr_carea' id='block_1_78' title="bbox 2054 3306 3625 3379">
    <p class='ocr_par' dir='ltr' id='par_1_78' title="bbox 2054 3306 3625 3379">
     <span class='ocr_line' id='line_1_78' title="bbox 2054 3306 3625 3379; baseline 0.004 -20"><span class='ocrx_word' id='word_1_621' title='bbox 2054 3312 2329 3360; x_wconf 84' lang='lat' dir='ltr'><strong>varentur.</strong></span> <span class='ocrx_word' id='word_1_622' title='bbox 2366 3306 2535 3374; x_wconf 88' lang='lat' dir='ltr'><strong>Cujus</strong></span> <span class='ocrx_word' id='word_1_623' title='bbox 2582 3307 2657 3361; x_wconf 89' lang='lat' dir='ltr'><strong>rei</strong></span> <span class='ocrx_word' id='word_1_624' title='bbox 2709 3315 3085 3379; x_wconf 83' lang='lat' dir='ltr'><strong>argumentum</strong></span> <span class='ocrx_word' id='word_1_625' title='bbox 3137 3316 3249 3372; x_wconf 90' lang='lat' dir='ltr'><strong>est,</strong></span> <span class='ocrx_word' id='word_1_626' title='bbox 3306 3311 3449 3379; x_wconf 90' lang='lat' dir='ltr'><strong>quod</strong></span> <span class='ocrx_word' id='word_1_627' title='bbox 3512 3326 3625 3366; x_wconf 75' lang='lat' dir='ltr'><strong>non</strong></span> 
     </span>
    </p>
   </div>
   <div class='ocr_carea' id='block_1_79' title="bbox 2054 3397 3625 3472">
    <p class='ocr_par' dir='ltr' id='par_1_79' title="bbox 2054 3397 3625 3472">
     <span class='ocr_line' id='line_1_79' title="bbox 2054 3397 3625 3472; baseline 0.006 -25"><span class='ocrx_word' id='word_1_628' title='bbox 2054 3397 2393 3465; x_wconf 85' lang='lat' dir='ltr'><strong>popularium</strong></span> <span class='ocrx_word' id='word_1_629' title='bbox 2439 3398 2637 3465; x_wconf 87' lang='lat' dir='ltr'><strong>aliquis</strong></span> <span class='ocrx_word' id='word_1_630' title='bbox 2682 3398 2728 3453; x_wconf 88' lang='lat' dir='ltr'><strong>ei</strong></span> <span class='ocrx_word' id='word_1_631' title='bbox 2769 3414 2961 3468; x_wconf 85' lang='lat' dir='ltr'><strong>panem</strong></span> <span class='ocrx_word' id='word_1_632' title='bbox 3014 3398 3321 3454; x_wconf 78' lang='lat' dir='ltr'><strong>confectum</strong></span> <span class='ocrx_word' id='word_1_633' title='bbox 3370 3416 3466 3472; x_wconf 87' lang='lat' dir='ltr'><strong>pro</strong></span> <span class='ocrx_word' id='word_1_634' title='bbox 3499 3404 3625 3458; x_wconf 83' lang='lat' dir='ltr'><strong>cibo</strong></span> 
     </span>
    </p>
   </div>
   <div class='ocr_carea' id='block_1_80' title="bbox 2054 3485 3623 3557">
    <p class='ocr_par' dir='ltr' id='par_1_80' title="bbox 2054 3485 3623 3557">
     <span class='ocr_line' id='line_1_80' title="bbox 2054 3485 3623 3557; baseline 0.011 -23"><span class='ocrx_word' id='word_1_635' title='bbox 2054 3492 2397 3550; x_wconf 75' lang='lat' dir='ltr'><strong>apposuerat,</strong></span> <span class='ocrx_word' id='word_1_636' title='bbox 2428 3485 2520 3539; x_wconf 88' lang='lat' dir='ltr'><strong>sed</strong></span> <span class='ocrx_word' id='word_1_637' title='bbox 2552 3485 2621 3540; x_wconf 92' lang='lat' dir='ltr'><strong>ab</strong></span> <span class='ocrx_word' id='word_1_638' title='bbox 2652 3486 2857 3555; x_wconf 81' lang='lat' dir='ltr'><strong>angelis</strong></span> <span class='ocrx_word' id='word_1_639' title='bbox 2887 3497 3079 3557; x_wconf 89' lang='lat' dir='ltr'><strong>parato</strong></span> <span class='ocrx_word' id='word_1_640' title='bbox 3110 3489 3235 3543; x_wconf 88' lang='lat' dir='ltr'><strong>cibo</strong></span> <span class='ocrx_word' id='word_1_641' title='bbox 3261 3491 3490 3547; x_wconf 80' lang='lat' dir='ltr'><strong>satiatus</strong></span> <span class='ocrx_word' id='word_1_642' title='bbox 3513 3504 3623 3551; x_wconf 88' lang='lat' dir='ltr'><strong>est.</strong></span> 
     </span>
    </p>
   </div>
   <div class='ocr_carea' id='block_1_81' title="bbox 2052 3574 3619 3648">
    <p class='ocr_par' dir='ltr' id='par_1_81' title="bbox 2052 3574 3619 3648">
     <span class='ocr_line' id='line_1_81' title="bbox 2052 3574 3619 3648; baseline 0.005 -18"><span class='ocrx_word' id='word_1_643' title='bbox 2052 3574 2210 3630; x_wconf 87' lang='lat' dir='ltr'><strong>Unde</strong></span> <span class='ocrx_word' id='word_1_644' title='bbox 2242 3576 2406 3629; x_wconf 88' lang='lat' dir='ltr'><strong>etiam</strong></span> <span class='ocrx_word' id='word_1_645' title='bbox 2448 3576 2619 3646; x_wconf 74' lang='lat' dir='ltr'><strong>plenae</strong></span> <span class='ocrx_word' id='word_1_646' title='bbox 2648 3584 2810 3646; x_wconf 88' lang='lat' dir='ltr'><strong>atque</strong></span> <span class='ocrx_word' id='word_1_647' title='bbox 2838 3578 3059 3648; x_wconf 64' lang='lat' dir='ltr'><strong>integrae</strong></span> <span class='ocrx_word' id='word_1_648' title='bbox 3081 3581 3390 3646; x_wconf 89' lang='lat' dir='ltr'><strong>manebant,</strong></span> <span class='ocrx_word' id='word_1_649' title='bbox 3433 3590 3486 3636; x_wconf 76' lang='lat' dir='ltr'><strong>et</strong></span> <span class='ocrx_word' id='word_1_650' title='bbox 3513 3601 3619 3639; x_wconf 89' lang='lat' dir='ltr'><strong>non</strong></span> 
     </span>
    </p>
   </div>
   <div class='ocr_carea' id='block_1_82' title="bbox 2049 3664 3623 3741">
    <p class='ocr_par' dir='ltr' id='par_1_82' title="bbox 2049 3664 3623 3741">
     <span class='ocr_line' id='line_1_82' title="bbox 2049 3664 3623 3741; baseline 0.006 -23"><span class='ocrx_word' id='word_1_651' title='bbox 2049 3664 2339 3719; x_wconf 85' lang='lat' dir='ltr'><strong>eﬁluebant</strong></span> <span class='ocrx_word' id='word_1_652' title='bbox 2377 3673 2539 3736; x_wconf 90' lang='lat' dir='ltr'><strong>atque</strong></span> <span class='ocrx_word' id='word_1_653' title='bbox 2581 3668 2931 3737; x_wconf 77' lang='lat' dir='ltr'><strong>exspirabant</strong></span> <span class='ocrx_word' id='word_1_654' title='bbox 2958 3684 3055 3732; x_wconf 71' lang='lat' dir='ltr'><strong>ere,</strong></span> <span class='ocrx_word' id='word_1_655' title='bbox 3088 3686 3208 3740; x_wconf 66' lang='lat' dir='ltr'><strong>quae</strong></span> <span class='ocrx_word' id='word_1_656' title='bbox 3231 3687 3325 3741; x_wconf 89' lang='lat' dir='ltr'><strong>per</strong></span> <span class='ocrx_word' id='word_1_657' title='bbox 3356 3673 3506 3728; x_wconf 91' lang='lat' dir='ltr'><strong>illum</strong></span> <span class='ocrx_word' id='word_1_658' title='bbox 3538 3676 3623 3729; x_wconf 84' lang='lat' dir='ltr'><strong>ci-</strong></span> 
     </span>
    </p>
   </div>
   <div class='ocr_carea' id='block_1_83' title="bbox 2051 3757 3618 3830">
    <p class='ocr_par' dir='ltr' id='par_1_83' title="bbox 2051 3757 3618 3830">
     <span class='ocr_line' id='line_1_83' title="bbox 2051 3757 3618 3830; baseline 0.006 -19"><span class='ocrx_word' id='word_1_659' title='bbox 2051 3757 2177 3811; x_wconf 89' lang='lat' dir='ltr'><strong>bum</strong></span> <span class='ocrx_word' id='word_1_660' title='bbox 2214 3764 2429 3827; x_wconf 85' lang='lat' dir='ltr'><strong>corpori</strong></span> <span class='ocrx_word' id='word_1_661' title='bbox 2484 3758 2626 3813; x_wconf 84' lang='lat' dir='ltr'><strong>vires</strong></span> <span class='ocrx_word' id='word_1_662' title='bbox 2678 3760 3143 3830; x_wconf 86' lang='lat' dir='ltr'><strong>ingenerarentur.</strong></span> <span class='ocrx_word' id='word_1_663' title='bbox 3188 3762 3287 3818; x_wconf 88' lang='lat' dir='ltr'><strong>llic</strong></span> <span class='ocrx_word' id='word_1_664' title='bbox 3317 3780 3446 3819; x_wconf 89' lang='lat' dir='ltr'><strong>vero</strong></span> <span class='ocrx_word' id='word_1_665' title='bbox 3493 3782 3618 3820; x_wconf 91' lang='lat' dir='ltr'><strong>cum</strong></span> 
     </span>
    </p>
   </div>
   <div class='ocr_carea' id='block_1_84' title="bbox 2050 3845 3612 3917">
    <p class='ocr_par' dir='ltr' id='par_1_84' title="bbox 2050 3845 3612 3917">
     <span class='ocr_line' id='line_1_84' title="bbox 2050 3845 3612 3917; baseline 0.007 -19"><span class='ocrx_word' id='word_1_666' title='bbox 2050 3845 2183 3899; x_wconf 89' lang='lat' dir='ltr'><strong>nihil</strong></span> <span class='ocrx_word' id='word_1_667' title='bbox 2212 3847 2279 3901; x_wconf 93' lang='lat' dir='ltr'><strong>de</strong></span> <span class='ocrx_word' id='word_1_668' title='bbox 2304 3847 2580 3902; x_wconf 77' lang='lat' dir='ltr'><strong>eurisuetis</strong></span> <span class='ocrx_word' id='word_1_669' title='bbox 2614 3849 2968 3904; x_wconf 84' lang='lat' dir='ltr'><strong>innovaretur</strong></span> <span class='ocrx_word' id='word_1_670' title='bbox 3003 3860 3058 3906; x_wconf 89' lang='lat' dir='ltr'><strong>et</strong></span> <span class='ocrx_word' id='word_1_671' title='bbox 3084 3853 3486 3917; x_wconf 85' lang='lat' dir='ltr'><strong>immutaretur,</strong></span> <span class='ocrx_word' id='word_1_672' title='bbox 3528 3872 3612 3909; x_wconf 85' lang='lat' dir='ltr'><strong>ra-</strong></span> 
     </span>
    </p>
   </div>
   <div class='ocr_carea' id='block_1_85' title="bbox 2050 3936 3617 4015">
    <p class='ocr_par' dir='ltr' id='par_1_85' title="bbox 2050 3936 3617 4015">
     <span class='ocr_line' id='line_1_85' title="bbox 2050 3936 3617 4015; baseline 0.009 -27"><span class='ocrx_word' id='word_1_673' title='bbox 2050 3936 2129 3988; x_wconf 88' lang='lat' dir='ltr'><strong>tio</strong></span> <span class='ocrx_word' id='word_1_674' title='bbox 2167 3937 2345 3989; x_wconf 85' lang='lat' dir='ltr'><strong>cibum</strong></span> <span class='ocrx_word' id='word_1_675' title='bbox 2390 3938 2786 4004; x_wconf 88' lang='lat' dir='ltr'><strong>moderabatur,</strong></span> <span class='ocrx_word' id='word_1_676' title='bbox 2841 3950 3048 3996; x_wconf 85' lang='lat' dir='ltr'><strong>tantum</strong></span> <span class='ocrx_word' id='word_1_677' title='bbox 3083 3945 3298 4013; x_wconf 87' lang='lat' dir='ltr'><strong>corpori</strong></span> <span class='ocrx_word' id='word_1_678' title='bbox 3350 3947 3617 4015; x_wconf 75' lang='lat' dir='ltr'><strong>praebens,</strong></span> 
     </span>
    </p>
   </div>
   <div class='ocr_carea' id='block_1_86' title="bbox 2050 4032 3621 4109">
    <p class='ocr_par' dir='ltr' id='par_1_86' title="bbox 2050 4032 3621 4109">
     <span class='ocr_line' id='line_1_86' title="bbox 2050 4032 3621 4109; baseline 0.01 -30"><span class='ocrx_word' id='word_1_679' title='bbox 2050 4043 2157 4080; x_wconf 92' lang='lat' dir='ltr'><strong>non</strong></span> <span class='ocrx_word' id='word_1_680' title='bbox 2192 4036 2453 4095; x_wconf 82' lang='lat' dir='ltr'><strong>quantum</strong></span> <span class='ocrx_word' id='word_1_681' title='bbox 2508 4040 2701 4083; x_wconf 89' lang='lat' dir='ltr'><strong>natura</strong></span> <span class='ocrx_word' id='word_1_682' title='bbox 2737 4032 2914 4097; x_wconf 87' lang='lat' dir='ltr'><strong>vellet,</strong></span> <span class='ocrx_word' id='word_1_683' title='bbox 2962 4034 3056 4088; x_wconf 91' lang='lat' dir='ltr'><strong>sed</strong></span> <span class='ocrx_word' id='word_1_684' title='bbox 3104 4043 3368 4103; x_wconf 88' lang='lat' dir='ltr'><strong>quantum</strong></span> <span class='ocrx_word' id='word_1_685' title='bbox 3413 4046 3621 4109; x_wconf 87' lang='lat' dir='ltr'><strong>tempe-</strong></span> 
     </span>
    </p>
   </div>
   <div class='ocr_carea' id='block_1_87' title="bbox 2053 4119 3620 4199">
    <p class='ocr_par' dir='ltr' id='par_1_87' title="bbox 2053 4119 3620 4199">
     <span class='ocr_line' id='line_1_87' title="bbox 2053 4119 3620 4199; baseline 0.011 -30"><span class='ocrx_word' id='word_1_686' title='bbox 2053 4121 2242 4171; x_wconf 79' lang='lat' dir='ltr'><strong>rantiae</strong></span> <span class='ocrx_word' id='word_1_687' title='bbox 2272 4119 2356 4173; x_wconf 83' lang='lat' dir='ltr'><strong>lex</strong></span> <span class='ocrx_word' id='word_1_688' title='bbox 2382 4120 2617 4188; x_wconf 89' lang='lat' dir='ltr'><strong>juberet.</strong></span> <span class='ocrx_word' id='word_1_689' title='bbox 2653 4119 2823 4175; x_wconf 81' lang='lat' dir='ltr'><strong>Porro</strong></span> <span class='ocrx_word' id='word_1_690' title='bbox 2870 4124 3233 4179; x_wconf 86' lang='lat' dir='ltr'><strong>sacerdotium</strong></span> <span class='ocrx_word' id='word_1_691' title='bbox 3270 4131 3620 4199; x_wconf 76' lang='lat' dir='ltr'><strong>praeceptoris</strong></span> 
     </span>
    </p>
   </div>
   <div class='ocr_carea' id='block_1_88' title="bbox 2051 4210 3617 4289">
    <p class='ocr_par' dir='ltr' id='par_1_88' title="bbox 2051 4210 3617 4289">
     <span class='ocr_line' id='line_1_88' title="bbox 2051 4210 3617 4289; baseline 0.01 -28"><span class='ocrx_word' id='word_1_692' title='bbox 2051 4210 2327 4279; x_wconf 76' lang='lat' dir='ltr'><strong>propheta:</strong></span> <span class='ocrx_word' id='word_1_693' title='bbox 2374 4210 2663 4275; x_wconf 89' lang='lat' dir='ltr'><strong>sacerdotii</strong></span> <span class='ocrx_word' id='word_1_694' title='bbox 2713 4212 2998 4282; x_wconf 81' lang='lat' dir='ltr'><strong>:enigmata</strong></span> <span class='ocrx_word' id='word_1_695' title='bbox 3040 4218 3305 4283; x_wconf 88' lang='lat' dir='ltr'><strong>imitatur,</strong></span> <span class='ocrx_word' id='word_1_696' title='bbox 3362 4236 3458 4289; x_wconf 89' lang='lat' dir='ltr'><strong>per</strong></span> <span class='ocrx_word' id='word_1_697' title='bbox 3512 4222 3617 4277; x_wconf 89' lang='lat' dir='ltr'><strong>hoc</strong></span> 
     </span>
    </p>
   </div>
   <div class='ocr_carea' id='block_1_89' title="bbox 2050 4301 3618 4370">
    <p class='ocr_par' dir='ltr' id='par_1_89' title="bbox 2050 4301 3618 4370">
     <span class='ocr_line' id='line_1_89' title="bbox 2050 4301 3618 4370; baseline 0.007 -17"><span class='ocrx_word' id='word_1_698' title='bbox 2050 4301 2192 4370; x_wconf 91' lang='lat' dir='ltr'><strong>quod</strong></span> <span class='ocrx_word' id='word_1_699' title='bbox 2223 4309 2334 4355; x_wconf 88' lang='lat' dir='ltr'><strong>tres</strong></span> <span class='ocrx_word' id='word_1_700' title='bbox 2362 4316 2622 4370; x_wconf 90' lang='lat' dir='ltr'><strong>personas</strong></span> <span class='ocrx_word' id='word_1_701' title='bbox 2647 4304 2698 4355; x_wconf 93' lang='lat' dir='ltr'><strong>in</strong></span> <span class='ocrx_word' id='word_1_702' title='bbox 2728 4303 2938 4363; x_wconf 90' lang='lat' dir='ltr'><strong>ratione</strong></span> <span class='ocrx_word' id='word_1_703' title='bbox 2964 4304 3084 4359; x_wconf 86' lang='lat' dir='ltr'><strong>iidei</strong></span> <span class='ocrx_word' id='word_1_704' title='bbox 3118 4308 3305 4370; x_wconf 90' lang='lat' dir='ltr'><strong>tradit,</strong></span> <span class='ocrx_word' id='word_1_705' title='bbox 3331 4303 3618 4365; x_wconf 74' lang='lat' dir='ltr'><strong>cmlestem</strong></span> 
     </span>
    </p>
   </div>
   <div class='ocr_carea' id='block_1_90' title="bbox 2052 4377 3616 4466">
    <p class='ocr_par' dir='ltr' id='par_1_90' title="bbox 2052 4377 3616 4466">
     <span class='ocr_line' id='line_1_90' title="bbox 2052 4377 3616 4466; baseline 0.007 -21"><span class='ocrx_word' id='word_1_706' title='bbox 2052 4392 2228 4461; x_wconf 86' lang='lat' dir='ltr'><strong>ignem</strong></span> <span class='ocrx_word' id='word_1_707' title='bbox 2264 4392 2331 4446; x_wconf 89' lang='lat' dir='ltr'><strong>ad</strong></span> <span class='ocrx_word' id='word_1_708' title='bbox 2386 4394 2651 4449; x_wconf 80' lang='lat' dir='ltr'><strong>sacriﬁcia</strong></span> <span class='ocrx_word' id='word_1_709' title='bbox 2706 4395 2948 4451; x_wconf 87' lang='lat' dir='ltr'><strong>eiiciens.</strong></span> <span class='ocrx_word' id='word_1_710' title='bbox 2984 4377 3160 4466; x_wconf 74' lang='lat' dir='ltr'><strong>Ignem</strong></span> <span class='ocrx_word' id='word_1_711' title='bbox 3213 4407 3391 4454; x_wconf 89' lang='lat' dir='ltr'><strong>autem</strong></span> <span class='ocrx_word' id='word_1_712' title='bbox 3441 4403 3616 4457; x_wconf 80' lang='lat' dir='ltr'><strong>sancti</strong></span> 
     </span>
    </p>
   </div>
   <div class='ocr_carea' id='block_1_91' title="bbox 2052 4482 3622 4559">
    <p class='ocr_par' dir='ltr' id='par_1_91' title="bbox 2052 4482 3622 4559">
     <span class='ocr_line' id='line_1_91' title="bbox 2052 4482 3622 4559; baseline 0.007 -22"><span class='ocrx_word' id='word_1_713' title='bbox 2052 4483 2288 4553; x_wconf 88' lang='lat' dir='ltr'><strong>Spiritus</strong></span> <span class='ocrx_word' id='word_1_714' title='bbox 2319 4482 2571 4537; x_wconf 83' lang='lat' dir='ltr'><strong>virtutem</strong></span> <span class='ocrx_word' id='word_1_715' title='bbox 2607 4485 2787 4538; x_wconf 81' lang='lat' dir='ltr'><strong>vocari</strong></span> <span class='ocrx_word' id='word_1_716' title='bbox 2833 4486 2886 4539; x_wconf 91' lang='lat' dir='ltr'><strong>in</strong></span> <span class='ocrx_word' id='word_1_717' title='bbox 2932 4487 3117 4541; x_wconf 90' lang='lat' dir='ltr'><strong>multis</strong></span> <span class='ocrx_word' id='word_1_718' title='bbox 3147 4486 3442 4559; x_wconf 65' lang='lat' dir='ltr'><strong>Scriptura:</strong></span> <span class='ocrx_word' id='word_1_719' title='bbox 3480 4492 3622 4548; x_wconf 86' lang='lat' dir='ltr'><strong>locis</strong></span> 
     </span>
    </p>
   </div>
   <div class='ocr_carea' id='block_1_92' title="bbox 2050 4572 3620 4647">
    <p class='ocr_par' dir='ltr' id='par_1_92' title="bbox 2050 4572 3620 4647">
     <span class='ocr_line' id='line_1_92' title="bbox 2050 4572 3620 4647; baseline 0.005 -18"><span class='ocrx_word' id='word_1_720' title='bbox 2050 4575 2366 4630; x_wconf 88' lang='lat' dir='ltr'><strong>didicimus.</strong></span> <span class='ocrx_word' id='word_1_721' title='bbox 2402 4572 2693 4631; x_wconf 87' lang='lat' dir='ltr'><strong>Uredinem</strong></span> <span class='ocrx_word' id='word_1_722' title='bbox 2742 4592 2870 4631; x_wconf 90' lang='lat' dir='ltr'><strong>vero</strong></span> <span class='ocrx_word' id='word_1_723' title='bbox 2901 4586 3063 4647; x_wconf 86' lang='lat' dir='ltr'><strong>atque.</strong></span> <span class='ocrx_word' id='word_1_724' title='bbox 3109 4579 3407 4635; x_wconf 84' lang='lat' dir='ltr'><strong>siceitatem</strong></span> <span class='ocrx_word' id='word_1_725' title='bbox 3461 4594 3620 4637; x_wconf 65' lang='lat' dir='ltr'><strong>terra:</strong></span> 
     </span>
    </p>
   </div>
   <div class='ocr_carea' id='block_1_93' title="bbox 2049 4665 3618 4736">
    <p class='ocr_par' dir='ltr' id='par_1_93' title="bbox 2049 4665 3618 4736">
     <span class='ocr_line' id='line_1_93' title="bbox 2049 4665 3618 4736; baseline 0.004 -17"><span class='ocrx_word' id='word_1_726' title='bbox 2049 4665 2307 4734; x_wconf 76' lang='lat' dir='ltr'><strong>magister</strong></span> <span class='ocrx_word' id='word_1_727' title='bbox 2337 4680 2512 4734; x_wconf 88' lang='lat' dir='ltr'><strong>neque</strong></span> <span class='ocrx_word' id='word_1_728' title='bbox 2543 4666 2787 4728; x_wconf 82' lang='lat' dir='ltr'><strong>sustulit.</strong></span> <span class='ocrx_word' id='word_1_729' title='bbox 2818 4681 2991 4736; x_wconf 90' lang='lat' dir='ltr'><strong>neque</strong></span> <span class='ocrx_word' id='word_1_730' title='bbox 3027 4667 3261 4722; x_wconf 80' lang='lat' dir='ltr'><strong>induxit.</strong></span> <span class='ocrx_word' id='word_1_731' title='bbox 3286 4669 3398 4724; x_wconf 91' lang='lat' dir='ltr'><strong>lllic</strong></span> <span class='ocrx_word' id='word_1_732' title='bbox 3436 4680 3618 4726; x_wconf 86' lang='lat' dir='ltr'><strong>autem</strong></span> 
     </span>
    </p>
   </div>
   <div class='ocr_carea' id='block_1_94' title="bbox 2050 4756 3621 4833">
    <p class='ocr_par' dir='ltr' id='par_1_94' title="bbox 2050 4756 3621 4833">
     <span class='ocr_line' id='line_1_94' title="bbox 2050 4756 3621 4833; baseline 0.006 -23"><span class='ocrx_word' id='word_1_733' title='bbox 2050 4772 2278 4825; x_wconf 79' lang='lat' dir='ltr'><strong>tuagnus</strong></span> <span class='ocrx_word' id='word_1_734' title='bbox 2335 4756 2595 4827; x_wconf 89' lang='lat' dir='ltr'><strong>propheta</strong></span> <span class='ocrx_word' id='word_1_735' title='bbox 2650 4773 2772 4811; x_wconf 92' lang='lat' dir='ltr'><strong>cum</strong></span> <span class='ocrx_word' id='word_1_736' title='bbox 2824 4758 3077 4813; x_wconf 86' lang='lat' dir='ltr'><strong>imbrium</strong></span> <span class='ocrx_word' id='word_1_737' title='bbox 3127 4763 3366 4829; x_wconf 65' lang='lat' dir='ltr'><strong>penuria:</strong></span> <span class='ocrx_word' id='word_1_738' title='bbox 3409 4762 3621 4833; x_wconf 91' lang='lat' dir='ltr'><strong>ﬂagello</strong></span> 
     </span>
    </p>
   </div>
   <div class='ocr_carea' id='block_1_95' title="bbox 386 4840 1952 4921">
    <p class='ocr_par' dir='ltr' id='par_1_95' title="bbox 386 4840 1950 4914">
     <span class='ocr_line' id='line_1_95' title="bbox 386 4840 1950 4914; baseline 0.001 -20"><span class='ocrx_word' id='word_1_739' title='bbox 386 4840 613 4913; x_wconf 84' lang='grc' dir='ltr'>καρπῶν</span> <span class='ocrx_word' id='word_1_740' title='bbox 640 4840 1074 4910; x_wconf 81' lang='grc' dir='ltr'>ὑποφαινομένης</span> <span class='ocrx_word' id='word_1_741' title='bbox 1104 4840 1309 4905; x_wconf 80' lang='grc' dir='ltr'>ἐλπίδος</span> <span class='ocrx_word' id='word_1_742' title='bbox 1333 4857 1351 4875; x_wconf 79' lang='grc' dir='ltr'><strong><em>ο</em></strong></span> <span class='ocrx_word' id='word_1_743' title='bbox 1384 4842 1503 4895; x_wconf 86' lang='grc' dir='ltr'>τότε</span> <span class='ocrx_word' id='word_1_744' title='bbox 1534 4842 1851 4913; x_wconf 81' lang='grc' dir='ltr'>προσπεσὼν</span> <span class='ocrx_word' id='word_1_745' title='bbox 1872 4842 1950 4914; x_wconf 81' lang='grc' dir='ltr'>τῷ</span> 
     </span>
    </p>
   </div>
   <div class='ocr_carea' id='block_1_96' title="bbox 2053 4840 3621 4921">
    <p class='ocr_par' dir='ltr' id='par_1_96' title="bbox 2053 4848 3621 4921">
     <span class='ocr_line' id='line_1_96' title="bbox 2053 4848 3621 4921; baseline 0.005 -19"><span class='ocrx_word' id='word_1_746' title='bbox 2053 4856 2254 4902; x_wconf 88' lang='lat' dir='ltr'><strong>terram</strong></span> <span class='ocrx_word' id='word_1_747' title='bbox 2284 4848 2649 4911; x_wconf 85' lang='lat' dir='ltr'><strong>verberasset,</strong></span> <span class='ocrx_word' id='word_1_748' title='bbox 2699 4851 2815 4919; x_wconf 91' lang='lat' dir='ltr'><strong>ipse</strong></span> <span class='ocrx_word' id='word_1_749' title='bbox 2846 4866 3062 4921; x_wconf 90' lang='lat' dir='ltr'><strong>quoque</strong></span> <span class='ocrx_word' id='word_1_750' title='bbox 3092 4852 3335 4908; x_wconf 86' lang='lat' dir='ltr'><strong>medicus</strong></span> <span class='ocrx_word' id='word_1_751' title='bbox 3378 4856 3621 4911; x_wconf 89' lang='lat' dir='ltr'><strong>vulneris</strong></span> 
     </span>
    </p>
   </div>
   <div class='ocr_carea' id='block_1_97' title="bbox 385 4928 1950 5002">
    <p class='ocr_par' dir='ltr' id='par_1_97' title="bbox 385 4928 1950 5002">
     <span class='ocr_line' id='line_1_97' title="bbox 385 4928 1950 5002; baseline 0.003 -20"><span class='ocrx_word' id='word_1_752' title='bbox 385 4929 504 4999; x_wconf 83' lang='grc' dir='ltr'>Θεῷ</span> <span class='ocrx_word' id='word_1_753' title='bbox 532 4931 562 4983; x_wconf 87' lang='lat'><strong>6</strong></span> <span class='ocrx_word' id='word_1_754' title='bbox 602 4928 957 4992; x_wconf 85' lang='grc' dir='ltr'>διδάσκαλος,</span> <span class='ocrx_word' id='word_1_755' title='bbox 1012 4929 1171 4999; x_wconf 87' lang='grc' dir='ltr'>μέχρι</span> <span class='ocrx_word' id='word_1_756' title='bbox 1218 4929 1319 4999; x_wconf 87' lang='grc' dir='ltr'><strong>τῆς</strong></span> <span class='ocrx_word' id='word_1_757' title='bbox 1364 4930 1597 5002; x_wconf 86' lang='grc' dir='ltr'>ἀπειλῆς</span> <span class='ocrx_word' id='word_1_758' title='bbox 1638 4932 1732 4986; x_wconf 81' lang='grc' dir='ltr'><strong>τὸν</strong></span> <span class='ocrx_word' id='word_1_759' title='bbox 1788 4933 1950 5002; x_wconf 79' lang='grc' dir='ltr'>φόὸον</span> 
     </span>
    </p>
   </div>
   <div class='ocr_carea' id='block_1_98' title="bbox 386 5018 1951 5091">
    <p class='ocr_par' dir='ltr' id='par_1_98' title="bbox 386 5018 1951 5091">
     <span class='ocr_line' id='line_1_98' title="bbox 386 5018 1951 5091; baseline 0.003 -18"><span class='ocrx_word' id='word_1_760' title='bbox 386 5021 628 5091; x_wconf 74' lang='grc' dir='ltr'>ἔστησεν,</span> <span class='ocrx_word' id='word_1_761' title='bbox 665 5020 839 5083; x_wconf 87' lang='grc' dir='ltr'>λιταῖς</span> <span class='ocrx_word' id='word_1_762' title='bbox 875 5019 935 5072; x_wconf 81' lang='grc' dir='ltr'>τὸ</span> <span class='ocrx_word' id='word_1_763' title='bbox 956 5018 1107 5073; x_wconf 87' lang='grc' dir='ltr'>Θεῖον</span> <span class='ocrx_word' id='word_1_764' title='bbox 1138 5020 1518 5090; x_wconf 83' lang='grc' dir='ltr'>ίλεωσάμενος,</span> <span class='ocrx_word' id='word_1_765' title='bbox 1550 5023 1643 5076; x_wconf 72' lang='grc' dir='ltr'>καὶ</span> <span class='ocrx_word' id='word_1_766' title='bbox 1670 5022 1836 5086; x_wconf 90' lang='grc' dir='ltr'>λύσας</span> <span class='ocrx_word' id='word_1_767' title='bbox 1863 5023 1951 5078; x_wconf 81' lang='grc' dir='ltr'><strong>διά</strong></span> 
     </span>
    </p>
   </div>
   <div class='ocr_carea' id='block_1_99' title="bbox 385 5108 1951 5184">
    <p class='ocr_par' dir='ltr' id='par_1_99' title="bbox 385 5108 1951 5184">
     <span class='ocr_line' id='line_1_99' title="bbox 385 5108 1951 5184; baseline 0.003 -20"><span class='ocrx_word' id='word_1_768' title='bbox 385 5110 701 5182; x_wconf 84' lang='grc' dir='ltr'>προσευχῶν</span> <span class='ocrx_word' id='word_1_769' title='bbox 730 5108 827 5181; x_wconf 80' lang='grc' dir='ltr'>τὴν</span> <span class='ocrx_word' id='word_1_770' title='bbox 860 5110 959 5179; x_wconf 87' lang='grc' dir='ltr'><strong>τῆς</strong></span> <span class='ocrx_word' id='word_1_771' title='bbox 988 5110 1289 5181; x_wconf 76' lang='grc' dir='ltr'>ἀνομϐρίας</span> <span class='ocrx_word' id='word_1_772' title='bbox 1316 5114 1635 5184; x_wconf 82' lang='grc' dir='ltr'>κατήφειαν.</span> <span class='ocrx_word' id='word_1_773' title='bbox 1669 5114 1830 5168; x_wconf 82' lang='grc' dir='ltr'>Ἀλλὰ</span> <span class='ocrx_word' id='word_1_774' title='bbox 1857 5116 1951 5169; x_wconf 77' lang='grc' dir='ltr'><strong>καὶ</strong></span> 
     </span>
    </p>
   </div>
   <div class='ocr_carea' id='block_1_100' title="bbox 383 5199 1952 5275">
    <p class='ocr_par' dir='ltr' id='par_1_100' title="bbox 383 5199 1952 5275">
     <span class='ocr_line' id='line_1_100' title="bbox 383 5199 1952 5275; baseline 0.003 -20"><span class='ocrx_word' id='word_1_775' title='bbox 383 5203 482 5272; x_wconf 87' lang='grc' dir='ltr'><strong>τῆς</strong></span> <span class='ocrx_word' id='word_1_776' title='bbox 528 5203 624 5254; x_wconf 88' lang='grc' dir='ltr'><strong>τοῦ</strong></span> <span class='ocrx_word' id='word_1_777' title='bbox 666 5199 825 5271; x_wconf 82' lang='grc' dir='ltr'>λιμοῦ</span> <span class='ocrx_word' id='word_1_778' title='bbox 874 5200 1248 5271; x_wconf 83' lang='grc' dir='ltr'>παραμυθίας,</span> <span class='ocrx_word' id='word_1_779' title='bbox 1283 5203 1350 5273; x_wconf 79' lang='grc' dir='ltr'><strong>ἣν</strong></span> <span class='ocrx_word' id='word_1_780' title='bbox 1382 5204 1473 5257; x_wconf 73' lang='grc' dir='ltr'>ἐπὶ</span> <span class='ocrx_word' id='word_1_781' title='bbox 1500 5206 1627 5275; x_wconf 78' lang='grc' dir='ltr'>μιᾶς</span> <span class='ocrx_word' id='word_1_782' title='bbox 1655 5206 1952 5271; x_wconf 84' lang='grc' dir='ltr'>ἐνεδείξατο</span> 
     </span>
    </p>
   </div>
   <div class='ocr_carea' id='block_1_101' title="bbox 385 5291 1951 5367">
    <p class='ocr_par' dir='ltr' id='par_1_101' title="bbox 385 5291 1951 5367">
     <span class='ocr_line' id='line_1_101' title="bbox 385 5291 1951 5367; baseline 0.003 -23"><span class='ocrx_word' id='word_1_783' title='bbox 385 5295 555 5363; x_wconf 86' lang='grc' dir='ltr'>χήρας</span> <span class='ocrx_word' id='word_1_784' title='bbox 584 5294 613 5345; x_wconf 90' lang='grc' dir='ltr'><strong>ό</strong></span> <span class='ocrx_word' id='word_1_785' title='bbox 649 5292 822 5361; x_wconf 89' lang='grc' dir='ltr'>μέγας</span> <span class='ocrx_word' id='word_1_786' title='bbox 864 5291 1068 5355; x_wconf 78' lang='grc' dir='ltr'>Ἠλίας,</span> <span class='ocrx_word' id='word_1_787' title='bbox 1099 5293 1210 5361; x_wconf 81' lang='grc' dir='ltr'>ἔχει</span> <span class='ocrx_word' id='word_1_788' title='bbox 1244 5310 1294 5346; x_wconf 86' lang='grc' dir='ltr'><strong>τι</strong></span> <span class='ocrx_word' id='word_1_789' title='bbox 1335 5295 1430 5348; x_wconf 71' lang='grc' dir='ltr'><strong>καὶ</strong></span> <span class='ocrx_word' id='word_1_790' title='bbox 1460 5296 1489 5348; x_wconf 85' lang='lat'><strong>6</strong></span> <span class='ocrx_word' id='word_1_791' title='bbox 1513 5296 1635 5348; x_wconf 81' lang='grc' dir='ltr'>καθ’</span> <span class='ocrx_word' id='word_1_792' title='bbox 1660 5298 1807 5367; x_wconf 78' lang='grc' dir='ltr'>ἡμᾶς</span> <span class='ocrx_word' id='word_1_793' title='bbox 1842 5296 1951 5366; x_wconf 87' lang='grc' dir='ltr'>βίος</span> 
     </span>
    </p>
   </div>
   <div class='ocr_carea' id='block_1_102' title="bbox 386 5379 1957 5455">
    <p class='ocr_par' dir='ltr' id='par_1_102' title="bbox 386 5379 1957 5455">
     <span class='ocr_line' id='line_1_102' title="bbox 386 5379 1957 5455; baseline 0.003 -22"><span class='ocrx_word' id='word_1_794' title='bbox 386 5382 477 5433; x_wconf 73' lang='grc' dir='ltr'><strong>ἐπὶ</strong></span> <span class='ocrx_word' id='word_1_795' title='bbox 506 5380 598 5433; x_wconf 88' lang='grc' dir='ltr'><strong>τοῦ</strong></span> <span class='ocrx_word' id='word_1_796' title='bbox 627 5379 944 5434; x_wconf 81' lang='grc' dir='ltr'>διδασκάλου</span> <span class='ocrx_word' id='word_1_797' title='bbox 973 5380 1244 5452; x_wconf 87' lang='grc' dir='ltr'>ὁμοίωμα.</span> <span class='ocrx_word' id='word_1_798' title='bbox 1280 5382 1454 5453; x_wconf 81' lang='grc' dir='ltr'>Λιμοῦ</span> <span class='ocrx_word' id='word_1_799' title='bbox 1489 5384 1596 5454; x_wconf 87' lang='grc' dir='ltr'><strong>γάρ</strong></span> <span class='ocrx_word' id='word_1_800' title='bbox 1628 5401 1757 5437; x_wconf 89' lang='grc' dir='ltr'>ποτε</span> <span class='ocrx_word' id='word_1_801' title='bbox 1798 5384 1957 5455; x_wconf 89' lang='grc' dir='ltr'>χαλε-</span> 
     </span>
    </p>
   </div>
   <div class='ocr_carea' id='block_1_103' title="bbox 388 5468 1956 5546">
    <p class='ocr_par' dir='ltr' id='par_1_103' title="bbox 388 5468 1956 5546">
     <span class='ocr_line' id='line_1_103' title="bbox 388 5468 1956 5546; baseline 0.003 -24"><span class='ocrx_word' id='word_1_802' title='bbox 388 5469 490 5522; x_wconf 90' lang='grc' dir='ltr'><strong>ποῦ</strong></span> <span class='ocrx_word' id='word_1_803' title='bbox 529 5469 955 5533; x_wconf 86' lang='grc' dir='ltr'>καταπονοῦντος</span> <span class='ocrx_word' id='word_1_804' title='bbox 990 5471 1162 5542; x_wconf 85' lang='grc' dir='ltr'>αὐτήν</span> <span class='ocrx_word' id='word_1_805' title='bbox 1186 5489 1246 5525; x_wconf 90' lang='grc' dir='ltr'><strong>τε</strong></span> <span class='ocrx_word' id='word_1_806' title='bbox 1277 5473 1377 5544; x_wconf 76' lang='grc' dir='ltr'><strong>τήν</strong></span> <span class='ocrx_word' id='word_1_807' title='bbox 1407 5473 1559 5527; x_wconf 86' lang='grc' dir='ltr'>πόλιν</span> <span class='ocrx_word' id='word_1_808' title='bbox 1588 5475 1646 5526; x_wconf 85' lang='grc' dir='ltr'><strong>ἐν</strong></span> <span class='ocrx_word' id='word_1_809' title='bbox 1743 5474 1956 5527; x_wconf 85' lang='grc' dir='ltr'>διαιτώ-</span> 
     </span>
    </p>
   </div>
   <div class='ocr_carea' id='block_1_104' title="bbox 390 5560 1953 5635">
    <p class='ocr_par' dir='ltr' id='par_1_104' title="bbox 390 5560 1953 5635">
     <span class='ocr_line' id='line_1_104' title="bbox 390 5560 1953 5635; baseline 0.003 -23"><span class='ocrx_word' id='word_1_810' title='bbox 390 5576 549 5630; x_wconf 83' lang='grc' dir='ltr'>μενος</span> <span class='ocrx_word' id='word_1_811' title='bbox 582 5560 907 5630; x_wconf 80' lang='grc' dir='ltr'>ἐτύγχανεν,</span> <span class='ocrx_word' id='word_1_812' title='bbox 956 5563 1052 5615; x_wconf 81' lang='grc' dir='ltr'>καὶ</span> <span class='ocrx_word' id='word_1_813' title='bbox 1097 5564 1277 5618; x_wconf 73' lang='grc' dir='ltr'>πᾶσαν</span> <span class='ocrx_word' id='word_1_814' title='bbox 1322 5565 1421 5635; x_wconf 76' lang='grc' dir='ltr'>τὴν</span> <span class='ocrx_word' id='word_1_815' title='bbox 1474 5565 1835 5618; x_wconf 83' lang='grc' dir='ltr'>ύποτελοῦσαν</span> <span class='ocrx_word' id='word_1_816' title='bbox 1886 5566 1953 5635; x_wconf 77' lang='grc' dir='ltr'>τῇ</span> 
     </span>
    </p>
   </div>
   <div class='ocr_carea' id='block_1_105' title="bbox 391 5648 1957 5726">
    <p class='ocr_par' dir='ltr' id='par_1_105' title="bbox 391 5648 1957 5726">
     <span class='ocr_line' id='line_1_105' title="bbox 391 5648 1957 5726; baseline 0.003 -23"><span class='ocrx_word' id='word_1_817' title='bbox 391 5650 540 5704; x_wconf 87' lang='grc' dir='ltr'>πόλει</span> <span class='ocrx_word' id='word_1_818' title='bbox 590 5648 790 5722; x_wconf 85' lang='grc' dir='ltr'>χώραν,</span> <span class='ocrx_word' id='word_1_819' title='bbox 833 5649 931 5714; x_wconf 82' lang='grc' dir='ltr'>τὰς</span> <span class='ocrx_word' id='word_1_820' title='bbox 972 5652 1162 5707; x_wconf 88' lang='grc' dir='ltr'>ἐαυτοῦ</span> <span class='ocrx_word' id='word_1_821' title='bbox 1210 5656 1430 5725; x_wconf 83' lang='grc' dir='ltr'>κτήσεις</span> <span class='ocrx_word' id='word_1_822' title='bbox 1472 5655 1821 5726; x_wconf 82' lang='grc' dir='ltr'>ἀποδόμενος,</span> <span class='ocrx_word' id='word_1_823' title='bbox 1863 5657 1957 5709; x_wconf 77' lang='grc' dir='ltr'>καὶ</span> 
     </span>
    </p>
   </div>
   <div class='ocr_carea' id='block_1_106' title="bbox 2051 4940 3621 5015">
    <p class='ocr_par' dir='ltr' id='par_1_106' title="bbox 2051 4940 3621 5015">
     <span class='ocr_line' id='line_1_106' title="bbox 2051 4940 3621 5015; baseline 0.004 -20"><span class='ocrx_word' id='word_1_824' title='bbox 2051 4940 2286 5003; x_wconf 77' lang='lat' dir='ltr'><strong>exsistit,</strong></span> <span class='ocrx_word' id='word_1_825' title='bbox 2324 4941 2592 4995; x_wconf 88' lang='lat' dir='ltr'><strong>cruciatui</strong></span> <span class='ocrx_word' id='word_1_826' title='bbox 2642 4942 2831 5012; x_wconf 86' lang='lat' dir='ltr'><strong>ﬂagelli</strong></span> <span class='ocrx_word' id='word_1_827' title='bbox 2873 4959 2973 5013; x_wconf 89' lang='lat' dir='ltr'><strong>par</strong></span> <span class='ocrx_word' id='word_1_828' title='bbox 3017 4951 3071 4998; x_wconf 89' lang='lat' dir='ltr'><strong>et</strong></span> <span class='ocrx_word' id='word_1_829' title='bbox 3114 4945 3469 5015; x_wconf 68' lang='lat' dir='ltr'><strong>zequipollens</strong></span> <span class='ocrx_word' id='word_1_830' title='bbox 3514 4948 3621 5001; x_wconf 82' lang='lat' dir='ltr'><strong>lar-</strong></span> 
     </span>
    </p>
   </div>
   <div class='ocr_carea' id='block_1_107' title="bbox 2052 5030 3616 5102">
    <p class='ocr_par' dir='ltr' id='par_1_107' title="bbox 2052 5030 3616 5102">
     <span class='ocr_line' id='line_1_107' title="bbox 2052 5030 3616 5102; baseline 0.004 -19"><span class='ocrx_word' id='word_1_831' title='bbox 2052 5030 2203 5097; x_wconf 79' lang='lat' dir='ltr'><strong>giens</strong></span> <span class='ocrx_word' id='word_1_832' title='bbox 2230 5030 2310 5084; x_wconf 92' lang='lat' dir='ltr'><strong>eis</strong></span> <span class='ocrx_word' id='word_1_833' title='bbox 2349 5030 2652 5083; x_wconf 90' lang='lat' dir='ltr'><strong>curationis</strong></span> <span class='ocrx_word' id='word_1_834' title='bbox 2702 5032 2942 5087; x_wconf 89' lang='lat' dir='ltr'><strong>levamen</strong></span> <span class='ocrx_word' id='word_1_835' title='bbox 2998 5040 3158 5102; x_wconf 89' lang='lat' dir='ltr'><strong>atque</strong></span> <span class='ocrx_word' id='word_1_836' title='bbox 3201 5034 3616 5102; x_wconf 84' lang='lat' dir='ltr'><strong>mitigatiouem.</strong></span> 
     </span>
    </p>
   </div>
   <div class='ocr_carea' id='block_1_108' title="bbox 2052 5119 3618 5197">
    <p class='ocr_par' dir='ltr' id='par_1_108' title="bbox 2052 5119 3618 5197">
     <span class='ocr_line' id='line_1_108' title="bbox 2052 5119 3618 5197; baseline 0.008 -26"><span class='ocrx_word' id='word_1_837' title='bbox 2052 5120 2206 5184; x_wconf 84' lang='lat' dir='ltr'><strong>Quod</strong></span> <span class='ocrx_word' id='word_1_838' title='bbox 2259 5120 2302 5173; x_wconf 88' lang='lat' dir='ltr'><strong>si</strong></span> <span class='ocrx_word' id='word_1_839' title='bbox 2356 5120 2517 5173; x_wconf 85' lang='lat' dir='ltr'><strong>etiam</strong></span> <span class='ocrx_word' id='word_1_840' title='bbox 2565 5119 2829 5175; x_wconf 86' lang='lat' dir='ltr'><strong>adversus</strong></span> <span class='ocrx_word' id='word_1_841' title='bbox 2863 5123 2965 5177; x_wconf 91' lang='lat' dir='ltr'><strong>hoc</strong></span> <span class='ocrx_word' id='word_1_842' title='bbox 3020 5125 3193 5178; x_wconf 86' lang='lat' dir='ltr'><strong>nostri</strong></span> <span class='ocrx_word' id='word_1_843' title='bbox 3228 5123 3354 5178; x_wconf 65' lang='lat' dir='ltr'><strong>Elia:</strong></span> <span class='ocrx_word' id='word_1_844' title='bbox 3400 5128 3618 5197; x_wconf 86' lang='lat' dir='ltr'><strong>aliquod</strong></span> 
     </span>
    </p>
   </div>
   <div class='ocr_carea' id='block_1_109' title="bbox 2054 5208 3620 5278">
    <p class='ocr_par' dir='ltr' id='par_1_109' title="bbox 2054 5208 3620 5278">
     <span class='ocr_line' id='line_1_109' title="bbox 2054 5208 3620 5278; baseline 0.008 -18"><span class='ocrx_word' id='word_1_845' title='bbox 2054 5208 2376 5261; x_wconf 88' lang='lat' dir='ltr'><strong>miraculum</strong></span> <span class='ocrx_word' id='word_1_846' title='bbox 2406 5208 2648 5278; x_wconf 84' lang='lat' dir='ltr'><strong>proferre</strong></span> <span class='ocrx_word' id='word_1_847' title='bbox 2693 5219 2927 5278; x_wconf 90' lang='lat' dir='ltr'><strong>oportet,</strong></span> <span class='ocrx_word' id='word_1_848' title='bbox 2974 5228 3095 5266; x_wconf 85' lang='lat' dir='ltr'><strong>eum</strong></span> <span class='ocrx_word' id='word_1_849' title='bbox 3135 5213 3316 5268; x_wconf 79' lang='lat' dir='ltr'><strong>divina</strong></span> <span class='ocrx_word' id='word_1_850' title='bbox 3343 5216 3620 5272; x_wconf 88' lang='lat' dir='ltr'><strong>voluntate</strong></span> 
     </span>
    </p>
   </div>
   <div class='ocr_carea' id='block_1_110' title="bbox 2052 5299 3620 5375">
    <p class='ocr_par' dir='ltr' id='par_1_110' title="bbox 2052 5299 3620 5375">
     <span class='ocr_line' id='line_1_110' title="bbox 2052 5299 3620 5375; baseline 0.007 -23"><span class='ocrx_word' id='word_1_851' title='bbox 2052 5299 2317 5366; x_wconf 86' lang='lat' dir='ltr'><strong>ejusmodi</strong></span> <span class='ocrx_word' id='word_1_852' title='bbox 2346 5301 2629 5355; x_wconf 81' lang='lat' dir='ltr'><strong>calamitas</strong></span> <span class='ocrx_word' id='word_1_853' title='bbox 2659 5302 2950 5370; x_wconf 82' lang='lat' dir='ltr'><strong>aliquando</strong></span> <span class='ocrx_word' id='word_1_854' title='bbox 2976 5306 3097 5357; x_wconf 76' lang='lat' dir='ltr'><strong>cmli</strong></span> <span class='ocrx_word' id='word_1_855' title='bbox 3132 5306 3293 5359; x_wconf 83' lang='lat' dir='ltr'><strong>minis</strong></span> <span class='ocrx_word' id='word_1_856' title='bbox 3318 5309 3620 5375; x_wconf 79' lang='lat' dir='ltr'><strong>signiﬁcata</strong></span> 
     </span>
    </p>
   </div>
   <div class='ocr_carea' id='block_1_111' title="bbox 2052 5390 3623 5469">
    <p class='ocr_par' dir='ltr' id='par_1_111' title="bbox 2052 5390 3623 5469">
     <span class='ocr_line' id='line_1_111' title="bbox 2052 5390 3623 5469; baseline 0.008 -26"><span class='ocrx_word' id='word_1_857' title='bbox 2052 5390 2360 5444; x_wconf 87' lang='lat' dir='ltr'><strong>immineret</strong></span> <span class='ocrx_word' id='word_1_858' title='bbox 2414 5390 2647 5461; x_wconf 91' lang='lat' dir='ltr'><strong>(quippe</strong></span> <span class='ocrx_word' id='word_1_859' title='bbox 2695 5401 2867 5447; x_wconf 91' lang='lat' dir='ltr'><strong>totum</strong></span> <span class='ocrx_word' id='word_1_860' title='bbox 2919 5402 3134 5465; x_wconf 88' lang='lat' dir='ltr'><strong>tempus</strong></span> <span class='ocrx_word' id='word_1_861' title='bbox 3184 5396 3470 5452; x_wconf 85' lang='lat' dir='ltr'><strong>hibernum</strong></span> <span class='ocrx_word' id='word_1_862' title='bbox 3528 5418 3623 5469; x_wconf 87' lang='lat' dir='ltr'><strong>per</strong></span> 
     </span>
    </p>
   </div>
   <div class='ocr_carea' id='block_1_112' title="bbox 2050 5478 3624 5557">
    <p class='ocr_par' dir='ltr' id='par_1_112' title="bbox 2050 5478 3624 5557">
     <span class='ocr_line' id='line_1_112' title="bbox 2050 5478 3624 5557; baseline 0.008 -27"><span class='ocrx_word' id='word_1_863' title='bbox 2050 5478 2348 5531; x_wconf 88' lang='lat' dir='ltr'><strong>siccitatem</strong></span> <span class='ocrx_word' id='word_1_864' title='bbox 2383 5481 2743 5549; x_wconf 69' lang='lat' dir='ltr'><strong>przeterierat)</strong></span> <span class='ocrx_word' id='word_1_865' title='bbox 2775 5492 2828 5536; x_wconf 91' lang='lat' dir='ltr'><strong>et</strong></span> <span class='ocrx_word' id='word_1_866' title='bbox 2876 5482 3037 5547; x_wconf 78' lang='lat' dir='ltr'><strong>nulla</strong></span> <span class='ocrx_word' id='word_1_867' title='bbox 3060 5498 3186 5553; x_wconf 93' lang='lat' dir='ltr'><strong>spes</strong></span> <span class='ocrx_word' id='word_1_868' title='bbox 3214 5486 3426 5555; x_wconf 80' lang='lat' dir='ltr'><strong>frugum</strong></span> <span class='ocrx_word' id='word_1_869' title='bbox 3454 5505 3624 5557; x_wconf 83' lang='lat' dir='ltr'><strong>appa-</strong></span> 
     </span>
    </p>
   </div>
   <div class='ocr_carea' id='block_1_113' title="bbox 2052 5572 3622 5645">
    <p class='ocr_par' dir='ltr' id='par_1_113' title="bbox 2052 5572 3622 5645">
     <span class='ocr_line' id='line_1_113' title="bbox 2052 5572 3622 5645; baseline 0.009 -24"><span class='ocrx_word' id='word_1_870' title='bbox 2052 5576 2215 5633; x_wconf 90' lang='lat' dir='ltr'><strong>reret,</strong></span> <span class='ocrx_word' id='word_1_871' title='bbox 2249 5575 2377 5624; x_wconf 91' lang='lat' dir='ltr'><strong>tunc</strong></span> <span class='ocrx_word' id='word_1_872' title='bbox 2425 5572 2684 5640; x_wconf 86' lang='lat' dir='ltr'><strong>magister</strong></span> <span class='ocrx_word' id='word_1_873' title='bbox 2734 5572 2842 5627; x_wconf 89' lang='lat' dir='ltr'><strong>Deo</strong></span> <span class='ocrx_word' id='word_1_874' title='bbox 2886 5575 3201 5645; x_wconf 83' lang='lat' dir='ltr'><strong>supplicans</strong></span> <span class='ocrx_word' id='word_1_875' title='bbox 3248 5579 3389 5631; x_wconf 90' lang='lat' dir='ltr'><strong>ultra</strong></span> <span class='ocrx_word' id='word_1_876' title='bbox 3446 5580 3622 5635; x_wconf 86' lang='lat' dir='ltr'><strong>minas</strong></span> 
     </span>
    </p>
   </div>
   <div class='ocr_carea' id='block_1_114' title="bbox 2051 5661 3624 5738">
    <p class='ocr_par' dir='ltr' id='par_1_114' title="bbox 2051 5661 3624 5738">
     <span class='ocr_line' id='line_1_114' title="bbox 2051 5661 3624 5738; baseline 0.009 -26"><span class='ocrx_word' id='word_1_877' title='bbox 2051 5666 2312 5717; x_wconf 88' lang='lat' dir='ltr'><strong>terrorem</strong></span> <span class='ocrx_word' id='word_1_878' title='bbox 2365 5661 2613 5733; x_wconf 83' lang='lat' dir='ltr'><strong>progredi</strong></span> <span class='ocrx_word' id='word_1_879' title='bbox 2669 5678 2867 5734; x_wconf 74' lang='lat' dir='ltr'><strong>passus</strong></span> <span class='ocrx_word' id='word_1_880' title='bbox 2898 5680 3006 5720; x_wconf 92' lang='lat' dir='ltr'><strong>non</strong></span> <span class='ocrx_word' id='word_1_881' title='bbox 3053 5677 3158 5732; x_wconf 86' lang='lat' dir='ltr'><strong>est,</strong></span> <span class='ocrx_word' id='word_1_882' title='bbox 3207 5681 3331 5723; x_wconf 91' lang='lat' dir='ltr'><strong>eum</strong></span> <span class='ocrx_word' id='word_1_883' title='bbox 3369 5670 3624 5738; x_wconf 76' lang='lat' dir='ltr'><strong>precibus</strong></span> 
     </span>
    </p>
   </div>
  </div>
