4132 6356
475 289 587 360 atri

1785 303 1846 365 S.
1886 304 2214 364 CREGOR“
2248 307 2543 367 NYSSENI

3639 307 3744 366 80$

475 423 728 478 divinum
764 400 972 476 nomen
999 422 1291 492 placasset,
1342 428 1398 476 et
1427 437 1524 492 per
1549 422 1829 477 orationes
1860 438 2063 478 moero-

2166 427 2246 489 εἰς
2270 425 2475 497 τροφὰς
2516 423 2807 496 διαμείψας
2832 423 2902 479 τὰ
2933 425 3210 498 χρήματα,
3257 424 3347 478 ὅτε
3392 439 3617 478 σπανιον
3651 416 3721 494 ἦν

482 528 621 572 rem,
676 513 768 581 qui
832 523 1053 582 propter
1107 511 1364 567 imbrium
1423 515 1706 582 penuriam
1754 513 2066 586 (homines)

482 604 785 667 invaserat,
840 604 1172 658 sustulisset.
1224 603 1535 669 Quinetiam
1584 604 1978 662 consolationis
2014 613 2068 660 et

485 693 773 748 levamiuis
807 693 858 748 in
891 693 1052 757 fame,
1081 693 1224 764 qttod
1259 695 1311 748 in
1343 709 1450 748 una
1476 694 1637 749 vidua
1670 711 1898 766 magnus
1927 712 2066 766 pra:-

483 783 623 836 stitit
654 781 823 846 Elias,
872 782 1037 837 habet
1068 784 1233 838 etiam
1268 791 1457 839 nostra
1481 791 1616 838 aetas
1643 785 1880 856 aliquam
1911 787 2066 841 simi-

485 872 769 926 litudinem
817 873 869 926 in
913 873 1195 941 magistro.
1228 870 1360 926 Nam
1391 889 1515 927 cum
1551 873 1724 930 fames
1765 875 2063 946 aliquando

485 965 670 1032 gravis
694 974 747 1018 et
777 980 918 1019 saeva
954 973 1064 1016 tam
1096 964 1266 1034 ipsam
1295 965 1507 1029 urbem,
1544 964 1598 1020 in
1627 980 1734 1036 qua
1761 966 2059 1031 habitabat,

489 1070 648 1124 quam
682 1067 899 1109 omnem
936 1055 1136 1124 ubique
1165 1055 1439 1110 subditam
1470 1057 1743 1126 regionem
1781 1057 2059 1129 amigeret,

483 1148 720 1204 venditis
757 1149 873 1203 suis
903 1149 1121 1218 pnediis
1155 1155 1210 1201 et
1257 1149 1724 1218 possessionibus,
1775 1161 1937 1220 atque
1968 1167 2062 1222 pe-

483 1239 664 1291 cuniis
720 1239 775 1291 in
816 1238 1072 1292 alimenta
1127 1239 1434 1302 conversis,
1483 1254 1608 1293 cum
1665 1239 1831 1295 etiam
1871 1256 2059 1293 rarum

490 1337 656 1394 esset,
687 1339 745 1383 ut
768 1330 866 1397 illi,
897 1331 988 1401 qui
1019 1331 1174 1385 valde
1197 1330 1301 1384 sibi
1334 1331 1700 1401 providissent
1722 1339 1773 1385 et
1810 1331 2062 1386 instructi

2165 512 2259 565 καὶ
2291 513 2420 576 τοὺς
2463 512 2666 583 σφόδρα
2708 514 3257 586 παρεσκευασμένους
3297 512 3575 584 τράπεζαν
3612 510 3710 565 έαυ

2163 605 2273 665 τοῖς
2305 603 2781 674 παραστήσασθαι,
2813 604 3098 676 διήρκεσεν
3132 605 3340 667 ἐκεῖνος
3381 603 3438 655 ὲν
3472 602 3635 656 παντὶ
3665 601 3742 675 τῷ

2163 691 2337 761 χρόνῳ
2361 690 2454 744 τοῦ
2501 690 2660 762 λιμοῦ
2689 692 2927 763 τρέφων,
2974 691 3100 755 τούς
3125 709 3184 745 τε
3231 691 3567 762 πανταχόθεν
3609 693 3711 764 συῤ

2165 783 2407 852 ῥέοντας,
2445 783 2538 836 καὶ
2568 783 2666 855 τὴν
2703 783 2919 837 νεολέαν
2959 781 3157 846 παντὸς
3188 780 3282 834 τοῦ
3314 781 3488 852 δήμου
3517 781 3616 850 τῆς
3642 779 3740 835 πό,

2165 874 2321 938 λεως,
2367 875 2441 938 ὡς
2469 874 2564 927 καὶ
2593 877 2706 939 τοῖς
2732 873 2843 927 τῶν
2882 873 3150 928 Ἰουδαίων
3181 873 3369 926 παισὶν
3413 875 3478 926 ἐκ
3503 873 3595 926 τοῦ
3624 872 3740 926 ῐσου

2168 965 2478 1037 προτιθέναι
2505 967 2602 1037 τῆς
2635 965 3041 1037 φιλανθρωπίας
3068 965 3275 1035 ταύτης
3300 965 3398 1037 τὴν
3431 966 3738 1037 μετουσίαν.

2166 1057 2419 1126 Διαφέρει
2439 1042 2495 1109 δὲ
2527 1058 2742 1118 πάντως
2762 1055 2934 1118 οὐδὲν,
2961 1054 2995 1125 ἢ
3022 1054 3111 1107 διὰ
3143 1054 3435 1124 καμψάκου
3465 1054 3562 1125 τήν
3591 1053 3739 1106 θείας·

2167 1147 2404 1218 ἐντολὴν,
2438 1145 2471 1216 ἢ
2499 1147 2586 1201 διά
2612 1163 2754 1211 τινος
2781 1145 2944 1216 ἄλλης
2973 1145 3227 1218 ἀφορμῆς
3255 1145 3628 1217 ἐκπληρῶσαι.
3675 1143 3739 1198 '1‘-

2166 1237 2274 1309 γὰρ
2298 1236 2617 1309 παραμυθία
2638 1237 2744 1290 τῶν
2766 1235 3035 1308 δεομένων
3057 1236 3118 1290 o6
3147 1233 3298 1306 ζητεῖ
3320 1235 3381 1290 τὸ
3400 1235 3582 1299 πόθεν,
3605 1234 3740 1293 ἀλλὰ

2171 1329 2305 1402 πρὸς
2329 1329 2390 1382 τὸ
2416 1330 2696 1402 γινόμενον
2723 1329 2927 1400 βλέπει.

411 1651 414 1660 ι
485 1614 718 1675 veravit,

485 1434 693 1488 essent,
722 1442 784 1479 ea
807 1441 929 1495 qua:
957 1423 1025 1479 ad
1059 1437 1304 1479 mensam
1332 1430 1386 1479 et
1415 1423 1617 1483 victum
1673 1427 1966 1495 pertinent.
2011 1424 2116 1479 sibi
2179 1424 2449 1479 conﬁcere
2499 1432 2554 1480 et
2592 1425 2939 1494 suppeditare
2993 1431 3238 1494 possent.
3291 1423 3381 1479 ille
3431 1439 3527 1496 per
3578 1433 3736 1480 omne

485 1529 702 1588 tempus
753 1518 934 1582 famis,
989 1531 1114 1572 cum
1151 1531 1246 1571 eos
1283 1516 1376 1586 qui
1431 1517 1673 1588 undique
1702 1517 2060 1582 conﬂuerent,
2102 1525 2214 1572 tum
2261 1517 2603 1586 jnventutctn
2637 1517 2805 1572 totius
2863 1519 3087 1572 urbana:
3127 1519 3299 1588 plebis
3344 1519 3492 1573 alere
3555 1533 3740 1586 perse-

798 1613 936 1667 atleo
993 1620 1051 1665 ttt
1109 1614 1273 1667 etiam
1323 1610 1637 1666 Judzeorum
1691 1611 1894 1668 liberos
1947 1612 2110 1681 hujus
2145 1611 2496 1682 benignitatis
2549 1620 2602 1666 et
2635 1610 2978 1666 liberalitatis
3016 1627 3082 1666 ex
3121 1627 3278 1682 atque
3309 1609 3602 1680 participes
3661 1609 3712 1663 l’a

485 1714 655 1761 ceret.
681 1705 823 1760 Nihil
857 1715 1036 1760 autem
1071 1721 1301 1776 prorsus
1325 1705 1576 1770 interest,
1618 1712 1802 1757 utrum
1843 1717 1938 1773 per
1968 1717 2064 1756 vas
2100 1701 2364 1757 olearium
2391 1703 2538 1774 quis,
2593 1718 2662 1757 an
2704 1718 2802 1773 per
2847 1703 3084 1772 aliquam
3119 1703 3282 1755 aliam
3345 1703 3627 1756 materiam
3686 1711 3736 1756 et

484 1802 830 1856 occasionem
876 1799 1117 1854 divinum
1151 1798 1465 1854 mandatum
1506 1805 1859 1870 exsequatur.
1885 1797 2200 1853 Consolatio
2263 1799 2408 1853 enim
2453 1796 2811 1869 indigentium
2858 1813 2968 1851 non
3031 1795 3224 1868 quatrit
3281 1795 3426 1852 unde
3465 1793 3744 1866 (sumas),

489 1894 583 1948 sed
616 1894 682 1948 ad
719 1894 794 1956 id,
828 1893 970 1963 quod
1007 1893 1083 1955 lit,
1117 1900 1352 1962 spectat.

561 1985 714 2049 Quod
745 1985 787 2038 si
830 1983 1080 2039 sublimis
1111 1990 1304 2053 raptus
1341 1991 1426 2038 est
1456 1981 1626 2045 Elias,
1654 1980 1904 2036 mirabile
1941 1979 2063 2052 qui-

2233 1977 2297 2030 Εί
2326 1976 2382 2029 δὲ
2406 1974 2694 2048 ἀνωφερὴς
2730 1977 2759 2029 6
2801 1973 2980 2038 Ἠλίας
3025 1975 3258 2041 ἐγένετο,
3294 1971 3606 2042 θαυμαστὸν
3641 1973 3736 2044 μὲν

487 2069 609 2123 dem
642 2076 725 2120 est
753 2066 914 2119 etiam
948 2066 1049 2120 hoc
1078 2075 1130 2121 et
1161 2066 1339 2136 majus
1374 2067 1722 2129 miraculum,
1751 2080 1912 2136 quam
1937 2064 2061 2134 quis

489 2161 571 2212 vel
611 2160 857 2213 oratione
894 2158 1187 2229 explicare,
1235 2158 1320 2212 vel
1352 2158 1562 2213 ratione
1614 2157 1831 2228 assequi
1864 2156 2058 2228 posslt.

488 2250 870 2305 Verumtamen
901 2264 998 2304 nec
1025 2250 1193 2304 altera
1222 2248 1503 2320 (quidem)
1533 2249 1744 2320 species
1771 2247 1838 2302 ad
1863 2261 2061 2318 supera

488 2357 686 2397 cursus
739 2341 1070 2410 repudianda
1128 2348 1291 2410 atque
1335 2341 1731 2396 contemnenda
1761 2350 1884 2395 est:
1934 2353 2058 2393 cum

487 2435 612 2503 quis
648 2448 744 2504 per
790 2433 1042 2503 spiritum
1079 2433 1372 2489 virtutibus
1422 2449 1519 2504 pro
1553 2450 1719 2489 curru
1751 2450 1906 2494 usus,
1965 2449 2062 2503 per

488 2525 719 2579 sublime
741 2525 865 2578 vita:
896 2523 1205 2580 institutum
1234 2541 1264 2578 e
1288 2533 1430 2579 terra
1459 2524 1741 2597 (sursum)
1777 2526 1833 2586 in
1861 2527 2060 2580 malum

491 2615 706 2684 migrat.
742 2613 898 2681 Quod
949 2616 1136 2686 utique
1187 2617 1510 2686 magistrum
1558 2629 1872 2676 assecutum
1916 2632 2059 2682 esse,

487 2707 802 2778 quicunque
858 2722 1041 2763 rerum
1101 2709 1170 2763 ab
1221 2724 1287 2764 eo
1329 2719 1606 2780 gestarum
1657 2727 1846 2783 aequus
1898 2711 2063 2767 fuerit

489 2799 810 2864 aestimator,
848 2814 956 2853 non
987 2801 1222 2871 negabit.
1258 2801 1339 2855 An
1366 2803 1526 2857 etiam
1552 2803 1815 2860 adversus
1838 2804 2065 2861 Samue-

489 2889 594 2942 lem
627 2889 873 2945 oratione
910 2889 1219 2945 audendum
1247 2892 1376 2948 est?
1405 2891 1549 2948 Sane
1579 2893 1635 2948 in
1665 2895 1786 2950 aliis
1809 2895 2063 2952 omnibus

491 2979 698 3049 primas
743 2979 1017 3050 prophetae
1051 2989 1233 3050 partes
1260 2983 1643 3050 concedentes,
1689 3000 1815 3038 cum
1849 2983 2062 3041 duobus

489 3069 839 3138 quibusdam,
890 3086 1012 3140 qua:
1056 3072 1122 3126 de
1174 3072 1266 3125 illo
1294 3072 1572 3136 dieuntur,
1611 3074 1774 3129 etiam
1825 3089 1888 3128 ea
1943 3089 2064 3144 qua:

488 3160 982 3231 cizcamagistrnm
1026 3169 1273 3218 nostrum
1324 3172 1501 3226 erant,
1546 3165 1840 3219 convenire
1869 3173 2062 3219 osten-

490 3251 703 3307 deuius.
741 3251 1011 3306 Divinitus
1059 3254 1186 3308 data
1247 3263 1413 3324 atque
1459 3270 1723 3310 concessa
1777 3255 2064 3326 utriusque

493 3344 749 3398 nativitas
788 3353 928 3400 erat.
989 3344 1061 3402 Ut
1111 3345 1258 3401 enim
1321 3347 1475 3401 illum
1518 3355 1711 3408 mater,
1771 3348 1844 3402 ita
1897 3331 2136 3403 etiamc

493 3436 639 3489 hunc
678 3443 831 3505 pater
869 3451 899 3490 a
930 3435 1041 3492 Deo
1067 3440 1300 3508 petitum
1357 3440 1682 3508 procreavit.
1716 3437 1963 3508 Cumque
1989 3439 2065 3495 le-

491 3527 586 3582 tali
623 3528 816 3581 morbo
845 3529 1120 3597 quondam
1150 3537 1437 3600 correptus
1458 3538 1607 3585 esset
1635 3531 1800 3584 etiam
1831 3546 1974 3586 nunc
2008 3531 2063 3586 in

492 3625 652 3673 aetate
682 3619 932 3687 juvenili,
967 3635 1062 3688 per
1100 3620 1364 3676 visionem
1414 3621 1466 3675 in
1499 3621 1708 3676 somnis
1745 3630 1896 3690 pater
1926 3622 2066 3676 vidit

495 3707 806 3774 Dominum,
836 3709 929 3779 qui
961 3711 1015 3763 in
1046 3708 1341 3780 Evangelia
1367 3711 1556 3780 regulo
1587 3712 1663 3766 illi
1692 3711 1859 3764 lilium
1888 3713 2064 3767 dona-

495 3800 594 3861 vit,
617 3801 717 3854 sibi
740 3814 1024 3870 apparere,
1051 3809 1105 3854 et
1129 3802 1217 3855 illa
1244 3803 1426 3856 dicere
1447 3802 1512 3854 ad
1548 3819 1626 3868 se,
1664 3819 1785 3873 qua:
1815 3804 1880 3856 ad
1909 3803 2061 3858 illum

497 3886 758 3944 llominus
778 3890 1009 3955 dixerat,
1032 3907 1248 3961 nempe,
1279 3889 1439 3959 Vade,
1461 3894 1604 3962 ﬁlius
1633 3904 1753 3946 tuus
1778 3894 1897 3948 vivit
1924 3894 2063 3950 “'l’.

494 3983 661 4051 (Zujus
699 3983 855 4036 tidem
899 3991 953 4038 et
1001 3985 1117 4054 ipse
1161 3984 1405 4041 imitatus
1430 4025 1446 4050 ,
1493 3984 1743 4040 eumdem
1779 4002 1938 4056 quem
1973 3987 2065 4042 ille

497 4073 616 4128 fidei
649 4073 888 4128 fructum
939 4075 1202 4145 percepit,
1249 4075 1582 4147 benignitate
1626 4074 1840 4131 Domini
1887 4077 2067 4133 salut'e

495 4167 587 4220 lilzi
625 4175 860 4235 recepta.

565 4260 742 4326 Atque
775 4256 878 4310 hoc
909 4257 1128 4327 quidem
1166 4271 1335 4310 unum
1363 4271 1488 4311 cum
1523 4257 1806 4314 miraculis
1836 4257 2066 4314 Samue-

494 4348 562 4402 lis
590 4362 996 4417 comparamus.
1025 4347 1270 4402 Alterum
1303 4363 1451 4413 vero,
1497 4348 1643 4420 quod
1691 4349 1864 4404 forma
1894 4350 2068 4405 sacri-

494 4438 602 4491 llcii
632 4439 820 4493 eadem
844 4437 913 4492 ab
945 4439 1211 4494 ambobus
1245 4439 1493 4494 instituta
1525 4449 1688 4511 atque
1713 4449 1931 4512 peracta
1957 4451 2060 4497 est.

495 4528 755 4583 Paciﬁcas
796 4529 939 4582 enim
976 4538 1203 4599 uterqtte
1243 4529 1355 4585 Deo
1382 4531 1590 4587 hostias
1627 4532 1970 4596 obtulerunt,
2004 4541 2063 4587 ut

496 4623 681 4676 hostes
735 4619 1178 4690 prol'ligarentur,
1233 4630 1285 4675 et
1331 4621 1622 4677 interirent
1665 4625 2060 4686 sacriﬁcantes,

2168 2068 2260 2121 καὶ
2285 2067 2461 2132 τοῦτο,
2491 2068 2585 2121 καὶ
2611 2068 2749 2137 ὑπὲρ
2778 2066 2932 2136 λόγον
2965 2069 3026 2119 τὸ
3064 2064 3268 2134 θαῦμα.
3302 2063 3447 2135 Πλὴν
3475 2063 3576 2117 οὐκ
3602 2062 3741 2118 ἀπό-

2169 2157 2363 2229 ὄλητον
2407 2158 2501 2212 καὶ
2533 2158 2594 2211 τὸ
2624 2159 2710 2210 έτε
2719 2173 2808 2229 ρον
2855 2155 2992 2222 εἶδος
3020 2156 3120 2227 τῆς
3150 2154 3242 2209 ἐπὶ
3272 2153 3332 2206 τὸ
3376 2154 3488 2208 ἀνω
3527 2157 3699 2227 φορᾶς
3720 2196 3738 2222 ν

2166 2250 2294 2305 ὅταν
2333 2267 2418 2313 τις
2463 2249 2552 2304 διὰ
2593 2253 2693 2322 τῆς
2736 2248 2942 2318 ὑψηλῆς
2972 2248 3243 2312 πολιτείας
3275 2246 3382 2301 ἀπὸ
3410 2247 3516 2317 γῆς
3545 2247 3624 2310 είς
3651 2247 3734 2300 ού-

2170 2341 2328 2413 ρανὸν
2352 2341 2707 2412 ἀνοικίςηται,
2735 2339 2821 2393 διὰ
2850 2338 2942 2392 τοῦ
2974 2338 3287 2410 Πνεύματος
3311 2337 3466 2410 ἅρμα
3490 2337 3588 2404 τὰς
3611 2338 3737 2410 ἁρε-

2168 2431 2267 2496 τὰς
2314 2431 2693 2502 ποιησάμενος.
2731 2431 2906 2501 Ὅπερ
2937 2428 3000 2500 δή
3045 2427 3434 2499 κατωρθῶσθαι
3475 2427 3555 2500 τῷ
3598 2428 3742 2484 διδα-

2172 2522 2353 2593 σκάλῳ
2385 2524 2493 2586 πᾶς
2522 2523 2551 2576 6
2596 2521 2952 2593 εὐγνωμόνως
2992 2522 3062 2576 τὰ
3109 2522 3226 2576 κατ’
3273 2519 3434 2575 mea
3473 2519 3740 2586 ἐξετάζων

2171 2615 2507 2688 σςινθήσεται.
2529 2609 2677 2686 ’Ἄρα
2697 2614 2802 2686 χρὴ
2823 2615 2916 2668 καὶ
2942 2613 3034 2668 τοῦ
3060 2611 3313 2686 Σαμουὴλ
3335 2612 3736 2684 κατατολμήσαι

2167 2703 2247 2775 τῷ
2289 2704 2464 2776 λόγῳ;
2507 2704 2646 2759 Ἀλλ’
2675 2705 2732 2759 έν
2762 2708 2876 2768 τοῖς
2919 2703 3099 2768 ἄλλοις
3144 2705 3279 2758 πᾶσι
3322 2703 3429 2759 τῶν
3457 2701 3737 2774 πρωτείων

2167 2795 2245 2866 τῷ
2290 2797 2544 2872 προφήτῃ
2589 2797 3117 2868 παραχωρήσαντες,
3164 2797 3300 2868 πρὸς
3336 2797 3429 2851 δύο
3474 2796 3594 2850 τινὰ
3632 2795 3739 2850 τῶν

2168 2888 2295 2958 περὶ
2334 2887 2495 2942 αὑτοῦ
2539 2887 2870 2959 λεγομένων,
2921 2889 3013 2942 καὶ
3043 2887 3111 2942 τὰ
3145 2889 3274 2960 περὶ
3311 2887 3403 2942 τὸν
3425 2887 3741 2942 διδάσκαλον

2165 2981 2324 3053 ήμῶν
2348 2979 2563 3044 οίκείως
2590 2979 2781 3050 ἔχοντα
2808 2977 3078 3050 δείξομεν·
3104 2978 3391 3043 Θεὸσδοτος
3419 2979 3743 3050 ἀμφοτέρων

2168 3075 2202 3146 ή
2243 3075 2494 3144 γέννησις
2525 3067 2607 3142 ἦν.
2668 3071 2754 3135 Ὠς
2782 3070 2890 3144 γὰρ
2919 3072 3124 3125 ἐκεῖνον
3151 3072 3185 3143 ή
3221 3072 3430 3144 μήτηρ,
3469 3071 3614 3125 οὕτω
3645 3073 3744 3126 καὶ

2167 3163 2356 3218 τοῦτον
2384 3163 2443 3228 ἐξ
2487 3163 2754 3233 αἰτήσεως
2786 3160 2933 3224 θείας
2967 3163 2996 3215 6
3035 3160 3216 3233 πατὴρ
3244 3159 3595 3218 ὲτεκνὼσατο.
3627 3163 3742 3218 Καὶ

2167 3253 2447 3328 ἀρρωστίᾳ
2501 3253 2631 3307 ποτέ
2685 3251 3034 3323 συσχεθέντος
3087 3252 3418 3325 ὲπιθανατίῳ
3460 3251 3539 3307 έτι
3572 3254 3630 3307 έν
3662 3252 3740 3324 τῷ

2165 3347 2271 3418 νέῳ
2310 3346 2408 3418 τῆς
2446 3343 2660 3417 ἡλικίας
2682 3384 2700 3410 ,
2745 3340 2883 3398 εἶδεν
2922 3344 2952 3398 6
3002 3343 3185 3416 πατὴρ
3228 3343 3554 3414 ἐπιφανέντα
3590 3343 3741 3416 αύτῷ

2165 3437 2307 3493 κατὰ
2336 3438 2432 3508 τὴν
2463 3435 2711 3490 ἐνύπνιον
2733 3435 2853 3505 δψιν
2884 3435 2975 3488 τὸν
3002 3433 3224 3507 Κύριον,
3253 3434 3343 3488 τὸν
3375 3435 3432 3487 ιν
3457 3434 3534 3506 τῷ
3563 3435 3742 3502 Εὐαγ.

2163 3526 2328 3598 γελίῳ
2355 3528 2446 3582 τὸν
2484 3529 2648 3581 παῖδα
2671 3527 2748 3598 τῷ
2777 3524 3040 3598 βασιλικῷ
3089 3525 3473 3598 χαρισάμενον,
3513 3528 3742 3582 κάκεῖνα

2163 3618 2383 3672 είπὸντα
2407 3619 2541 3690 πρὸς
2562 3617 2768 3680 τοῦτον,
2794 3617 2830 3671 ἃ.
2863 3617 2996 3689 πρὸς
3034 3611 3238 3670 ἐκεῖνον
3283 3613 3434 3670 εἶπεν
3457 3618 3487 3670 6
3514 3618 3736 3689 Κύριος,

2163 3711 2244 3764 ὅτι
2271 3711 2554 3779 Πορεύου,
2583 3712 2616 3765 ὁ
2647 3709 2776 3776 υἱός
2804 3724 2920 3763 σου
2948 3707 3034 3777 ζῇ.
3085 3700 3160 3761 υῦ
3189 3708 3286 3780 τὴν
3310 3709 3493 3762 πίστιν
3520 3710 3614 3762 καὶ
3640 3709 3739 3762 αύ-

2164 3799 2255 3864 τὸς
2305 3803 2711 3873 μιμησάμενος,
2760 3801 2852 3854 τὸν
2897 3799 3057 3854 αὑτὸν
3087 3801 3180 3853 ἐπὶ
3215 3803 3282 3872 τῇ
3320 3801 3502 3854 πίστει
3528 3802 3737 3871 καρπὸν

2163 3893 2473 3963 ἐκομίσατο,
2510 3893 2608 3964 τὴν
2639 3891 2730 3946 τοῦ
2767 3891 2883 3945 υίοῦ
2911 3892 3182 3963 σωτηρίαν
3207 3892 3272 3946 έκ
3302 3891 3403 3964 τῆς
3435 3892 3738 3964 φιλανθρω-

2166 3983 2300 4048 πίας
2327 3983 2420 4038 τοῦ
2448 3983 2654 4055 Κυρίου
2688 3983 3000 4055 δεξάμενος.

2241 4251 2338 4304 Ἔν
2365 4250 2462 4321 μὲν
2490 4249 2554 4322 δὴ
2596 4249 2754 4303 τοῦτο
2777 4252 2891 4313 τοῖς
2919 4248 3162 4321 θαύμασι
3191 4249 3286 4303 τοῦ
3320 4249 3572 4323 Σαμουὴλ
3607 4251 3733 4306 ἀνα·

2164 4346 2404 4417 τίθεμεν.
2437 4345 2658 4416 Ἕτερον
2686 4341 2766 4408 δὲ,
2806 4343 2889 4396 ὅτι
2931 4341 2992 4395 τὸ
3041 4337 3177 4406 εἶδος
3215 4342 3314 4412 τῆς
3341 4343 3648 4415 ἱερουργίας
3673 4343 3736 4397 τὸ

2163 4437 2296 4492 αὐτὸ
2323 4440 2434 4502 τοῖς
2461 4434 2554 4490 δύο
2583 4431 3036 4502 συνεσπουδάσθη.
3065 4433 3357 4504 Είρηνικὰς
3392 4435 3736 4506 προσήγαγον

2163 4532 2464 4604 ἀμφότεροι
2494 4527 2573 4600 τῷ
2604 4526 2723 4597 Θεῷ
2752 4526 2850 4590 τὰς
2881 4524 3090 4590 θυσίας,
3136 4525 3278 4597 ὑπὲρ
3307 4526 3405 4596 τῆς
3440 4525 3550 4579 τῶν
3579 4525 3730 4580 πολε⁹

2169 4625 2305 4694 μίων
2332 4622 2658 4694 ἀναιρέσεως
2689 4616 3096 4690 ἱερουργοῦντες
3119 4658 3133 4678 ,
3181 4618 3208 4670 6
3240 4616 3338 4688 μὲν
3364 4619 3455 4671 ἐπὶ
3481 4621 3547 4688 τῇ
3571 4635 3734 4673 κατα-

496 4713 585 4767 hic
619 4712 838 4782 quidem
888 4727 986 4782 pro
1017 4713 1301 4767 eversione
1337 4713 1642 4780 lttct'cscon,
1675 4715 1765 4770 ille
1809 4731 1938 4769 vero
1967 4716 2062 4769 ad-

2166 4715 2314 4768 λύσει
2344 4713 2451 4767 τῶν
2473 4711 2757 4782 αἱρέσεων,
2790 4711 2819 4761 6
2848 4707 2906 4761 δὲ
2937 4707 3078 4762 κατὰ
3108 4707 3215 4762 τῶν
3246 4709 3555 4778 ἀλλοφύλων
3577 4709 3735 4764 τοῦτο

493 4819 685 4858 versus
741 4803 1075 4872 alienigenas
1120 4804 1173 4858 id
1229 4819 1418 4874 agens.
1471 4805 1643 4861 Porro
1690 4823 1918 4877 magnus
1974 4808 2062 4862 ille

2164 4804 2352 4859 ποιῶν.
2388 4802 2624 4872 Μωῦσῆς
2665 4801 2721 4854 δὲ
2749 4801 2777 4852 ὁ
2806 4798 2980 4871 μέγας
3001 4839 3016 4864 ,
3063 4799 3238 4853 κοινὸν
3281 4799 3562 4871 πρόκειται
3599 4803 3734 4856 πᾶσι

495 4897 706 4965 Moyses
741 4912 1030 4952 commune
1062 4896 1342 4962 omnibus,
1399 4900 1494 4969 qtti
1545 4899 1611 4952 ad
1655 4900 1905 4954 virtutem
1936 4915 2062 4968 spe-

2166 4899 2272 4960 τοίς
2307 4893 2441 4965 πρὸς
2473 4891 2669 4964 ἀρετὴν
2698 4890 2896 4964 ὁρῶσιν
2925 4890 3228 4960 ὑπόδειγμα
3252 4907 3266 4920 ·
3302 4890 3396 4944 καὶ
3423 4891 3524 4945 οὐκ
3559 4891 3623 4945 ἄν
3650 4909 3734 4956 τις

491 4995 662 5050 ctant,
694 4987 1032 5056 propositum
1070 4995 1154 5042 est
1183 4989 1512 5058 exemplum.
1551 4986 1658 5042 Nec
1698 4987 1986 5055 deliquerit
2014 4985 2061 5040 si

491 5081 616 5150 quis
660 5079 914 5133 virtutem
973 5080 1302 5150 legislaloris
1363 5089 1619 5150 tanquam
1678 5095 1904 5152 scepum
1954 5080 2058 5134 sibi

493 5179 782 5240 proponat,
813 5171 878 5224 ad
913 5186 1071 5240 quem
1100 5172 1223 5226 vita:
1261 5189 1375 5227 suae
1403 5172 1598 5242 dirigat
1624 5171 1889 5226 actiones.
1917 5170 2056 5225 Ριοοι

492 5264 617 5317 inde
643 5278 801 5317 nemo
839 5277 1065 5331 prorsus
1115 5263 1394 5326 invidebit,
1432 5265 1476 5318 si
1514 5264 1853 5322 ostendatur.
1910 5263 2055 5333 quod

493 5354 752 5423 magister
781 5360 987 5418 noster,
1037 5354 1090 5407 in
1115 5355 1315 5425 quibus
1346 5365 1550 5425 posset,
1594 5355 1955 5424 legislaturem
2003 5343 2062 5408 in

493 5448 602 5498 vita
645 5447 972 5500 imitaretur.
1020 5447 1076 5500 In
1117 5448 1315 5517 quibus
1364 5448 1526 5517 igitur
1559 5447 1785 5518 (rebus)
1826 5447 2059 5501 imitatio

487 5533 884 5590 consistebat?
941 5532 1133 5590 Mulier
1192 5535 1438 5605 quaedam
1496 5534 1782 5610 Egyptios
1839 5551 2056 5608 regens,

565 5691 869 5766 “"‘Joan.
902 5726 973 5775 Iv,
1005 5710 1095 5765 50.

2165 4985 2533 5056 πλημμελοίη,
2585 4981 2678 5036 τοῦ
2718 4983 2848 5036 ἰδίου
2895 4982 3010 5052 βίου
3043 4983 3242 5036 σκοπὸν
3269 4982 3366 5054 τήν
3412 4983 3610 5055 ἀρετὴν
3639 4983 3733 5038 τοῦ

2163 5077 2448 5148 νομοθέτου
2481 5074 2818 5144 ποιούμενος.
2875 5074 3084 5128 Οὐκοῦν
3133 5074 3486 5144 ἀνεπίφθονον
3517 5075 3736 5139 πάντως

2166 5170 2252 5240 εἴη
2285 5168 2451 5234 δεῖξαι
2475 5167 2566 5220 τὸν
2589 5165 2901 5221 διδάσκαλον
2919 5166 3100 5236 ήμῶν.
3129 5167 3186 5220 ὲν
3211 5161 3291 5230 οἷς
3316 5161 3425 5230 οἷός
3447 5184 3506 5220 τε
3533 5162 3620 5239 ἦν,
3643 5165 3734 5221 τὸν

2167 5259 2462 5332 νομοθέτην
2489 5260 2579 5312 ἐπὶ
2607 5259 2700 5312 τοῦ
2727 5259 2841 5328 βίου
2878 5258 3230 5330 μιμούμενον.
3287 5260 3377 5313 Ἐν
3410 5259 3520 5313 τίσι
3557 5259 3734 5312 τοίνυν

2168 5356 2204 5425 ἡ
2234 5352 2462 5424 μίμησις
2497 5346 2606 5422 ἧνς
2648 5351 2920 5421 Ἀρχουσά
2967 5367 3049 5413 τις
3099 5350 3207 5403 τῶν
3237 5350 3580 5419 Αἰγυπτίων,
3626 5351 3734 5403 είσ-

2170 5441 2510 5513 ποιησαμένη
2575 5441 2665 5495 τὸν
2729 5441 2966 5496 Μωῦσέα
3027 5440 3274 5495 παιδεύει
3319 5441 3418 5513 τὴν
3472 5439 3735 5512 ἐγχώριον

2170 5536 2468 5601 παίδευσιν,
2501 5534 2600 5588 οὐκ
2633 5534 2944 5588 ἀποστάντα
2972 5531 3061 5586 τοῦ
3107 5532 3357 5604 μητρῴου
3395 5531 3588 5604 μαζοῢ,
3629 5531 3735 5596 In;
