4132 6356
335 336 439 395 809

1433 329 1497 382 IN
1541 329 1827 385 LAllDl-Al
1864 326 2164 381 FRATRIS
2204 324 2469 381 BASILII.

3477 328 3586 383 8H)

334 449 441 502 ἔδει
472 447 824 520 τὴνπρώτην
873 446 1087 517 ἡλικίαν
1118 449 1184 517 τῇ
1230 446 1452 519 τοιαύτῃ
1479 448 1649 515 τροφῇ
1682 445 1902 515 τιθηνή-

2026 443 2234 514 lloysen
2262 445 2581 513 adoptatum
2614 442 2919 497 domestica
2956 441 3245 513 disciplina
3294 444 3584 502 instituen-

337 539 551 611 σασθαι.
582 538 751 591 Τοῦτο
773 538 866 591 καὶ
894 537 970 608 τῷ
992 538 1294 608 διδασκάλῳ
1323 539 1637 609 μαρτυρεῖή
1664 537 1908 607 ἀλήθεια.

348 631 809 703 Ἀνατρεφύμενος
856 631 964 701 γάρ
1008 630 1114 683 ὑπὸ
1146 631 1244 701 τῆς
1293 630 1397 694 ἔξω
1444 629 1653 698 σοφίας,
1706 631 1792 683 ἀεὶ
1818 629 1911 683 τοῦ

340 721 512 792 μαζοῦ
563 721 662 789 τῆς
701 720 1030 789 Ἐκκλησίας
1062 721 1266 788 εἴχετο,
1313 722 1427 782 τοῖς
1477 719 1723 772 ἐντεῦθεν
1764 719 1911 773 διδά-

337 830 508 884 γμασι
540 813 636 883 τὴν
664 812 840 882 ψυχὴν
869 810 1046 876 αὔξων
1073 813 1166 864 καὶ
1192 811 1568 881 άδρυνὸμενος.
1612 812 1914 882 Ἦρνήσατο

341 905 477 974 μετὰ
510 903 681 957 ταῦτα
728 904 756 955 ὁ
791 904 1028 972 Μωῦσῆς
1070 902 1171 973 τῆς
1199 902 1551 972 ψευδωνύμου
1586 904 1789 972 μητρὸς
1814 905 1914 973 τὴν

340 996 734 1065 σεσοφισμένην
782 995 1117 1063 συγγένειαν.
1182 996 1315 1049 Οὐδὲ
1376 990 1528 1059 οὗτος
1587 996 1914 1065 παρέμεινεν

338 1088 565 1140 ἐπιπολὺ
594 1086 907 1156 νομίζεσθαι
939 1086 1097 1139 τοῦτο
1123 1080 1166 1153 ᾧ
1201 1086 1554 1159 ἐπῃσχύνετο.
1594 1089 1781 1140 Πᾶσαν
1807 1087 1914 1158 γὰρ

338 1176 434 1247 τὴν
452 1177 514 1229 ἐκ
538 1175 645 1232 τῶν
666 1175 863 1241 ἔξωθεν
885 1176 1056 1243 λόγων
1072 1175 1227 1240 δόξαν
1249 1177 1704 1245 ἀποσεισάμενος,
1729 1176 1916 1247 ὥσπερ

336 1271 432 1339 τὴν
461 1270 732 1339 βασιλείαν
763 1272 990 1333 ἐκεῖνος,
1024 1268 1157 1339 πρὸς
1188 1268 1277 1320 τὸν
1315 1267 1567 1320 ταπεινὸν
1599 1268 1914 1337 άπηυτομό-

340 1366 468 1431 λησε
512 1362 657 1431 βίον,
704 1361 954 1431 καθάπερ
998 1361 1091 1414 καὶ
1136 1361 1261 1423 τοὺς
1297 1360 1577 1431 Ἐϐραίους
1614 1362 1643 1413 ὁ
1677 1360 1916 1431 Μωῡσῆς

342 1454 767 1524 προτιμοτέρους
805 1452 912 1506 τῶν
952 1452 1261 1520 Αἰγυπτίων
1289 1452 1573 1522 θησαυρῶν
1602 1453 1911 1521 ἐποιήσατο.

342 1546 451 1615 Τῆς
493 1546 547 1598 (Σὲ
597 1544 811 1614 φύσεως
858 1546 942 1613 ἐφ’
989 1545 1218 1599 ἑκάστου
1258 1542 1319 1596 τὸ
1360 1545 1556 1614 ἑαυτῆς
1590 1544 1917 1614 ἐνεργούσης

339 1636 596 1705 (ἑκάστου
628 1636 735 1707 γὰρ
764 1638 796 1704 ὴ
825 1635 962 1706 σὰρξ
996 1635 1251 1705 ἐπιθυμεῖ
1281 1636 1418 1688 κατὰ
1444 1634 1536 1688 τοῦ
1564 1635 1915 1706 πνεύματος),

339 1728 457 1779 οὐδὲ
483 1722 636 1790 οὗτος
664 1727 820 1790 ἐκτὸς
851 1722 920 1798 ἦν
945 1727 1045 1797 τῆς
1076 1726 1169 1779 τοῦ
1198 1726 1493 1795 Αἰγυπτίου
1523 1726 1784 1798 λογισμοῦ
1814 1730 1917 1799 μά-

340 1836 463 1888 χης,
496 1817 562 1888 ἢν
590 1818 761 1888 ἐπῆγε
791 1817 871 1888 τῷ
916 1818 1271 1890 καθαρεύοντι
1295 1833 1310 1848 ⁸
1359 1818 1493 1871 ἀλλὰ
1513 1820 1814 1890 συμμαχῶν
1840 1820 1918 1892 τῷ

342 1909 591 1978 βελτίονι,
639 1910 829 1981 νεκρὸν
861 1911 1035 1964 ἐποίει
1082 1911 1171 1963 τὸν
1212 1910 1399 1975 κακῶς
1438 1912 1515 1983 τῷ
1560 1912 1793 1984 Ἑϐραίῳ
1821 1914 1919 1965 ἐπ·

340 2002 975 2074 εγειρόμενονοἙὸραῖος
1003 2002 1060 2055 δὲ
1083 2001 1360 2072 λογισμὸς,
1392 2005 1420 2056 ὁ
1447 2003 1919 2075 ἐκκεκαθαρμένος

342 2093 435 2145 καὶ
463 2092 781 2163 ἁμόλυντος.
839 2095 897 2146 '0
926 2094 1035 2164 γὰρ
1063 2093 1150 2147 διὰ
1181 2092 1275 2147 τοῦ
1302 2095 1571 2162 νεκρῶσαι
1600 2094 1667 2148 τὰ
1700 2095 1792 2148 ἐπὶ
1820 2096 1921 2166 τῆς

341 2185 443 2255 γῆς
472 2186 610 2255 μέλη
640 2188 706 2257 τῇ
739 2185 886 2257 ψυχῇ
915 2185 1219 2256 συμμαχῶν
1248 2188 1494 2256 μιμεῖται
1524 2186 1617 2239 τοῦ
1644 2188 1921 2250 Μωῦσέως

342 2277 439 2346 τὴν
481 2276 780 2346 ἀριστείαν,
829 2277 895 2347 ἢν
929 2276 1071 2330 κατὰ
1111 2276 1205 2329 τοῦ
1249 2276 1546 2345 Αἰγυπτίου
1594 2279 1917 2347 ἐνήργησεν.

344 2368 731 2439 Παραδραμεῖν
763 2368 819 2421 δὲ
866 2370 1132 2438 προσήκει
1171 2368 1239 2420 τά
1290 2368 1460 2421 πολλὰ
1511 2373 1609 2438 τῆς
1658 2370 1917 2441 ἱστορίας.

342 2457 419 2522 ὡς
445 2460 509 2511 ἂν
543 2460 616 2530 μὴ
651 2458 815 2512 πολὺν
848 2458 1002 2529 ὄχλον
1046 2460 1241 2527 ἐπάγοι
1264 2462 1329 2529 τῇ
1362 2460 1520 2529 ἀκοῇ,
1567 2459 1626 2512 τὸ
1658 2462 1832 2514 πάντα
1854 2462 1920 2515 δι’

343 2549 625 2620 ἀκριϐείας
656 2548 831 2603 θέλειν
859 2551 1202 2614 ἐκτίθεσθαι,
1247 2552 1347 2604 ὅσα
1382 2569 1439 2604 τε
1475 2553 1568 2605 ἐπὶ
1594 2554 1869 2616 Μωῧσέως
1896 2556 1922 2607 ὸ

343 2637 495 2708 λόγος
522 2640 761 2711 κατέχει,
817 2642 909 2694 καὶ
951 2643 1007 2693 ἐν
1034 2636 1113 2705 οἷς
1145 2641 1360 2709 ἐγένετο
1398 2642 1494 2696 τοῦ
1535 2642 1853 2698 διδασκάλου
1889 2647 1921 2715 ὴ

344 2732 478 2802 πρὸς
499 2732 589 2784 τὸν
621 2732 915 2804 νομοθέτην
935 2733 1211 2803 ὁμοίωσις.
1241 2733 1512 2787 Κατέλιπε
1534 2736 1631 2805 τὴν
1649 2735 1923 2803 Αἴγυπτον

347 2824 483 2895 μετὰ
512 2823 602 2877 τὸν
635 2822 859 2876 θάνατον
888 2823 979 2875 :06
1023 2824 1319 2891 Αἰγυπτίου
1370 2826 1397 2874 ὁ
1438 2825 1661 2893 Μωσῆς,
1698 2827 1792 2878 καὶ
1827 2843 1924 2877 πο-

344 2915 439 2969 λὺν
471 2917 527 2967 ἐν
555 2915 633 2984 τῷ
664 2915 812 2984 μέσῳ
859 2915 1044 2984 διῆγεν
1093 2915 1281 2985 χρόνον
1324 2916 1409 2981 ἐρ’
1457 2917 1648 2969 ἑαυτοῦ
1686 2916 1920 2980 eadem.

340 3006 618 3060 ’Κατέλιπε
647 3008 741 3060 καὶ
775 3001 929 3069 οὗτος
957 3008 1082 3070 τοὺς
1116 3010 1171 3058 ἐν
1206 3007 1356 3060 ἄστει
1391 3007 1669 3079 θορύϐους,
1708 3010 1797 3062 καὶ
1830 3011 1924 3073 τὰς

2012 537 2142 591 dum
2172 546 2352 601 curat,
2398 554 2429 590 a
2459 537 2721 589 maternis
2756 535 3035 601 uberibus,
3081 537 3320 606 quandiu
3352 539 3583 606 primam

2012 636 2224 682 aetatem
2250 627 2518 695 ejusmodi
2536 626 2805 681 alimento
2840 626 3036 680 nutriri
3069 627 3442 692 conveniebat,
3476 645 3585 684 non

2015 723 2380 775 recedentem.
2435 717 2549 773 Hoc
2602 719 2729 773 item
2774 719 3036 788 magistro
3085 718 3292 774 veritas
3331 729 3584 777 testatur.

2013 810 2150 864 Cum
2183 809 2515 865 educaretur
2535 810 2680 863 enim
2715 809 2783 861 ah
2802 816 3023 863 externa
3053 810 3341 878 sapientia,
3372 827 3587 881 semper

2016 903 2278 956 uberibus
2299 899 2555 955 Ecclesiae
2577 901 2906 965 adhan'ehat,
2938 900 3085 956 illius
3110 900 3374 957 doctrinis
3405 905 3588 957 animo

2015 1008 2271 1049 crescens
2320 1001 2484 1063 atque
2523 991 2910 1062 grandescens.
2961 992 3263 1062 Abnegavit
3312 1002 3474 1063 atque
3504 1010 3588 1048 re-

2016 1086 2264 1156 pudiavit
2312 1094 2498 1156 postea
2533 1083 2747 1156 Moyses
2781 1084 2918 1139 falso
2964 1085 3125 1139 dicta:
3170 1087 3361 1141 matris
3405 1088 3586 1141 ﬁctam

2016 1185 2069 1231 et
2098 1175 2530 1231 commentitiam
2562 1176 2965 1242 cognationem.
2992 1174 3072 1229 Ne
3111 1175 3199 1230 hic
3239 1176 3456 1246 quidem
3494 1178 3589 1231 ditt

2017 1270 2316 1337 permansit
2348 1269 2403 1322 in
2431 1284 2496 1323 eo
2540 1275 2710 1334 statu,
2750 1277 2809 1321 ut
2836 1269 2957 1337 ejus
2988 1269 3153 1323 studii
3191 1270 3411 1325 nomine
3446 1273 3588 1326 cele-

2017 1360 2270 1415 braretur
2298 1369 2460 1430 atque
2504 1360 2758 1421 clareret,
2791 1360 2950 1428 cujus
2983 1376 3106 1414 cum
3157 1361 3410 1431 pudebat.
3453 1363 3587 1417 Cum

2015 1452 2160 1507 enim
2191 1467 2408 1506 omnem
2442 1467 2508 1507 ex
2538 1452 2737 1506 litteris
2765 1460 2819 1507 et
2847 1452 3154 1522 disciplinis
3186 1454 3431 1509 externis
3464 1470 3590 1524 par-

2018 1552 2128 1598 tam
2145 1544 2371 1615 gloriam
2388 1543 2745 1613 repudiasset,
2761 1543 3216 1613 quemadmodum
3236 1543 3325 1599 ille
3338 1560 3588 1614 regnum,

2018 1637 2086 1691 ad
2107 1637 2310 1691 humile
2326 1638 2453 1691 vita:
2485 1652 2543 1692 se
2566 1637 2845 1691 transtulit
2863 1636 3171 1691 institutum
3195 1655 3208 1690 :
3231 1638 3589 1706 quemadmo-

2018 1729 2149 1785 dum
2181 1730 2341 1786 etiam
2365 1729 2577 1801 Moyses
2604 1729 2872 1801 IEgyptiis
2910 1729 3184 1784 thesauris
3213 1730 3447 1800 prtetulit
3480 1729 3585 1782 He—

2020 1822 2213 1877 braeos.
2230 1822 2398 1876 Porro
2414 1837 2536 1876 cum
2558 1833 2748 1878 natura
2773 1823 2826 1875 in
2843 1836 3166 1890 unoquoque
3180 1836 3338 1876 suum
3356 1823 3588 1876 cilicium

2021 1912 2184 1968 faciat
2200 1914 2654 1983 (uniuscujusque
2669 1914 2813 1967 enim
2831 1928 2958 1966 caro
2974 1913 3311 1983 concupiscit
3331 1913 3591 1968 adversus

2020 2006 2369 2077 spiritum")
2407 2023 2474 2059 ne
2502 2005 2588 2059 hic
2619 2004 2835 2074 quidem
2869 2019 3065 2073 expers
3099 2005 3277 2073 βιωιῆ
3310 2014 3447 2069 erat,
3481 2019 3591 2074 quo

2020 2096 2163 2150 ratio
2198 2110 2332 2164 pura
2361 2095 2428 2148 ab
2450 2094 2704 2166 Egyptia
2732 2094 2943 2148 ratione
2973 2093 3278 2163 petebatur,
3310 2093 3405 2147 sed
3431 2107 3590 2162 opem

2022 2187 2205 2243 ferens
2238 2188 2469 2251 meliori,
2499 2196 2765 2242 mortuam
2799 2186 3034 2242 faciebat
3062 2201 3204 2248 eam,
3240 2201 3361 2255 quae
3400 2185 3593 2239 δάνει’-ς

2021 2296 2118 2336 sus
2141 2278 2419 2333 llebraeam
2443 2278 2587 2333 haud
2621 2289 2768 2335 recte
2800 2278 3138 2349 insurgebat.
3168 2277 3389 2331 Hebraea
3412 2289 3592 2332 autem

2023 2373 2182 2435 ratio,
2212 2380 2512 2441 etpm'gata
2539 2379 2620 2426 est
2646 2379 2699 2424 et
2732 2370 3180 2426 incontaminata.
3216 2367 3349 2422 Nam
3375 2369 3468 2439 qui
3500 2385 3595 2438 per

2022 2466 2496 2519 mortiﬁcationem
2558 2463 2927 2518 membrorum
2998 2469 3341 2516 terrenornm
3402 2477 3596 2515 annue

2023 2555 2285 2608 auxilium
2336 2554 2459 2616 fert,
2501 2552 2855 2608 excellentem
2889 2550 3265 2605 fortitudinem
3299 2558 3462 2621 atque
3491 2553 3599 2604 vir-

2025 2657 2195 2701 tutem
2228 2646 2429 2717 Moysis
2479 2661 2642 2716 quam
2680 2644 2943 2699 adversus
2974 2643 3288 2714 Egyptian:
3323 2644 3596 2712 praestitit,

2027 2738 2288 2790 imitatur.
2327 2737 2617 2790 Praeterire
2640 2745 2821 2789 autem
2855 2751 3103 2804 magnam
3129 2744 3335 2802 partem
3361 2735 3598 2787 historiae

2025 2832 2302 2892 ('UIIVCllll,
2348 2847 2413 2883 nc
2446 2830 2488 2884 si
2525 2829 2648 2898 quis
2680 2829 2861 2882 omnia
2889 2829 3043 2896 plene
3072 2839 3233 2894 atque
3257 2835 3445 2881 exacte
3471 2828 3600 2881 velit

2024 2937 2319 2991 exponere,
2360 2935 2480 2990 quae
2529 2930 2582 2973 et
2613 2919 2682 2974 de
2719 2918 2901 2989 Moyse
2935 2917 3219 2987 Scriptura
3264 2919 3597 2980 continet“,

2027 3026 2077 3066 ct
2134 3014 2188 3066 in
2232 3013 2431 3082 quibus
2465 3012 2703 3081 magistri
2739 3012 2838 3063 fuit
2888 3027 3009 3062 cum
3051 3009 3233 3081 Moyse
3276 3008 3597 3070 similitudo,

346 3098 535 3161 ὑλικὰς
566 3098 768 3161 ταύτας
800 3099 1174 3169 περιηχήσεις,
1210 3100 1304 3157 καὶ
1330 3095 1396 3168 ἦν
1427 3100 1517 3151 ἐπὶ
1545 3100 1643 3166 τῆς
1671 3102 1923 3169 ἐσχατιᾶς

2032 3122 2281 3176 magnam
2338 3104 2682 3158 auditoribus
2735 3104 2921 3156 all'nrat
2975 3104 3302 3157 inolestiam.
3360 3099 3602 3170 Reliquit

347 3189 799 3260 προσφιλοσοφῶν
858 3189 936 3259 τῷ
968 3189 1105 3259 θεῷ.
1154 3189 1530 3259 Κατελάμφθη
1563 3191 1638 3259 τῷ
1674 3191 1809 3259 φωτὶ
1844 3192 1932 3244 διὰ

347 3284 445 3351 τῆς
474 3282 634 3349 βάτου
662 3282 882 3344 ἐκεῖνος.
912 3280 1147 3350 Ἔχομέν
1176 3297 1228 3333 τι
1256 3279 1513 3347 συγγενὲς
1541 3280 1639 3349 τῆς
1671 3282 1931 3344 ὀπτασίας

346 3371 547 3442 ταύτης
574 3372 663 3425 καὶ
690 3372 782 3423 ἐπὶ
818 3371 1005 3425 τούτου
1036 3373 1208 3424 εἰπεῖν
1235 3389 1249 3403 ·
1281 3372 1361 3423 ὅτι
1405 3371 1595 3433 νυκτὸς
1628 3370 1815 3440 οὔσης,
1847 3372 1931 3439 γί-

349 3482 495 3519 νεται
527 3463 676 3535 αύτῷ
709 3464 888 3533 φωτὸς
919 3463 1185 3535 ἔλλαμψις
1221 3464 1363 3517 κατὰ
1392 3464 1481 3516 τὸν
1514 3460 1661 3516 οἷκον
1695 3481 1930 3535 προσευ-

349 3558 562 3629 χομένῳ
586 3574 599 3587 ·
646 3557 808 3611 ἆῦλον
836 3557 892 3609 δέ
917 3556 1053 3609 τιτὸ
1084 3556 1197 3625 φῶς
1228 3552 1297 3626 ἦν
1322 3557 1515 3618 ἐκεῖνο,
1549 3555 1669 3624 θείᾳ
1701 3554 1925 3625 δυνάμει

351 3649 724 3719 καταφωτίζον
780 3650 840 3703 τὸ
900 3650 1139 3717 οἴκημα,
1200 3649 1289 3699 ὑπ’
1341 3647 1552 3710 οὐδενὸς
1605 3645 1927 3717 πράγματος

350 3741 534 3796 ὑλικού
565 3740 949 3810 ὲξαπτόμενον.
984 3740 1151 3803 Σώζει
1180 3738 1268 3791 τὸν
1297 3738 1423 3791 λαὸν
1451 3739 1479 3790 ὁ
1511 3740 1714 3809 Μωσῆς
1744 3741 1806 3791 ἐκ
1833 3739 1926 3791 τοῦ

349 3832 613 3904 τυράννου
676 3832 1000 3903 ῥυσάμενος.
1067 3830 1355 3900 Μαρτυρεῖ
1401 3829 1469 3881 τὰ
1522 3830 1611 3882 ἴσα
1663 3829 1757 3881 τοῦ
1805 3830 1927 3882 καθ’

349 3924 496 3993 ἡμᾶς
523 3923 814 3994 νομοθέτου
848 3925 876 3975 ὁ
907 3920 1033 3984 λαὸς
1076 3916 1229 3983 οὗτος
1250 3961 1264 3983 ,
1297 3914 1356 3973 o6
1387 3919 1474 3972 διὰ
1500 3922 1596 3989 τῆς
1629 3916 1926 3989 ἱερωσύνης

350 4019 487 4089 πρὸς
514 4019 612 4088 τὴν
638 4017 969 4087 ἐπαγγελίαν
998 4015 1091 4069 τοῦ
1125 4014 1259 4068 Θεοῦ
1294 4013 1663 4083 καθηγήσατο.

2034 3197 2323 3268 Aigyptum
2359 3195 2569 3265 Moyses
2608 3205 2729 3264 post
2772 3211 2956 3248 necent
3007 3192 3270 3264 Egyptii,
3320 3195 3603 3265 multoque

2034 3288 2323 3354 interjecto
2351 3294 2591 3355 tempore
2617 3300 2864 3339 seorsum
2891 3300 2985 3353 per
3006 3299 3064 3338 sc
3086 3284 3330 3353 privatus
3350 3285 3599 3353 degebat.

2036 3377 2278 3445 Reliquit
2306 3377 2469 3429 etiam
2501 3376 2588 3429 hic
2620 3375 2861 3430 urbanos
2893 3375 3178 3439 tumultus,
3210 3384 3263 3428 et
3294 3376 3603 3431 materiales

2034 3465 2135 3518 hos
2174 3463 2436 3532 strepitus
2485 3462 2728 3532 undique
2767 3463 3265 3529 circumsonantes,
3308 3470 3362 3519 et
3398 3465 3601 3520 eratin

2036 3556 2335 3611 solitudine
2378 3555 2575 3609 divinae
2620 3554 2976 3624 philosophia:
3027 3555 3360 3609 addictus”.
3398 3554 3602 3610 Lumen

2034 3647 2108 3699 illi
2138 3662 2231 3715 per
2256 3647 2450 3698 ruham
2476 3646 2691 3699 alluxit.
2717 3644 2990 3700 llabemus
3016 3646 3218 3716 aliquid
3251 3647 3377 3701 huic
3405 3647 3605 3703 visioni

2030 3746 2321 3808 cognatum
2354 3739 2517 3792 etiam
2556 3737 2609 3790 in
2649 3735 2777 3799 hoc,
2818 3736 2962 3806 quod
3004 3738 3274 3793 dicamus.
3314 3737 3449 3792 Nam
3478 3755 3602 3794 eum

2031 3846 2138 3885 nox
2192 3838 2359 3893 esset,
2415 3829 2613 3883 accidit
2660 3828 2707 3881 ei
2766 3829 3058 3883 illustratio
3097 3840 3258 3900 atque
3290 3831 3603 3899 aﬂulgentia

2030 3920 2254 3975 luminis
2282 3920 2428 3973 (Ionii
2455 3919 2632 3972 oranti
2659 3939 2671 3974 :
2708 3934 2903 3987 expers
2935 3929 3115 3974 autem
3160 3921 3401 3975 materiae
3431 3923 3603 3989 quod-

2042 4012 2169 4066 dam
2220 4010 2403 4064 lnmen
2448 4017 2568 4064 erat
2614 4009 2768 4073 illud,
2809 4010 2992 4063 divina
3034 4011 3233 4064 virtute
3270 4012 3602 4065 domicilium

352 4110 689 4171 illumiuans,
736 4109 946 4162 anulla
998 4124 1055 4161 re
1090 4106 1357 4160 materiali
1404 4118 1717 4158 accensum.
1778 4099 1973 4156 Servat
2031 4100 2290 4171 populum
2340 4099 2549 4170 Moyses
2601 4115 2629 4151 a
2679 4108 2911 4169 tyranno
2961 4101 3267 4153 liberatum.
3324 4100 3480 4154 Paria
3538 4100 3605 4153 de

352 4210 541 4256 nostro
595 4199 901 4270 Iegislatore
955 4205 1186 4252 testatur
1250 4194 1337 4248 hic
1385 4192 1640 4264 populus,
1702 4208 1860 4262 quem
1921 4207 2015 4261 per
2052 4189 2416 4247 sacerdotium
2444 4188 2597 4243 duxit
2627 4188 2692 4241 ad
2723 4187 2817 4243 Dei
2850 4189 3285 4258 promissionem.

424 4295 532 4347 Καὶ
552 4294 604 4345 τί
631 4292 737 4363 χρὴ
761 4292 829 4345 τὰ
855 4291 975 4345 καθ’
1000 4291 1227 4343 ἕκαστον
1256 4289 1458 4357 λέγειν,
1500 4288 1659 4349 ὅσους
1697 4287 1923 4357 διήγαγε

2101 4285 2166 4339 Ει
2211 4283 2341 4355 quid
2389 4298 2528 4352 opus
2577 4293 2662 4338 est
2705 4283 2890 4337 omnia
2944 4282 3254 4353 singulatim
3310 4300 3603 4353 exponere,

354 4385 447 4440 καὶ
490 4379 642 4447 οὗτος
688 4382 774 4435 διὰ
820 4381 914 4434 τοῦ
958 4381 1167 4445 ὓδατος,
1204 4381 1345 4442 ὅσοις
1389 4378 1474 4430 διὰ
1506 4376 1599 4428 τοῦ
1650 4377 1805 4443 λόγου
1833 4376 1922 4427 τὸν

2027 4393 2189 4449 quam
2215 4377 2416 4430 multos
2445 4376 2609 4431 etiam
2644 4377 2728 4429 hic
2759 4390 2852 4445 per
2871 4391 3064 4445 aquam
3096 4376 3418 4438 traduxerit,
3443 4393 3603 4448 quam

357 4478 545 4532 στύλον
575 4475 667 4528 τοῦ
713 4474 881 4545 πυρὸς
924 4473 1302 4542 ἐδᾳδούχησεν,
1347 4471 1503 4531 ὅσους
1537 4472 1603 4538 τῇ
1633 4468 1724 4522 τοῦ
1762 4466 1929 4520 livet}-

358 4585 525 4639 ματος
577 4565 770 4636 νεφέλῃ
822 4564 1100 4624 διέσωσεν,
1150 4565 1305 4623 ὅσους
1351 4559 1544 4631 ἔθρεψε
1587 4560 1652 4630 τῇ
1704 4556 1931 4628 οὐρανίᾳ

355 4661 550 4729 τροφῇ,
598 4658 745 4720 ὅπως
791 4656 1037 4724 ἐμιμεῖτο
1078 4655 1177 4725 τὴν
1220 4654 1423 4726 πέτραν
1455 4648 1645 4724 ἦποτε
1677 4649 1756 4719 τῷ
1789 4648 1930 4719 ξύλῳ

356 4748 709 4819 ἀνεστομώθη
749 4748 809 4801 τὸ
832 4746 994 4816 ὕδωρ,
1028 4747 1322 4808 τουτέστιν,
1415 4762 1546 4799 ποτε
1571 4745 1599 4796 ὀ
1627 4741 1719 4796 τοῦ
1768 4758 1931 4795 σταυ-

358 4840 455 4912 ροῦ
487 4840 657 4903 τύπος
706 4838 798 4892 τοῦ
830 4839 1090 4907 στόματος
1137 4836 1334 4904 ἔθιγεν,
1385 4838 1532 4899 ὅπως
1565 4832 1779 4896 ἐπότιζε
1805 4833 1932 4894 τοὺς

355 4932 625 5001 διψῶντας
668 4928 761 4984 τοῦ
792 4928 982 4992 ὓδατος
1027 4928 1258 4990 ἐκείνου,
1293 4926 1369 4997 τῷ
1411 4926 1602 4995 πλήθει
1631 4926 1729 4994 τῆς
1773 4925 1933 4996 ἐπιρ-

361 5023 489 5095 ρτδῆς
520 5024 617 5085 τὰς
647 5022 913 5083 ἀϐύσσους
941 5018 1293 5090 μιμούμενος,
1322 5018 1440 5071 οἵαν
1473 5017 1769 5088 μαρτυρίου
1800 5032 1934 5085 σκηο

358 5116 487 5186 νὴν,
538 5115 632 5168 καὶ
686 5111 1011 5182 σωματικῶς
1068 5110 1166 5179 μὲν
1214 5111 1272 5162 ἐν
1319 5108 1397 5178 τῷ
1450 5108 1754 5179 προαστείῳ
1802 5123 1934 5161 κατ-

360 5206 712 5267 εσκευάσατο,
759 5206 883 5267 τοὺς
914 5204 1161 5272 πτωχοὺς
1189 5199 1268 5270 τῷ
1300 5199 1531 5267 σώματι,
1575 5199 1822 5268 πτωχοὺς
1856 5197 1935 5267 τῷ

361 5298 626 5369 πνεύματι
653 5298 738 5351 διὰ
766 5296 866 5366 τῆς
892 5294 1102 5364 ἀγαθῆς
1132 5291 1472 5355 διδασκαΜας
1502 5288 1639 5344 εἶναι
1681 5293 1929 5361 ποιήσας,

360 5388 500 5440 ὥστε
527 5389 706 5451 αὐτοῖς
740 5388 993 5456 γενέσθαι
1031 5384 1374 5459 μακαριστὴν
1401 5384 1501 5453 τὴν
1533 5383 1803 5451 πτωχείαν
1836 5384 1933 5451 τῆς

362 5478 621 5548 ἀληθινῆς
658 5479 930 5549 βασιλείας
963 5475 1327 5549 προξενοῦσαν
1355 5475 1455 5545 τὴν
1488 5474 1673 5545 χάριν;
1724 5474 1935 5544 Σκηνὴν

361 5572 417 5624 δὲ
449 5570 626 5640 ἀληθῆ
652 5571 785 5641 πρὸς
812 5572 908 5641 τὴν
941 5572 1035 5625 τοῦ
1062 5571 1198 5623 Θεοῦ
1230 5568 1547 5639 κατοίκησιν
1579 5565 1675 5637 τὴν
1704 5567 1932 5619 ἑκάστου

473 5750 516 5783 ⁸³
550 5749 727 5805 Galat.
765 5765 818 5810 ν,
859 5751 947 5804 Π.
986 5750 1027 5780 ιδ
1053 5750 1289 5811 Exod",
1327 5750 1347 5801 l
1387 5764 1507 5819 sqq.

641 5842 913 5904 Ριτιιοι.
948 5844 1065 5903 tiu.
1104 5842 1151 5923 Χ
1166 5844 1321 5903 LVI.

2035 4471 2220 4525 multis
2256 4485 2348 4539 per
2382 4484 2688 4523 sermonem
2739 4470 3049 4523 columnam
3095 4467 3237 4539 ignis
3276 4469 3609 4539 praetulerit?

2033 4577 2197 4631 quam
2238 4562 2439 4614 nmltos
2483 4561 2627 4615 nube
2675 4560 2903 4629 spiritus
2946 4561 3389 4623 conservaverit,
3444 4578 3606 4631 quam

2036 4654 2235 4707 multos
2270 4651 2476 4706 cmlesti
2527 4653 2651 4705 cibo
2701 4652 2937 4706 aluerit?
2991 4652 3264 4721 quomodo
3305 4653 3608 4708 imitaretur

2035 4752 2264 4815 petram,
2310 4744 2362 4797 in
2409 4758 2512 4813 qua
2558 4731 2833 4813 quendam
2884 4744 3031 4815 ligno
3064 4758 3220 4815 aqua:
3265 4761 3328 4800 os
3376 4754 3430 4799 et
3472 4762 3607 4801 vena

2034 4846 2220 4906 aperta
2251 4845 2356 4900 est,
2384 4836 2487 4891 hoc
2513 4844 2617 4900 est,
2650 4834 2810 4904 cujus
2836 4834 3110 4904 quondam
3141 4850 3203 4890 os
3226 4838 3410 4890 crucis
3439 4836 3607 4906 ﬁgura

2033 4928 2249 4998 tetigit?
2289 4927 2746 4996 quemadmodum
2784 4926 3034 4981 sitientes
3068 4942 3207 4997 aqua
3251 4929 3342 4981 illa
3376 4934 3607 4997 potaret,

2035 5020 2411 5091 magnitudine
2466 5018 2814 5073 abundantiae
2863 5020 3085 5073 imitans
3134 5019 3399 5089 abyssos,
3452 5020 3611 5089 quale

2034 5114 2446 5170 tabernaculum
2483 5112 2804 5176 testimonii,
2832 5118 2885 5165 et
2910 5111 3126 5181 quidem
3168 5112 3522 5180 corporaliter
3556 5112 3609 5165 in

2036 5207 2300 5264 suburhio
2325 5206 2624 5274 fabricatus
2652 5203 2745 5267 sit,
2777 5218 3044 5274 pauperes
3069 5220 3321 5272 corpore,
3345 5218 3612 5273 pauperes

2036 5299 2232 5367 spiritu
2271 5305 2330 5349 ut
2357 5270 2566 5358 essent,
2602 5310 2698 5363 per
2745 5270 2943 5347 bonam
2998 5270 3304 5347 doctrinam
3348 5270 3611 5354 ciliciens.

2037 5389 2175 5444 adeo
2201 5396 2259 5441 ut
2286 5403 2473 5442 eormn
2508 5393 2723 5455 egestas
2760 5386 2831 5438 ob
2862 5384 3254 5439 beatitudinem
3286 5384 3613 5438 memorabi-

2037 5480 2103 5533 lis
2134 5477 2445 5541 cxsisteret,
2479 5482 2666 5544 utpote
2692 5474 2805 5529 veri
2835 5475 2987 5545 regni
3028 5474 3235 5529 donum
3274 5473 3614 5544 gratiamque

2035 5565 2373 5620 concilians!
2428 5561 2864 5620 Tabernaculum
2909 5573 3087 5620 autem
3146 5578 3353 5628 verum,
3403 5563 3460 5618 in
3506 5576 3616 5635 quo

1591 5744 1823 5801 "Etod.
1858 5760 1941 5808 In,
1985 5743 2007 5797 l
2043 5759 2167 5815 sqq.

3221 5834 3300 5897 26
