4132 6356
507 306 603 364 8H

1709 297 1765 352 S.
1808 292 2134 350 CREGORII
2175 292 2216 346 Ν
2229 292 2469 348 ἳδδΕΝΙ

3665 295 3771 351 8ἱῖ

511 427 652 481 Deus
687 422 1038 483 inliabitaret,
1067 419 1501 489 uniuscujusque
1544 415 1779 469 animam
1836 424 2088 466 sermone

2199 410 2365 480 φυχὴν
2397 411 2746 482 ἐδημιούργει
2795 411 2872 482 τῷ
2919 413 3082 483 λόγῳ.
3125 414 3218 468 καὶ
3271 413 3498 477 στύλους
3525 415 3679 478 τινας
3713 418 3770 468 ἐν

509 516 797 582 elliciebat,
827 515 990 570 etiam
1031 513 1313 567 columnas
1365 506 1631 579 quasdam
1675 513 1966 558 exstruens
2026 502 2082 554 in

508 626 610 664 eo:
649 607 1012 678 cogitationes
1058 612 1110 659 et
1157 603 1398 659 rationes
1453 599 1578 654 dico
1616 597 1925 660 columnas,
1963 607 2084 664 qum

512 701 790 755 labovibus
852 709 1171 767 oppressam
1234 694 1486 747 virtutem
1549 688 1861 744 sull‘ulciant
1923 693 2085 756 atque

509 799 839 855 sustentent,
867 797 1028 858 atque
1056 787 1218 840 etiam
1250 785 1432 853 pelves
1451 776 1789 851 (conﬁciens)
1815 776 1881 830 ad
1906 777 2085 830 eluen-

510 882 640 937 dum
684 879 878 934 animze
917 875 1243 946 pollutiones
1296 880 1352 927 et
1401 869 1838 940 inquinamenta,
1883 865 2083 935 quibus

512 989 651 1045 aqua
684 989 748 1027 ex
781 971 961 1025 oculis
991 973 1281 1023 emanante
1315 965 1489 1018 liturae
1525 969 1579 1015 et
1613 959 1841 1014 maculae
1878 958 2084 1011 abster-

510 1070 790 1135 gerentur.
811 1059 984 1128 Quam
1011 1057 1180 1111 multa
1208 1051 1540 1109 candelabra
1568 1051 1622 1104 in
1652 1045 2086 1116 uniuscujusque

512 1156 692 1210 anima
745 1151 1093 1222 imponebat,
1146 1160 1398 1203 sermone
1457 1143 1773 1198 illuminans
1826 1135 2082 1193 occulta!

513 1250 711 1316 Quales
761 1248 1069 1301 orationum
1123 1255 1342 1296 acerras
1375 1244 1429 1294 et
1473 1235 1747 1292 tburibula
1784 1229 2081 1290 eﬂiciebat!

513 1340 704 1410 quales
736 1335 1050 1394 exstrucbat
1067 1349 1129 1388 ex
1158 1347 1293 1402 puro
1323 1344 1479 1392 auro,
1505 1335 1559 1383 et
1583 1327 1636 1381 in
1666 1341 1776 1397 quo
1809 1324 1958 1377 fraus
1988 1321 2087 1376 ad-

515 1429 684 1483 hibita
715 1441 822 1480 non
852 1434 1014 1486 esset,
1041 1423 1144 1476 hoc
1163 1430 1264 1483 est,
1290 1435 1356 1474 ex
1390 1432 1516 1473 vera
1540 1426 1590 1472 et
1613 1429 1750 1485 pura
1779 1413 2084 1476 all‘ectione,

513 1522 606 1576 ubi
646 1534 808 1590 grave
849 1531 1002 1572 vana:
1053 1513 1239 1585 gloria:
1287 1509 1565 1580 plumbum
1612 1519 1955 1576 nequaquam
1990 1517 2086 1557 eo-

514 1628 660 1676 rum,
711 1625 832 1680 qua:
884 1607 1092 1670 tierent,
1141 1602 1482 1674 Splendoretn
1534 1599 1895 1654 obscuraret!
1946 1593 2089 1661 Quid

515 1719 652 1775 opus
693 1711 777 1757 est
814 1711 1242 1755 commemorare
1295 1693 1580 1764 mysticam
1631 1703 1838 1752 arcam,
1871 1687 2086 1757 qualem

517 1755 810 1861 uiiieuiquc
868 1787 1163 1843 fabricatus
1193 1787 1286 1849 sit,
1317 1755 1530 1838 tabulas
1573 1755 2094 1837 testamentidivino
2128 1755 2168 1810 Β

517 1886 688 1956 digito
748 1882 1041 1952 inscriptas
1102 1879 1297 1932 anima
1349 1873 1674 1946 imponens?
1733 1871 1860 1926 Haec
1911 1878 2093 1925 autem

515 1977 642 2030 dico
675 1974 766 2028 illo
801 1972 1120 2042 respiciens,
1143 1967 1286 2038 quod
1317 1965 1749 2034 uniuscujusque
1779 1977 1876 2016 cor
1913 1975 2093 2016 arcam

517 2067 806 2131 emciebat,
841 2080 959 2135 qum
1009 2061 1314 2133 spiritualia
1347 2059 1603 2130 mysteria
1633 2053 2096 2126 comprehendere

519 2166 734 2232 posset,
795 2155 1082 2211 continens
1122 2153 1290 2222 legem
1335 2151 1591 2219 st'riplatn
1622 2189 1637 2214 ,
1690 2164 1811 2217 quae
1861 2145 2097 2214 Spiritus

519 2252 835 2322 operatione
888 2261 982 2316 per
1034 2259 1199 2315 opera
1252 2241 1687 2297 dcscriberetnr:
1723 2239 1774 2292 id
1821 2239 1965 2293 enim
2003 2251 2099 2308 per

521 2341 746 2411 digitum
779 2337 869 2391 Dei
905 2335 1243 2406 signiﬁcatur
1275 2351 1290 2388 :
1325 2333 1378 2386 in
1415 2347 1518 2402 qua
1548 2347 1672 2385 arca
1708 2330 1872 2384 etiam
1911 2343 2091 2384 sacer-

522 2433 655 2490 dotii
687 2432 834 2501 virga
864 2444 964 2485 suo
996 2441 1208 2496 semper
1246 2423 1425 2478 fructu
1456 2420 1824 2478 clliorcsccbat
1853 2436 1946 2490 per
1975 2434 2102 2489 par-

524 2523 896 2595 ticipationem
924 2515 1416 2574 sanctiﬁcationum
1459 2513 1772 2584 germinans
1816 2521 1870 2567 et
1917 2511 2099 2581 repul-
2143 2551 2150 2557 .

527 2620 727 2681 lnlans,
777 2621 830 2669 et
885 2625 1022 2665 urna
1060 2623 1089 2662 a
1137 2621 1336 2662 manna
1385 2621 1659 2677 nunquam
1695 2619 1866 2661 vacua
1920 2602 2099 2657 ﬁebat.

526 2708 681 2765 Tunc
711 2705 855 2761 enim
891 2703 1084 2757 animm
1117 2714 1213 2755 vas
1243 2712 1276 2753 a
1314 2698 1524 2753 caelesti
1579 2697 1702 2750 cibo
1737 2710 1966 2749 vacuum
2008 2695 2098 2757 sit,

527 2817 650 2855 cum
703 2806 984 2870 peccatmn
1041 2809 1102 2849 se
1153 2790 1442 2847 insinuans
1490 2787 1824 2842 inllncntiam
1894 2800 2104 2839 manna:

527 2887 887 2963 prohibuerit.
919 2884 1113 2939 Manna
1141 2893 1320 2937 autem
1355 2879 1510 2950 panis
1553 2879 1794 2932 (Telestis
1821 2885 1924 2930 est.
1961 2875 2102 2940 Quid

527 2997 666 3053 opus
693 2988 776 3035 cst
809 2988 1236 3032 commemorare
1263 2986 1371 3041 quo
1412 2979 1570 3040 pacto
1609 2967 1933 3023 sacerdotali
1967 2966 2106 3018 stola

531 3084 654 3124 cum
704 3067 821 3137 ipse
865 3064 1134 3134 exquisite
1168 3071 1221 3117 et
1261 3070 1418 3114 caute
1463 3074 1522 3114 se
1557 3057 1942 3118 circumdaret,
1991 3064 2104 3108 tum

532 3169 758 3214 caeteros
787 3172 887 3210 suo
920 3153 1167 3224 exemplo
1199 3161 1516 3215 exornaret,
1563 3165 1778 3219 semper
1824 3147 2002 3203 ferens
2051 3146 2104 3200 in

535 3259 753 3322 pectore
781 3248 932 3301 illum
965 3253 1241 3307 ornatum,
1268 3242 1355 3296 cui
1386 3255 1580 3294 nomen
1608 3248 1691 3294 cst
1722 3247 1774 3294 et
1803 3239 2106 3302 orat-nium,

533 3349 588 3396 et
628 3340 928 3402 decretum,
976 3343 1030 3390 et
1074 3333 1297 3396 veritas,
1331 3346 1452 3402 quae
1486 3329 1668 3384 omnia
1700 3329 1948 3397 relinquo
1979 3326 2106 3380 dili-

535 3432 873 3506 gentioribus
914 3437 969 3482 ct
1010 3425 1182 3496 magis
1239 3423 1551 3489 industriis,
1581 3434 1640 3476 ut
1685 3437 1748 3477 ea
1795 3435 1890 3492 per
1938 3419 2110 3488 tropi-

535 3541 653 3579 cam
681 3534 736 3580 et
769 3520 1114 3591 allegoriam
1161 3516 1615 3588 signiﬁcationem
1665 3512 1981 3584 prxceptori
2015 3525 2109 3564 ac-

536 3615 918 3672 commodent:
955 3628 1048 3682 per
1081 3625 1202 3681 quae
1232 3623 1353 3662 cum
1385 3607 1501 3678 ipse
1527 3605 1651 3661 talis
1675 3613 1812 3670 erat,
1837 3612 1952 3656 tum
1983 3618 2109 3657 cum

537 3708 660 3764 aliis
717 3713 970 3761 Ornatum
1035 3716 1160 3756 eum
1215 3699 1671 3754 communicabat.
1727 3694 2111 3766 Saepenumero

539 3795 1022 3854 animadvertimus
1049 3807 1173 3846 cum
1203 3791 1363 3846 etiam
1396 3790 1538 3844 intra
1570 3788 1854 3858 caliginem
1883 3786 2112 3851 versari,

541 3893 630 3948 ubi
677 3889 820 3944 Deus
865 3896 1004 3941 erat.
1038 3882 1172 3938 Nam
1203 3882 1350 3953 quod
1394 3881 1482 3935 alii
1517 3893 1743 3934 cernere
1789 3887 1952 3949 atque
1983 3892 2113 3932 con-

538 3981 783 4052 templari
815 3995 922 4035 non
952 3985 1226 4048 poterant,
1256 3974 1308 4029 id
1356 3973 1430 4028 illi
1459 3971 1709 4026 doctrina
1743 3969 1969 4040 spiritus
2005 3984 2113 4039 qua

539 4077 592 4129 in
617 4073 793 4129 sacris
824 4071 1105 4126 institutus
1127 4074 1270 4132 erat,
1293 4061 1783 4134 comprehensibile
1805 4060 2072 4116 eﬂieiebat
2096 4080 2110 4116 :

538 4169 674 4223 adeo
705 4174 762 4220 ut
811 4165 954 4219 intra
994 4161 1302 4232 amplexum
1353 4157 1603 4226 caliginis
1650 4171 1773 4209 esse
1817 4154 2112 4217 videretur,

2190 503 2327 571 αὐτῇ
2375 503 2837 566 κατασκευάζων·
2890 505 3181 573 λογισμοὺς
3216 505 3359 573 λέγω
3391 505 3518 568 τοὺς
3549 505 3772 568 στύλους

2188 597 2315 657 τοὺς
2370 594 2432 647 τὸ
2478 595 2734 649 ἐπίπονον
2787 599 2884 667 τῆς
2937 597 3137 667 ἀρετῆς
3192 598 3574 668 ὐπερείδοντας
3609 614 3622 629 ⁸
3676 601 3771 652 καὶ

2191 685 2456 756 λουτῆρας
2486 686 2744 750 ὡσαύτως
2795 687 2930 758 πρὸς
2961 687 3023 741 τδ
3058 689 3345 744 ἐκπλύνειν
3372 690 3470 760 τῆς
3499 689 3676 760 ψυχῆς
3705 691 3773 744 τά

2193 780 2497 850 μιάσματα,
2527 779 2605 849 τῷ
2638 781 2701 832 ἐκ
2741 781 2849 833 τῶν
2876 781 3171 852 ὀφθαλμῶν
3199 781 3349 836 ὕδατι
3377 783 3468 835 τὸν
3499 782 3772 853 μολυσμὺν

2190 868 2610 932 άποκλύζοντας.
2654 869 2827 933 ’Ὀσας
2873 871 3096 940 λυχνίας
3145 871 3372 925 ἐνετίθει
3417 874 3485 942 τῇ
3537 872 3770 926 ἑκάστου

2189 964 2357 1033 ψυχῇ,
2386 963 2777 1028 καταφωτίζων
2795 965 2872 1034 τῷ
2900 964 3048 1035 λόγῳ
3068 965 3136 1019 τὰ
3164 964 3410 1037 κρύφιαί
3438 960 3543 1020 Οἷα
3568 966 3637 1020 τά
3661 966 3774 1018 τῶν

2192 1053 2509 1125 προσευχῶν
2559 1054 2892 1126 θυμιατήριά
2946 1073 3006 1109 τε
3069 1057 3165 1110 καὶ
3223 1058 3582 1130 θυσιαστήρια
3638 1075 3770 1113 κατ-

2192 1145 2508 1212 εσκεύασεν,
2532 1147 2595 1198 ἐκ
2615 1146 2857 1217 καθαροῦ
2886 1147 2980 1200 καὶ
3009 1147 3198 1202 ἀδόλου
3226 1149 3470 1219 χρυσίου,
3493 1148 3772 1202 τουτέστιν

2195 1238 2254 1304 ἐξ
2283 1238 2542 1309 ἀληθινῆς
2585 1254 2646 1290 τε
2691 1239 2787 1292 καὶ
2817 1237 3062 1310 καθαρᾶς
3096 1239 3408 1303 διαθέσεως,
3457 1234 3518 1294 οῦ
3549 1239 3711 1310 μηδὲν
3742 1241 3774 1293 6

2196 1329 2365 1401 βαρὺς
2397 1330 2494 1399 τῆς
2537 1329 2837 1394 κενοδοξίας
2871 1330 3130 1400 μόλυΰδος
3178 1332 3274 1402 τὴν
3317 1331 3634 1402 λαμπηδόνα
3662 1332 3774 1385 τῶν

2194 1421 2494 1492 γινομένων
2520 1422 2884 1492 ὴμαύρωσενί
2944 1423 3009 1476 Τί
3053 1422 3136 1476 δεῖ
3175 1423 3358 1491 λέγειν
3382 1423 3480 1494 τὴν
3510 1423 3773 1494 μυστικὴν

2195 1514 2446 1578 κιϐωτὸν,
2493 1515 2611 1568 οἵαν
2656 1514 2870 1584 ἐκάστῳ
2921 1515 3266 1585 ἐτεκτήνατο,
3299 1515 3398 1578 τὰς
3431 1515 3642 1576 πλάκας
3674 1515 3774 1583 τῆς

2195 1605 2479 1677 διαθήκης,
2507 1604 2604 1668 τὰς
2629 1604 2713 1676 τῷ
2739 1605 2866 1676 θείῳ
2895 1604 3146 1676 δακτύλῳ
3189 1607 3646 1676 ἐγγεγραμμένας
3689 1607 3774 1657 ἐν-

2196 1699 2364 1762 τιθεὶς
2391 1701 2456 1768 τῇ
2483 1698 2628 1769 ψυχῇ
2657 1715 2671 1762 ;
2700 1698 2858 1763 Λέγω
2885 1698 2941 1752 δὲ
2967 1698 3141 1753 ταῦτα
3173 1699 3310 1770 πρὸς
3341 1701 3514 1752 ἐκεῖνο
3540 1697 3771 1768 βλέπων,

2194 1793 2276 1846 ὃτι
2295 1793 2396 1862 τὴν
2425 1791 2657 1844 ἑκάστου
2683 1790 2909 1862 καρδίαν
2938 1792 3110 1844 ἐποίει
3142 1791 3393 1854 κιϐωτὸν,
3423 1789 3776 1862 περιεκτικὴν

2195 1881 2304 1935 τῶν
2337 1878 2724 1949 πνευματικῶν
2761 1878 3108 1951 μυστηρίων,
3152 1879 3400 1952 γραπτὸν
3431 1879 3658 1950 ἔχουσαν
3685 1879 3777 1931 τὸν

2196 1973 2358 2042 νόμον
2403 1971 2490 2024 διὰ
2534 1970 2642 2024 τῶν
2702 1970 2879 2042 ἔργων
2912 1971 3401 2042 καταγραφόμενον
3431 1973 3497 2041 τῇ
3527 1969 3778 2040 ἐνεργείᾳ

2195 2061 2289 2117 τοῦ
2324 2061 2640 2133 Ηνεύματος
2687 2060 2848 2132 (οὕτω
2897 2062 3007 2132 γὰρ
3042 2063 3071 2114 6
3097 2061 3359 2125 δάκτυλος
3395 2061 3487 2116 τοῦ
3517 2059 3653 2114 Θεοῦ
3686 2061 3778 2130 ἐρο

2201 2161 2534 2230 μηνεύεται)·
2563 2161 2620 2213 ἐν
2713 2161 2807 2213 καὶ
2831 2159 2932 2229 τῆς
2963 2158 3262 2232 ἱερωσύνης
3285 2161 3318 2229 ή
3353 2156 3545 2231 ῥάϐδος
3571 2157 3656 2210 ἀεὶ
3685 2155 3778 2210 τόν

2201 2251 2330 2304 ἱδιον
2361 2251 2570 2322 καρπὸν
2601 2249 2816 2320 ἐξήνθει
2840 2289 2855 2312 ,
2902 2249 2991 2302 διὰ
3019 2251 3118 2320 τῆς
3148 2249 3435 2320 μετουσίας
3480 2244 3588 2302 τῶν
3621 2248 3781 2316 ἅγια·

2199 2344 2420 2416 σμάτων
2441 2343 2917 2398 ἀναϐλαστάνουσα
2937 2359 2950 2374 ·
2981 2340 3074 2396 καὶ
3091 2343 3124 2411 ἡ
3153 2341 3387 2412 στάμνος
3405 2340 3505 2393 οὐκ
3531 2337 3782 2394 ἐκενοῦτο

2198 2437 2290 2491 τοῦ
2320 2436 2515 2506 μάννα.
2544 2436 2678 2490 Τότε
2707 2435 2823 2506 γὰρ
2845 2439 3002 2488 κενὸν
3026 2433 3235 2504 γίνεται
3260 2435 3360 2504 τῆς
3390 2432 3566 2503 ψυχῆς
3593 2431 3654 2485 τὸ
3681 2431 3780 2499 ἀγ-

2199 2531 2346 2598 γεῖον
2371 2528 2471 2598 τῆς
2501 2527 2760 2599 οὐρανίας
2786 2527 3014 2598 τροφῆς,
3063 2525 3191 2579 ὅταν
3221 2525 3467 2595 ἁμαρτία
3490 2538 3780 2594 παρεμπε-

2203 2621 2369 2674 σοῦσα
2401 2619 2499 2691 τὴν
2531 2620 2796 2691 ἐπιρροήν
2843 2619 2940 2672 τοῦ
2991 2617 3165 2689 μάννα
3211 2616 3451 2688 κωλύσῃ.
3503 2615 3693 2670 Μάννα
3723 2611 3781 2667 δέ

2203 2713 2350 2763 ἐστιν
2381 2709 2544 2780 ἄρτος
2569 2709 2837 2780 οὐράνιος.
2887 2708 2952 2759 Τί
2995 2707 3108 2778 χρὴ
3143 2706 3329 2774 λέγειν
3351 2707 3498 2770 ὅπως
3527 2704 3595 2759 δι’
3622 2705 3781 2773 ἀκρι-

2205 2801 2357 2864 ϐείας
2379 2801 2477 2870 τὴν
2505 2801 2783 2872 ἱερατικὴν
2816 2798 3007 2871 στολὴν
3031 2799 3193 2862 αὐτός
3230 2815 3291 2852 τε
3313 2797 3666 2870 περιετίθετο,
3691 2794 3784 2848 καὶ

2205 2895 2535 2962 κατεκόσμει
2552 2891 2678 2954 τοὺς
2706 2891 2897 2954 ἄλλους
2927 2891 3006 2961 τῷ
3037 2890 3159 2945 καθ’
3189 2889 3379 2943 ἐαυτὸν
3406 2887 3784 2957 ὑποδείγματι,

2207 2985 2294 3037 ἀεὶ
2327 2983 2508 3053 φέρων
2532 2983 2623 3036 τδν
2647 2984 2739 3036 ἐπὶ
2763 2982 2854 3035 τοῦ
2891 2981 3124 3053 στήθους
3151 2982 3373 3051 κόσμον,
3415 2973 3460 3047 ᾧ
3487 2977 3657 3048 ὄνομα
3699 2977 3788 3028 λο-

2133 3101 2176 3159 c
2209 3075 2354 3144 γείόν
2376 3091 2435 3128 τε
2462 3077 2555 3128 καὶ
2581 3073 2834 3145 δήλωσις,
2858 3077 2954 3129 καὶ
2981 3073 3204 3145 ἀλήθεια
3229 3088 3243 3137 ;
3283 3072 3349 3123 Ἀ
3377 3069 3552 3124 πάντα
3586 3067 3789 3138 παρίη-

2213 3184 2277 3238 μι
2302 3168 2414 3229 τοῖς
2441 3165 2892 3236 φιλοπονωτέροις
2918 3165 3059 3219 κατὰ
3091 3164 3188 3236 τὴν
3220 3160 3483 3235 τροπικὴν
3515 3159 3790 3232 σημασίαν

2209 3260 2539 3330 ἐφαρμόζειν
2566 3259 2644 3328 τῷ
2674 3258 2979 3330 διδασκάλῳ
3001 3275 3016 3290 ο
3061 3258 3128 3312 δι’
3159 3250 3236 3312 ὧν
3277 3256 3438 3320 αὐτός
3463 3271 3523 3309 τε
3551 3252 3791 3315 τοιοῦτος

2206 3345 2297 3422 ἦν,
2327 3351 2422 3404 καὶ
2453 3351 2564 3412 τοῖς
2613 3349 2794 3411 ἄλλοις
2837 3348 3112 3402 ἐκοινώνει
3142 3348 3236 3402 τοῦ
3265 3347 3490 3418 κόσμου.
3528 3341 3790 3408 Πολλάκις

2211 3442 2455 3511 ἔγνωμεν
2498 3441 2659 3494 αὐτὸν
2705 3442 2798 3494 καὶ
2846 3439 2996 3504 ἐντὸς
3039 3439 3133 3493 τοῦ
3159 3440 3363 3509 γνόφου·
3388 3438 3696 3510 γενόμενον,
3727 3427 3790 3490 οῦ

2209 3527 2279 3603 ἦν
2321 3535 2350 3586 6
2393 3531 2545 3594 Θεός.
2603 3531 2678 3584 Τδ
2705 3530 2814 3604 γὰρ
2841 3533 2956 3597 τοῖς
3003 3532 3184 3595 ἄλλοις
3219 3530 3552 3601 ἀθεώρητον,
3599 3528 3794 3599 ἐκείνῳ

2211 3623 2414 3694 ληπτὸν
2445 3622 2618 3676 ἐποίει
2647 3623 2680 3694 ή
2715 3623 3072 3694 μυσταγωγία
3096 3623 3188 3676 τοῦ
3216 3621 3532 3691 Πνεύματος
3551 3660 3564 3682 ,
3595 3621 3671 3682 ὠς
3708 3619 3794 3673 δο-

2211 3716 2328 3767 κεῖν
2366 3713 2516 3777 ἐντὸς
2543 3713 2645 3784 τῆς
2676 3713 2937 3785 περιοχῆς
2965 3709 3105 3766 εἶναι
3138 3710 3232 3765 τοῦ
3262 3712 3486 3780 γνόφου,
3531 3703 3576 3778 ᾧ
3601 3711 3630 3763 6
3666 3709 3794 3780 περὶ

2210 3805 2305 3859 τοῦ
2347 3804 2483 3859 Θεοῦ
2523 3805 2680 3875 λόγος
2709 3805 3201 3877 ὲναποκρύπτεται.
3236 3803 3500 3862 Πολλάκις
3527 3801 3792 3870 ἀντέστη·

2215 3915 2302 3951 σεν
2351 3899 2542 3952 ἐαυτὸν
2568 3901 2680 3964 τοῖς
2723 3899 3130 3971 Ἀμαληκίταις,
3175 3897 3326 3968 ὅπλῳ
3350 3894 3694 3967 χρησάμενος
3726 3893 3792 3963 τῇ

2215 3993 2508 4061 προσευχῇ.
2563 3983 2639 4044 Οῦ
2687 3993 2787 4054 τὰς
2833 3994 3020 4062 χεῖρας
3071 3989 3420 4061 ἐπαίροντος,
3465 3989 3494 4040 6
3549 3983 3794 4056 ἀληθινὸς

2227 4081 2430 4152 Ἰησοῦς
2463 4081 2865 4152 κατηγωνίζετο
2908 4082 3016 4136 τῶν
3046 4081 3338 4152 πολεμίων.
3395 4077 3612 4132 Πολλῶν
3653 4073 3798 4128 κατὰ

2213 4170 2306 4224 τὸν
2330 4172 2556 4243 Βαλαάμ
2578 4174 2783 4227 ἐκεῖνον
2801 4174 3010 4244 γοήτων
3035 4173 3134 4236 τὰς
3161 4170 3495 4243 μαγγανείας
3516 4167 3758 4223 διέλυσεν
3777 4181 3792 4194 ·

537 4263 592 4314 in
626 4273 734 4329 qua
785 4271 966 4311 sermo
1011 4253 1078 4308 de
1127 4251 1236 4305 Deo
1264 4249 1588 4303 occultatur.
1633 4245 2018 4314 Sepcnumero
2057 4260 2100 4298 St

2215 4262 2264 4314 οἳ
2288 4264 2409 4333 οὐχὶ
2435 4263 2529 4316 τοῦ
2559 4264 2812 4336 ἀληθινοῦ
2835 4265 2992 4332 λόγου
3019 4265 3328 4327 ἀκούοντες,
3351 4260 3488 4315 ἀλλὰ
3505 4261 3572 4331 τῇ
3609 4256 3795 4311 όνὼδει

538 4349 794 4420 opposuit
838 4343 1152 4400 Amalecitis
1198 4355 1294 4411 pro
1339 4349 1497 4395 scuto
1533 4353 1663 4392 usus
1696 4337 1963 4392 oratione.
1993 4335 2100 4401 Qut

2215 4353 2534 4426 διδασκαλίᾳ
2581 4356 2692 4409 τῶν
2735 4355 3007 4425 δαιμόνων
3053 4354 3387 4424 πειθόμενοι,
3437 4351 3799 4422 άνενέργητον

539 4455 732 4495 manus
792 4436 1018 4491 tollente
1085 4446 1245 4487 verus
1309 4429 1468 4485 Jesus
1528 4429 1714 4484 hostes
1773 4426 2100 4482 devincebat.

2222 4436 2370 4512 εἶχον
2393 4445 2472 4507 είς
2505 4445 2700 4498 κακίαν
2726 4445 2787 4498 τὸ
2821 4444 3014 4515 στόμα,
3044 4445 3142 4513 τῆς
3168 4443 3262 4497 τοῦ
3286 4441 3606 4497 διδασκάλου
3634 4439 3798 4508 εὐχῆς

539 4527 830 4586 Multorum
861 4524 1315 4599 praestigiatorum
1363 4531 1417 4576 et
1445 4521 1845 4575 incantatorum
1893 4519 2100 4577 Balaam

2223 4533 2303 4595 εἰς
2329 4533 2578 4603 εὐλογίαν
2606 4535 2700 4607 τὴν
2729 4535 2976 4604 κατάραν
3003 4533 3409 4605 μετατιθείσης.

541 4623 689 4678 illius
740 4620 1001 4678 similium
1049 4618 1381 4686 imposturas
1429 4613 1692 4668 discussit
1733 4620 1897 4683 atque
1936 4617 2100 4673 irrita:

2199 4621 2306 4678 eeit
2341 4644 2354 4681 :
2391 4629 2483 4697 qui
2535 4642 2661 4681 vero
2708 4627 2950 4682 sermoni
2997 4643 3106 4682 non
3153 4626 3490 4688 obedientes,
3547 4621 3641 4678 sed
3686 4617 3800 4672 asi-

540 4715 682 4769 ¹¹ίηπ
745 4712 1052 4807 damnum
1111 4705 1375 4807 doc‘ri'l'f‘?
1429 4704 1872 4807 θίξῑθῐξιβθιέξξηεε
1909 4717 2089 4777 erant,
2137 4711 2384 4772 inefﬁcax
2413 4721 2478 4774 ad
2511 4719 2773 4774 malitiam
2801 4734 2865 4775 os
2898 4719 3190 4785 habebant,
3251 4715 3495 4787 magistri
3546 4713 3800 4785 precibus

544 4804 981 4864 maledictionem
1012 4795 1457 4856 convertentibns
1492 4796 1544 4849 in
1579 4794 2030 4855 benedictionem.

612 4902 878 4956 Caeterum
915 4896 1029 4951 haec
1076 4909 1108 4948 a
1155 4890 1316 4948 nobis
1355 4905 1449 4960 per
1482 4899 1860 4946 transcursum
1893 4899 1947 4947 et
1973 4908 2094 4950 com

2296 4894 2478 4949 Ταῦτα
2505 4896 2562 4949 δέ
2601 4897 2729 4968 παρ’
2757 4895 2914 4968 ἡμῶν
2945 4896 3159 4964 λέγεται
3188 4897 3256 4950 δι’
3284 4896 3583 4971 ἐπιδρομῆς
3615 4917 3674 4954 τε
3709 4902 3802 4955 καὶ

543 4991 800 5063 pendium
833 4987 1131 5043 dicuntur:
1165 4999 1285 5053 qua:
1327 4981 1642 5053 singulatim
1687 4981 2002 5054 quicunque
2046 4984 2100 5040 vi

2227 4986 2517 5056 συντομίας
2545 5000 2560 5016 ο
2607 4987 2905 5057 ἐφαρμόσει
2931 4987 2989 5041 δὲ
3015 4989 3082 5058 τῇ
3108 4985 3336 5057 ἀληθείᾳ
3365 4985 3476 5040 τῶν
3501 4988 3803 5056 γεγονότων

543 5096 653 5141 tam
696 5081 881 5138 Sancti
931 5093 1040 5134 non
1076 5077 1309 5147 ignorat,
1353 5073 1788 5128 accommodabit
1822 5074 1890 5129 ad
1947 5091 2100 5131 rerun

2225 5075 2294 5128 τὰ
2321 5073 2444 5128 καθ’
2473 5074 2708 5128 ἕκαστον
2747 5078 2776 5130 6
2827 5077 2901 5147 μὴ
2929 5075 3137 5146 ἀγνοιῖιν
3177 5075 3276 5130 τοῦ
3332 5075 3513 5146 Ἀγίου
3546 5079 3638 5134 τὸν
3668 5079 3800 5150 βίον,

545 5187 821 5248 gestarum
870 5172 1174 5236 veritatem,
1205 5181 1369 5238 quam
1423 5166 1579 5220 multi
1625 5167 1716 5236 qui
1763 5168 2042 5224 venelleiis
2077 5184 2100 5225 ε

2225 5164 2340 5219 ὅσοι
2362 5165 2448 5218 διὰ
2476 5165 2824 5238 φαρμακείας
2856 5181 2916 5220 τε
2947 5168 3042 5221 καὶ
3071 5166 3324 5238 γοητείας
3352 5167 3640 5234 ἐπιϐουλὰς
3665 5171 3807 5226 κατά

547 5265 1013 5322 incantationibus
1076 5260 1340 5316 adversus
1414 5258 1684 5328 quosdam
1754 5257 1986 5315 insidias
2043 5260 2099 5315 in

2225 5271 2388 5310 τινων
2413 5258 2864 5324 συσκευάσαντες,
2896 5257 3179 5329 ἄπρακτον
3208 5258 3366 5330 ἔσχον
3386 5262 3486 5332 τὴν
3520 5263 3804 5334 πονηρίαν,

547 5360 896 5423 struxissent,
941 5355 1274 5411 inefﬁcacem
1331 5351 1736 5423 improbitatem
1791 5351 2100 5410 habuerunt

2234 5345 2311 5418 μὴ
2345 5348 2790 5420 συγχωρηθέντες
2819 5347 2923 5401 ὑπὸ
2951 5347 3052 5418 τῆς
3097 5346 3191 5402 τοῦ
3222 5348 3539 5403 διδασκάλου
3570 5349 3808 5412 πίστεως

546 5465 671 5505 cum
720 5464 826 5502 non
869 5447 1056 5502 liceret
1098 5445 1178 5501 eis
1219 5460 1312 5514 per
1346 5444 1506 5500 ﬁdem
1537 5444 1885 5515 praeceptoris
1923 5445 2100 5500 malun

2234 5443 2569 5510 προαγαγεῖν
2607 5439 2670 5494 τὸ
2701 5439 2867 5494 κακὸν
2890 5441 2970 5504 είς
2998 5438 3296 5493 τελείωσιν.
3351 5438 3512 5492 Ἀλλά
3539 5439 3716 5494 πάντα
3738 5440 3805 5495 τὰ

547 5542 847 5614 producere
879 5538 944 5593 ad
970 5537 1240 5594 effectum.
1294 5538 1400 5593 Sed
1449 5535 1655 5594 relictis
1699 5536 1974 5603 omnibus,
2005 5551 2100 5608 qua

2231 5531 2320 5586 διὰ
2365 5533 2530 5604 μέσου
2563 5531 2877 5588 καταλιπὼν
2899 5571 2916 5597 ,
2965 5529 3061 5585 τοῦ
3104 5530 3292 5594 τέλους
3325 5530 3647 5602 ἀμφοτέρων
3685 5531 3808 5584 ἐπι-

547 5635 728 5692 mcdio
776 5640 1020 5702 tempore
1069 5637 1190 5683 acta
1227 5636 1378 5692 sunt,
1409 5629 1476 5686 de
1521 5629 1626 5684 line
1654 5628 1939 5700 utriusque
1976 5643 2098 5684 com

2239 5625 2638 5698 μνησθήσομαι·
2683 5623 2886 5695 ’Δφῆκε
2917 5623 3014 5695 μὲν
3041 5623 3133 5677 τὸν
3176 5622 3290 5694 βίον
3333 5622 3588 5693 ἑκάτερος
3611 5639 3626 5653 -
3675 5637 3810 5693 μνη-

550 5724 885 5786 memorabo.
933 5721 1176 5796 Reliquit
1236 5720 1458 5793 quidem
1523 5730 1750 5791 uterque
1825 5719 2086 5778 saeculum

2238 5723 2467 5794 μόσυνον
2493 5719 2674 5790 δὲτῆς
2719 5720 2858 5785 ίδίας
2899 5719 3027 5775 πεοὶ
3055 5717 3154 5774 τὴν
3199 5717 3376 5790 σάρκα
3415 5714 3675 5788 σχέσεως,
3717 5713 3804 5769 oo-
