4132 6356
398 347 501 412 813

1509 355 1577 411 IN
1616 328 1900 411 LAUDEM
1941 351 2246 409 manus
2283 351 2546 409 BASILII.

3558 351 3667 414 8M

398 476 616 547 θέτερος
646 466 823 528 αὐτῶν
862 476 939 546 τῷ
973 467 1071 548 βίῳ
1116 471 1425 530 κατέλιπεν.
1478 474 1615 530 Οὔτε
1662 475 1769 546 γὰρ
1814 475 1974 530 Manti-

2085 480 2492 527 monumcntum
2529 485 2659 526 νιιτο
2702 472 2791 527 sui
2830 473 2979 527 circa
3020 488 3241 529 carnem
3271 475 3491 529 habitus
3531 493 3670 533 neu-

399 568 535 630 σέως
566 567 733 636 τάφος
786 569 1132 638 εὑρίσκεται,
1174 569 1295 622 οὔτε
1339 561 1493 632 οὗτος
1540 569 1825 640 περιουσίᾳ
1871 569 1978 622 τινὶ

399 660 558 730 ὑλικῇ
586 659 875 729 ὑπεχώσθη
898 678 913 691 ·
940 661 1054 713 ἀλλ’
1080 659 1215 732 όμοῦ
1247 679 1307 714 τε
1337 661 1580 733 παρῆλθε
1609 662 1701 714 τὸν
1726 656 1859 731 βίον,
1885 662 1979 713 καὶ

402 748 797 820 συμπαρῆλθεν
822 751 972 821 αὐτῷ
999 752 1196 813 πάντα,
1239 752 1306 806 δι’
1331 744 1407 805 ὧν
1430 754 1459 805 ό
1489 751 1604 823 βίος
1629 752 1738 805 τῶν
1770 750 1980 823 ἀνθρώ-

399 856 518 892 πων
544 839 659 910 ἔχει
690 840 788 910 τὴν
821 840 1100 905 σύστασιν,
1136 843 1212 906 ὡς
1260 842 1423 914 μηδὲν
1450 843 1737 915 εὑρεθῆναι
1762 842 1855 896 τοῦ
1885 845 1979 896 ἀν-

397 928 521 1000 δρὸς
573 927 758 982 ὑλικὸν
804 933 1069 1001 μνημεῖον
1126 933 1191 985 ἐκ
1240 933 1338 1002 τῆς
1385 933 1495 985 τῶν
1546 932 1978 1003 ὑπολειφθέντων

400 1022 720 1094 περιουσίας
747 1025 1124 1094 καταχωννύον
1156 1026 1320 1080 αὑτοῦ
1364 1026 1461 1097 τὴν
1485 1027 1621 1098 πρὸς
1646 1028 1708 1081 τὸ
1737 1026 1980 1099 κρεῖττον

400 1114 687 1186 ὑπόληψιν.
717 1115 929 1188 ’Ὠσπερ
952 1118 1043 1171 ἐπὶ
1064 1117 1157 1171 τοῦ
1180 1118 1420 1182 Μωσέως
1449 1121 1481 1189 ή
1514 1117 1720 1191 ἱστορία
1748 1119 1979 1189 λέγουσα

397 1205 574 1272 τοῦτο,
601 1206 683 1259 ὅτι
714 1207 813 1277 οὐχ
845 1206 1043 1279 εὑρέθη
1076 1209 1240 1262 αὐτοῦ
1272 1209 1441 1279 τάφος
1469 1210 1573 1275 ἕως
1601 1210 1701 1281 τῆς
1741 1212 1979 1281 σήμερον

398 1297 631 1369 ἡμέρας.
666 1297 729 1351 Ei
771 1286 863 1352 οὖν
891 1298 1131 1363 τοιοῦτος
1175 1300 1283 1353 ἀπὸ
1320 1299 1412 1353 τοῦ
1445 1299 1603 1369 λόγου
1634 1302 1766 1371 ἡμῖν
1794 1301 1981 1355 ἀναδέ-

398 1386 607 1440 δεικται
657 1388 686 1439 ὁ
715 1387 906 1456 Μέγας
958 1389 1273 1456 Βασίλειος,
1325 1391 1465 1444 ὥστε
1514 1391 1587 1462 μὴ
1638 1393 1824 1461 πόρρω
1872 1392 1980 1445 τῶν

399 1478 570 1545 ἁγίων
617 1472 758 1531 εἶναι
802 1479 963 1532 αὐτὸν
1010 1480 1099 1535 διὰ
1134 1479 1230 1535 τοῦ
1278 1480 1393 1551 βίου
1429 1482 1564 1552 πρὸς
1606 1482 1834 1536 ἕκαστον
1878 1482 1980 1534 τῶν

401 1568 653 1637 μεγάλων
677 1570 1129 1641 παρατιθέμενον,
1154 1571 1333 1636 καλῶς
1354 1573 1484 1643 ἡμῖν
1509 1574 1541 1644 ή
1564 1572 1849 1626 ἀκολουθία
1872 1572 1981 1626 τῶν

399 1663 602 1733 ἑορτῶν
647 1664 744 1717 ἐπὶ
796 1664 986 1718 τοῦτον
1030 1665 1155 1734 ἄγει
1204 1665 1301 1721 νῦν
1344 1668 1444 1738 τὴν
1489 1665 1793 1721 ἐνεστῶσαν
1844 1686 1980 1721 πανο

398 1755 620 1825 ήγυριν.
670 1756 831 1809 Ἀλλά
891 1758 997 1827 μὴν
1025 1758 1113 1811 διά
1169 1758 1277 1812 τῶν
1321 1756 1727 1829 κεχαρισμένων
1789 1759 1982 1830 ἐκείνῳ

400 1850 769 1916 προσαγαγεῖν
817 1848 1025 1919 πρέπον
1072 1849 1137 1903 ἂν
1193 1848 1276 1921 εῖη
1330 1847 1428 1921 τὴν
1482 1851 1723 1921 μνήμην.
1774 1851 1982 1905 Οὐκοῦν

401 1938 665 1990 σκεπτέον
709 1939 857 2001 ὅπως
886 1939 1157 2004 διαθέντες
1188 1940 1286 2011 τὴν
1313 1940 1526 2011 ἑορτὴν,
1576 1943 1981 2013 κεχαρισμένως

398 2028 477 2100 τῷ
505 2027 643 2099 ἁγίῳ
690 2030 1154 2101 πανηγυρίσομεν.
1206 2026 1351 2102 *Ᾱρά
1395 2048 1477 2094 τις
1519 2034 1835 2105 ἐπιζητήσει
1890 2034 1981 2087 τὸν

399 2119 763 2176 ἐπιδεικτικὸν
806 2123 894 2176 ἐπ’
943 2119 1109 2177 αὐτοῦ
1142 2124 1234 2177 καὶ
1266 2119 1526 2195 κομπώδη
1554 2125 1664 2178 τῶν
1691 2126 1981 2196 ἐγκωμίων

400 2212 600 2284 τρόπον
624 2230 638 2279 ;
678 2210 918 2285 Πατρίδα
947 2214 1038 2267 καὶ
1066 2215 1241 2282 γένος,
1279 2216 1371 2269 καὶ
1406 2214 1503 2287 τὴν
1530 2217 1593 2269 ἐκ
1622 2212 1822 2284 γονέων
1853 2216 1981 2271 ἀνα-

401 2302 629 2372 τροφὴν,
661 2303 756 2355 καὶ
787 2301 857 2355 τά
885 2302 1008 2356 καθ’
1041 2303 1267 2357 ἕκαστον
1296 2303 1390 2357 τοῦ
1415 2304 1529 2374 βίον
1552 2300 1977 2376 ἐπιτηδεύματα,

400 2386 482 2455 οἷς
519 2391 827 2463 συνηυξήθη
868 2409 929 2445 τε
977 2393 1071 2445 καὶ
1118 2393 1431 2467 συνήκμασε
1462 2436 1476 2458 ,
1533 2397 1626 2449 καὶ
1674 2395 1740 2448 δι’
1804 2390 1880 2451 ὧν
1922 2396 1982 2450 τὸ

404 2485 703 2557 περιφανές
747 2502 805 2539 τε
849 2486 944 2539 καὶ
974 2485 1330 2556 περίϐλεπτον
1360 2486 1517 2559 ἔσχεν
1554 2490 1611 2541 ὲν
1636 2488 1860 2560 ἀνδράσι
1891 2505 1983 2556 γε·

402 2577 595 2646 γονὼς.
636 2576 797 2631 Ἀλλά
826 2577 1160 2648 παρωθεῖται
1191 2581 1372 2633 πᾶσαν
1406 2580 1504 2650 τὴν
1548 2581 1810 2653 κομπώδη
1847 2582 1980 2636 ταύ-

402 2688 502 2742 την
529 2669 830 2741 ὑψηγορίαν
861 2669 920 2723 τὸ
953 2668 1181 2740 μέγεθος
1211 2670 1319 2723 τῶν
1363 2668 1492 2741 περὶ
1540 2667 1702 2724 αὐτὸν
1749 2670 1982 2741 θεωρου-

406 2760 583 2832 μένων
612 2759 813 2824 καλῶν,
853 2759 935 2813 ὅτι
966 2759 1100 2829 πρὸς
1129 2759 1432 2813 τούναντίον
1464 2756 1700 2814 ἐκϐαίνει
1729 2758 1792 2813 τὸ
1818 2777 1984 2814 σπου-

404 2850 714 2922 δαζόμενον,
750 2850 826 2920 τῷ
860 2851 932 2921 μὴ
964 2847 1102 2903 εἶναι
1140 2848 1366 2921 δύναμιν
1408 2853 1465 2903 ἐν
1499 2850 1675 2919 λόγοις
1702 2851 1978 2921 τοιαύτην,

405 2944 527 3011 ἥτις
555 2941 647 2994 τοῦ
699 2938 959 3012 μεγέθους
1004 2941 1112 2993 τῶν
1156 2940 1448 3010 θαυμάτων
1502 2938 1636 3011 πρὸς
1680 2938 1835 3005 ἀξίαν
1883 2943 1982 3011 ἐφ-

407 3030 624 3100 ἀοζρεται.
665 3030 752 3093 Ὠς
777 3029 842 3083 ἂν
869 3025 961 3083 οὖν
1011 3028 1084 3099 μὴ
1110 3032 1174 3097 τῇ
1207 3030 1506 3100 μικροφυῒᾳ
1534 3029 1628 3084 τοῦ
1662 3030 1818 3098 λόγου
1851 3047 1983 3099 συγ-

406 3121 760 3192 καθαιρεθείη
805 3120 866 3173 τὸ
898 3119 1103 3190 θαῦμα,
1132 3122 1223 3173 καὶ
1251 3121 1350 3191 τῆς
1381 3123 1439 3174 ἐν
1467 3122 1680 3191 ἑκάστῳ
1718 3121 1813 3175 νῦν
1853 3124 1980 3194 περὶ

408 3190 755 3277 αὐτοῦ-δόξης
778 3207 985 3277 γένοιτό
1023 3223 1102 3272 τις
1126 3208 1215 3262 διὰ
1240 3190 1347 3263 τῶν
1380 3212 1619 3263 ἐπαινεῖν
1651 3190 1985 3282 ἐπιχειρούν-
2011 3190 2052 3245 C

407 3318 516 3354 των
547 3300 857 3361 ἐλάττωσις,
910 3301 1153 3370 κρεῖττον
1204 3298 1271 3353 ἂν
1313 3301 1398 3370 εἴη
1444 3303 1508 3371 τῇ
1558 3304 1736 3371 σιωπῇ
1787 3301 1984 3372 μᾶλλον

408 3389 593 3455 αὔξειν
621 3390 680 3443 ἐν
708 3390 918 3451 ἑαυτοῖς
950 3389 1009 3441 τὸ
1040 3388 1254 3459 θαῦμα,
1299 3390 1331 3462 ἢ
1367 3390 1454 3443 διά
1501 3390 1593 3444 τοῦ
1626 3389 1783 3458 λόγου
1817 3408 1984 3445 κατα-

412 3479 731 3553 σμικρύνειν
778 3480 869 3533 τὸν
899 3480 1137 3537 ἔπαινον.
1190 3480 1256 3534 Τί
1287 3481 1396 3552 γὰρ
1422 3483 1485 3537 άν
1533 3498 1614 3546 τις
1644 3483 1885 3538 τοιοῦτον
1914 3487 1988 3539 εἰ·

410 3570 549 3632 πῶν,
577 3572 899 3642 σεμνότερον
927 3571 1089 3625 αὑτὸν
1128 3573 1500 3643 ἀπεργάσαιτο
1529 3590 1543 3638 ;
1591 3570 1737 3646 Ἀρα
1780 3575 1991 3642 δέξαιτο

408 3662 475 3718 ἂν
503 3665 709 3727 ἐκεῖνος
735 3662 833 3733 τὴν
862 3663 949 3717 διὰ
980 3662 1181 3734 σαρκός
1210 3681 1271 3717 τε
1305 3664 1397 3718 καὶ
1429 3666 1655 3736 αἵματος
1690 3666 1988 3737 λεγομένην

410 3757 724 3827 εὐγένειανς
766 3758 871 3813 Καὶ
907 3759 989 3822 τίς
1012 3762 1112 3813 οὐκ
1143 3757 1285 3814 οἶδεν
1311 3760 1405 3813 τοῦ
1436 3761 1675 3831 μεγάλου
1710 3762 1810 3831 τὴν
1861 3763 1989 3833 περὶ

409 3850 507 3923 τήν
538 3852 716 3923 σάρκα
742 3850 1001 3911 διάθεσιν.
1036 3852 1112 3915 ῶς
1155 3852 1412 3917 ἐναντίως
1453 3853 1588 3924 πρὸς
1618 3854 1787 3924 αὐτὴν
1821 3850 1986 3926 εἶχεν,

411 3941 663 4012 καθάπερ
695 3941 1028 4012 ἀνδράποδόν
1060 3959 1111 3994 τι
1142 3940 1468 4012 δραπετικὸν
1516 3944 1604 3996 ἀεὶ
1635 3945 1745 4005 τοῖς
1792 3945 1855 3996 ἐκ
1881 3944 1987 3995 τῶν

409 4030 685 4102 λογισμῶν
712 4029 929 4101 δεσμοῖς
958 4029 1318 4101 περιϐάλλων,
1362 4030 1456 4084 καὶ
1485 4030 1573 4084 διὰ
1619 4032 1715 4102 τῆς
1751 4033 1985 4103 ἀκροτά-

409 4136 510 4188 της
538 4118 907 4182 κακοπαθείας
929 4135 988 4171 τε
1009 4118 1102 4171 καὶ⁸
1130 4118 1474 4189 ἐγκρατείας.
1511 4119 1787 4190 μαστίζων
1813 4139 1871 4177 τε
1894 4123 1989 4176 καὶ

414 4209 684 4280 στρεϐλῶν
712 4209 803 4263 τὸν
825 4210 1115 4281 μαστιγίαν
1144 4211 1349 4264 ἐκεῖνον
1374 4210 1558 4265 δοῦλον
1584 4213 1645 4265 τὸ
1671 4212 1851 4283 σῶμα,
1879 4208 1989 4267 οἷόν

411 4313 495 4361 τις
529 4298 899 4370 ἀπαραίτητος
940 4297 1228 4368 δεσπότης,
1272 4299 1525 4371 οὐδεμίαν
1552 4301 1734 4355 ἄνεσιν
1757 4302 1987 4366 ἐνδιδοὺς

411 4389 491 4460 τῷ
515 4389 800 4463 δεσμώτῃ;
833 4390 936 4444 Τὸν
967 4386 1059 4445 οὖν
1087 4389 1259 4455 οὕτως
1292 4390 1482 4462 ἔχοντα
1511 4395 1639 4465 περὶ
1661 4392 1759 4464 τὴν
1788 4394 1984 4464 σάρκα,

411 4481 501 4535 διὰ
543 4482 640 4552 τῆς
687 4482 1007 4554 σωματικῆς
1038 4483 1357 4555 εὐεργεσίας
1404 4483 1832 4555 ἀποσεμνύνειν,
1877 4486 1987 4540 τῶν

413 4573 771 4643 ἀλογωτάτων
815 4572 881 4628 ἂν
913 4574 1020 4644 εἴη.
1051 4575 1175 4640 Πῶς
1200 4575 1308 4647 γὰρ
1349 4575 1455 4628 ὑπὸ
1486 4574 1675 4630 τούτου
1704 4574 1799 4631 νῦν
1824 4594 1987 4648 τιμη-

412 4665 659 4737 θήσεται,
685 4658 730 4734 ᾧ
764 4667 914 4738 παρὰ
946 4666 1044 4737 τὴν
1080 4666 1223 4738 ζωὴν
1254 4666 1626 4739 ἐπῃσχύνετος
1678 4667 1908 4739 Ὁμοίως
1933 4668 1989 4722 δὲ

412 4758 508 4812 καὶ
538 4757 639 4828 τῆς
671 4756 929 4830 πατρίδος
957 4760 991 4829 ή
1022 4760 1228 4830 μνήμη,
1257 4757 1336 4830 τῷ
1364 4760 1492 4832 περὶ
1523 4758 1617 4814 τοῦ
1649 4760 1838 4829 γένους
1867 4777 1990 4814 συν-

411 4848 731 4903 εκϐάλλεται
780 4848 941 4920 λόγῳ.
1005 4848 1062 4903 Ὀ
1103 4849 1212 4920 γὰρ
1243 4850 1442 4914 παντὸς
1488 4850 1742 4923 ὑπερθεὶς
1796 4850 1989 4907 ἐαυτὸν

410 4940 505 4993 τοῦ
537 4940 763 5011 κόσμου,
818 4941 909 4994 καὶ
951 4936 1061 4994 οἷον
1106 4942 1603 5013 στενοχωρούμενος
1650 4945 1709 4996 ἐν
1743 4942 1889 5014 πάσῃ
1919 4944 1985 5014 τῇ

410 5030 645 5102 αἰσθητῇ
677 5030 787 5085 τῶν
818 5032 1097 5102 στοιχείων
1130 5031 1309 5100 φύσει,
1357 5032 1432 5094 ὡς
1461 5034 1595 5104 μηδέ
1630 5033 1720 5087 τὸν
1759 5034 1985 5105 οὐρανὸν

411 5124 597 5193 φέρειν
650 5122 843 5177 ἐαυτοῦ
890 5123 1283 5195 ὑπερκείμενον
1320 5139 1333 5153 ·
1385 5124 1498 5177 ἀλλ’
1539 5124 1618 5187 είς
1648 5125 1708 5178 τὸ
1733 5125 1985 5178 ἐπέκεινα

410 5215 587 5269 ἵεσθαι
610 5217 676 5286 τῇ
709 5216 879 5287 ψυχῇ,
913 5218 1005 5269 καὶ
1038 5214 1454 5287 ὑπερκύπτοντα
1481 5215 1579 5287 τὴν
1602 5215 1862 5288 αἰσθητὴν
1891 5216 1986 5269 τοῦ

411 5306 618 5375 κόσμου
665 5308 926 5378 περιοχὴν
964 5307 1052 5360 ἀεὶ
1096 5309 1208 5371 τοῖς
1250 5310 1461 5376 νοητοῖς
1491 5307 1852 5377 ἐμϐατεύειν,
1893 5308 1989 5361 καὶ¹

413 5400 960 5469 συμμετεωροπορεῖν
995 5401 1116 5463 ταῖς
1154 5398 1326 5462 θείαις
1367 5398 1661 5469 δυνάμεσι,
1705 5399 1870 5469 μηδὲν
1912 5399 1989 5470 τῷ

412 5487 709 5557 σωματικῷ
742 5488 977 5559 ἐφολκίῳ
999 5489 1137 5561 πρὸς
1161 5488 1259 5560 τὴν
1279 5487 1375 5543 τοῦ
1400 5488 1489 5543 νοῦ
1516 5489 1739 5560 πορείαν
1771 5491 1989 5561 ἐμποδι-

411 5581 635 5647 ζόμενος
662 5598 675 5614 ·
725 5581 854 5655 πέτε
890 5582 963 5641 ἂν
996 5582 1205 5648 δέξαιτο
1241 5584 1394 5656 μέρει
1416 5583 1529 5637 τινῖ
1545 5582 1644 5653 τῆς
1666 5584 1769 5655 γῆς
1797 5585 1987 5640 ἑαυτὸν

491 5757 533 5789 ⁸⁸
564 5757 714 5813 Deut.
776 5770 956 5825 ηυγ,
986 5761 1031 5816 6.

2080 573 2166 619 ter
2218 581 2407 621 eorum
2473 566 2680 620 saeculo
2734 565 2971 635 reliquit.
3026 564 3211 636 Neque
3264 568 3408 622 enim
3462 567 3663 639 Moysis

2080 657 2391 726 sepulcrum
2426 665 2624 718 exstat.
2647 670 2823 727 neque
2847 657 2933 711 hic
2961 658 3116 727 copia
3144 660 3378 729 quadam
3400 663 3662 716 materiali

2082 746 2339 800 humatus
2370 755 2489 813 est;
2525 746 2618 802 sed
2646 747 2808 801 simul
2836 754 2893 801 et
2918 748 3082 800 vitam
3114 748 3349 814 transiit,
3373 758 3424 804 et
3456 754 3663 815 omnia,

2079 838 2279 909 quibus
2306 838 2585 892 hominum
2615 839 2719 891 vita
2744 846 3121 902 conservatur,
3146 856 3250 894 una
3276 841 3483 912 dilapsa
3503 856 3663 899 sunt:

2082 929 2216 985 adeo
2251 937 2309 984 ut
2356 932 2563 984 nullum
2594 937 2771 985 exstet
2808 931 3091 985 matcriale
3122 932 3221 985 viri
3256 948 3663 990 monumentum

2080 1039 2147 1079 ex
2190 1025 2349 1095 c0pia
2401 1024 2715 1079 relictarum
2766 1022 3084 1091 facultatum
3146 1034 3505 1091 exstructum,
3554 1037 3665 1098 quo

2081 1114 2416 1170 existimatio
2462 1114 2583 1184 ejus
2637 1115 2703 1169 ad
2760 1116 2994 1185 speciem
3042 1117 3411 1185 augustiorem
3470 1120 3664 1174 obruta

2083 1216 2335 1263 teneatur
2374 1226 2386 1261 :
2431 1207 2890 1278 quemadmodum
2949 1208 3177 1263 historia
3226 1209 3293 1265 de
3336 1209 3518 1283 Moyse
3561 1212 3667 1267 hoc

2083 1301 2249 1366 dicit,
2291 1299 2434 1370 quod
2462 1315 2565 1355 non
2597 1300 2875 1355 inventum
2901 1300 2973 1354 sit
2996 1300 3116 1370 ejus
3150 1304 3460 1372 sepulcrum
3493 1320 3669 1375 usque

2084 1392 2138 1445 in
2184 1391 2507 1447 hodiernum
2551 1391 2695 1446 diem
2734 1390 2796 1445 ¹⁶.
2856 1391 2913 1444 Si
2960 1390 3127 1463 igitur
3167 1395 3294 1448 talis
3340 1396 3592 1451 oratione
3637 1411 3669 1450 a

2083 1485 2242 1540 nobis
2274 1484 2683 1539 demonstratus
2716 1490 2801 1539 cst
2833 1500 2955 1540 esse
2987 1479 3223 1541 Basilius
3260 1484 3508 1557 Magnus,
3548 1488 3667 1558 qui,

2083 1577 2128 1631 si
2160 1592 2283 1631 cum
2325 1590 2654 1647 uanuoque
2697 1577 3033 1647 magnatium
3070 1578 3212 1633 inter
3253 1580 3401 1634 viros
3448 1589 3671 1636 sanctos

2084 1668 2193 1719 vita
2220 1666 2341 1735 ejus
2369 1675 2741 1737 camparetur,
2775 1684 2881 1721 non
2920 1669 3107 1737 procul
3140 1669 3208 1723 ab
3240 1668 3349 1723 illis
3378 1669 3668 1726 abfuturus

2084 1758 2176 1820 sit,
2232 1765 2380 1812 recte
2431 1773 2461 1810 a
2515 1757 2674 1812 nobis
2735 1756 2993 1813 feriarum
3040 1759 3420 1816 ricissitudine
3449 1769 3672 1831 propter

2018 1837 2056 1891 Β
2086 1852 2235 1906 hunc
2263 1867 2505 1922 praesens
2531 1866 2675 1906 nunc
2707 1851 2886 1921 agitur
2920 1859 3147 1905 convent
3159 1867 3241 1905 us.
3267 1850 3506 1907 Proinde
3538 1868 3671 1908 con-

2086 1942 2310 1998 veniens
2363 1950 2418 1996 ct
2466 1940 2813 1995 commodum
2860 1939 3021 1994 fuerit
3071 1942 3386 1996 memoriam
3425 1941 3527 1995 viri
3575 1953 3673 2013 per

2088 2050 2177 2089 res
2216 2034 2290 2087 illi
2332 2041 2520 2104 gratas
2566 2031 2972 2087 concelebrare.
3024 2031 3209 2100 Itaque
3267 2033 3670 2104 diSpiciendum

2086 2133 2141 2179 et
2192 2122 2650 2179 considerandum
2702 2128 2805 2186 est,
2853 2137 2959 2192 qua
3022 2123 3232 2177 ratione
3280 2123 3477 2179 festum
3526 2124 3674 2179 hunc

2086 2214 2233 2269 diem
2267 2213 2664 2269 constituentes
2709 2212 2783 2265 ita
2822 2220 3150 2267 conventum
3183 2227 3434 2284 agamus,
3465 2221 3521 2267 ut
3552 2229 3674 2269 san-

2087 2316 2177 2361 cto
2228 2306 2381 2360 cordi
2424 2311 2528 2361 est.
2581 2304 2664 2358 An
2716 2304 2917 2373 aliquis
2967 2303 3456 2358 demonstrativum
3504 2305 3556 2359 in
3605 2320 3672 2358 eo

2085 2398 2301 2454 dicendi
2341 2412 2512 2467 genus
2553 2404 2718 2466 atque
2765 2393 3009 2450 inﬂatqu
3056 2394 3431 2449 laudationum
3464 2410 3670 2450 mo:em

2085 2492 2367 2564 requiret?
2393 2490 2523 2557 Quae
2546 2491 2720 2560 patria
2757 2488 2942 2553 fuerit,
2974 2501 3085 2558 quo
3109 2504 3305 2559 genere
3326 2496 3503 2551 ortus.
3533 2504 3673 2560 quo-

2087 2580 2252 2637 modo
2290 2596 2320 2637 a
2355 2581 2673 2652 parentibus
2710 2580 2999 2642 educatus,
3041 2596 3162 2651 qua:
3203 2581 3514 2652 singulatim
3549 2582 3673 2636 vita

2085 2676 2265 2729 studia
2321 2674 2558 2737 inierint,
2603 2674 2932 2744 quibuscum
3004 2673 3164 2728 simul
3234 2682 3289 2729 et
3339 2672 3574 2729 creverit
3620 2680 3675 2728 et

2087 2763 2340 2835 viguerit,
2380 2771 2435 2818 ct
2487 2766 2629 2817 inter
2652 2764 2801 2818 viros
2851 2762 3057 2826 clarus,
3104 2761 3420 2831 spectabilis
3452 2772 3505 2816 et
3546 2762 3673 2817 illu-

2088 2854 2221 2909 stris
2256 2852 2532 2908 evaserit?
2576 2852 2646 2905 At
2698 2850 3017 2920 magnitudo
3061 2850 3327 2905 bonorum
3368 2866 3488 2919 quae
3525 2852 3673 2905 circa

2086 2960 2212 3000 eum
2242 2949 2580 3013 spectantur,
2614 2956 2777 2996 omne
2812 2940 2914 2995 hoc
2945 2938 3189 2994 inﬂatum
3230 2949 3283 2994 et
3323 2940 3556 2996 sublime
3582 2956 3675 3011 ge-

2088 3050 2194 3089 nus
2230 3031 2446 3087 dicendi
2489 3030 2737 3102 repudiat
2782 3036 2837 3085 et
2879 3037 3185 3093 aversatur,
3232 3030 3360 3101 quia
3396 3032 3672 3100 negotium

2090 3127 2143 3182 in
2177 3124 2516 3181 contrarium
2548 3123 2833 3195 redigitur,
2865 3136 2932 3177 co
2966 3121 3111 3191 quod
3153 3137 3265 3177 non
3307 3124 3379 3178 sit
3403 3122 3673 3192 ejusmodi

2089 3218 2169 3272 vis
2201 3216 2256 3270 in
2291 3215 2489 3275 verbis.
2517 3229 2640 3285 quae
2675 3214 3062 3268 miraculorum
3106 3214 3534 3283 magnitudinem
3576 3230 3676 3285 pro

2087 3307 2352 3377 dignitate
2378 3313 2725 3376 assequatur.
2775 3302 2853 3360 Ne
2900 3304 3065 3374 igitur
3094 3320 3203 3358 una
3247 3320 3371 3358 cum
3406 3306 3675 3361 orationis

2087 3399 2332 3454 exilitate
2359 3398 2681 3452 miraculum
2714 3396 3056 3467 deprimatur
3075 3403 3129 3451 et
3157 3404 3501 3462 extenuetur,
3527 3398 3675 3467 ejus-

2088 3503 2195 3558 que
2225 3503 2388 3558 quam
2422 3502 2568 3542 nunc
2608 3486 2985 3556 unusquisque
3023 3486 3091 3541 tle
3130 3501 3197 3541 eo
3226 3495 3542 3557 conceptam
3575 3489 3674 3543 ha-

2089 3581 2179 3635 bet
2206 3578 2539 3648 opinionem,
2565 3593 2662 3647 per
2689 3591 2783 3632 eos
2809 3578 2899 3647 qui
2947 3578 3173 3632 laudare
3217 3579 3395 3633 conati
3448 3578 3673 3643 fuerint,

2090 3669 2271 3739 aliqua
2315 3667 2606 3723 diminutio
2648 3668 2739 3720 llat
2779 3686 2793 3721 :
2833 3667 3179 3722 commodius
3235 3667 3397 3721 fuerit
3456 3668 3677 3724 silentio

2090 3760 2271 3828 potius
2317 3757 2371 3812 in
2409 3757 2571 3813 nobis
2612 3772 2813 3827 augere
2851 3757 3197 3819 miraculum,
3230 3772 3391 3827 quam
3430 3758 3677 3813 oratione

2091 3852 2303 3906 laudem
2361 3850 2685 3905 imminuere
2739 3857 2904 3919 atque
2952 3858 3264 3903 extenuare.
3317 3848 3474 3915 Quali
3527 3851 3673 3904 enim

2088 3944 2337 3999 oratione
2368 3943 2494 4013 quis
2536 3957 2662 3997 eum
2704 3941 3072 4010 augustiorem
3120 3938 3406 3995 circcerit?
3451 3940 3535 3995 An
3583 3942 3676 3997 ille

2050 4048 2231 4094 'cam,
2277 4048 2399 4103 qua:
2449 4048 2546 4102 per
2590 4045 2811 4084 carnem
2855 4037 2909 4084 ct
2949 4030 3265 4099 sanguinem
3310 4029 3673 4101 (contingere)

2087 4125 2290 4181 dicitur
2316 4123 2652 4179 nobilitatem
2696 4136 2759 4176 ac
2799 4123 3019 4192 generis
3062 4121 3447 4177 claritudinem
3477 4137 3667 4192 appro-

2087 4215 2339 4272 baverit?
2371 4214 2435 4268 Et
2461 4214 2585 4285 quis
2613 4213 2826 4285 ignorat
2872 4212 3052 4282 magni
3104 4212 3253 4268 illius
3290 4228 3418 4284 erga
3451 4228 3673 4269 carnem

2086 4306 2447 4368 affectionem,
2490 4318 2652 4373 quam
2711 4302 2760 4357 ei
2813 4300 3160 4357 adversarius
3206 4310 3372 4365 esset,
3411 4308 3671 4371 tanquam

2089 4398 2364 4466 mancipio
2394 4395 2610 4451 cuidam
2644 4393 2868 4464 fugitivo
2890 4407 3107 4462 semper
3148 4392 3366 4447 vincula
3397 4394 3671 4447 rationum

2093 4489 2371 4560 iujiciens,
2396 4502 2459 4541 ac
2493 4502 2589 4557 per
2622 4499 2889 4541 summam
2939 4482 3282 4538 amictionem
3312 4493 3474 4554 atque
3496 4484 3675 4539 conti-

2093 4582 2331 4637 nentiam
2378 4579 2661 4651 Ilagellans
2704 4585 2759 4632 et
2809 4584 3070 4646 torquens
3111 4576 3464 4633 verberonem
3519 4576 3673 4630 illum

2093 4688 2309 4730 servum
2341 4687 2564 4743 corpus,
2592 4670 2746 4741 quasi
2786 4668 3006 4740 quidam
3042 4668 3393 4723 inexorabilis
3416 4666 3674 4722 dominus

2092 4765 2295 4820 nullam
2320 4763 2503 4817 vincto
2544 4761 2932 4817 relaxationem
2970 4758 3298 4830 indulgens?
3324 4756 3458 4812 Eum
3486 4757 3673 4829 igitur,

2091 4856 2185 4927 qui
2222 4855 2297 4909 ita
2345 4852 2571 4909 allectus
2610 4862 2749 4908 esset
2796 4866 2926 4922 erga
2953 4864 3197 4914 carnem,
3237 4860 3458 4919 propler
3477 4865 3673 4918 θοι-μοι

2092 4945 2206 4998 rale
2252 4942 2575 4998 beneﬁcium
2606 4940 2884 4997 celebrare
2939 4948 2994 4994 et
3045 4938 3230 4994 verbis
3269 4938 3553 5005 extollere,
3585 4952 3677 4995 res

2094 5033 2488 5092 absurdissima
2522 5031 2703 5088 fuerit.
2734 5030 2870 5085 Nam
2899 5032 2993 5101 qui
3040 5043 3183 5083 nunc
3220 5028 3289 5082 ah
3326 5043 3389 5081 ea
3416 5044 3475 5085 re
3503 5029 3679 5084 bono-

2096 5128 2328 5191 rabitur,
2359 5126 2518 5198 cujus
2545 5140 2671 5180 eum
2700 5125 2754 5178 in
2787 5126 2894 5178 vita
2921 5121 3195 5192 pudebat?
3220 5120 3396 5191 Atque
3424 5121 3677 5177 similiter

2097 5233 2205 5273 una
2237 5232 2362 5273 cum
2396 5216 2695 5288 quaestione
2719 5213 2957 5285 generis,
2992 5212 3182 5281 patria:
3222 5225 3440 5281 quoque
3457 5214 3679 5266 mentio

2094 5306 2313 5377 ejicitur
2357 5313 2411 5361 et
2465 5303 2801 5374 repudiatur.
2830 5302 2932 5369 Qui
2959 5301 3105 5357 enim
3152 5315 3212 5357 se
3262 5314 3430 5371 supra
3458 5314 3677 5356 omnem

2096 5397 2360 5453 mundum
2406 5404 2685 5467 posuerat,
2730 5402 2785 5449 et
2824 5393 2979 5464 quasi
3023 5393 3407 5449 coarctabatur
3438 5391 3492 5446 in
3528 5391 3675 5447 omni

2096 5489 2343 5546 sensibili
2388 5488 2776 5544 elementorum
2834 5494 3050 5551 natura,
3096 5485 3235 5539 adeo
3271 5491 3333 5539 ut
3372 5498 3441 5539 ne
3475 5484 3676 5539 cadum

2094 5582 2311 5653 quidem
2356 5595 2522 5651 supra
2570 5594 2629 5634 se
2670 5579 2907 5650 positum
2943 5577 3129 5643 ferret,
3167 5575 3262 5632 sed
3314 5578 3382 5631 ad
3417 5575 3679 5635 ulterion.
