4132 6356
1755 327 1811 381 S.
1851 327 2177 384 GREGORII
2218 323 2505 384 NYSSENI
3625 331 3656 383 ὃ
3670 333 3730 387 l6

475 332 580 388 8i5

473 448 656 500 anima
696 445 1072 514 contenderet,
1121 454 1174 499 et
1211 442 1525 506 sensibilen)
1566 443 1752 496 mundi
1786 459 2041 512 superans

2154 444 2527 515 ἐπονομάζειν,
2569 445 2662 497 καὶ
2702 443 2788 498 διὰ
2827 443 2928 514 τῆς
2964 440 3062 495 τοῦ
3097 440 3264 496 τόπου
3293 442 3518 511 εὐφυΐας
3551 443 3729 514 ἐαυτῷ

473 535 804 604 amplexum,
835 551 1050 606 semper
1083 536 1138 589 in
1171 537 1237 590 iis
1259 550 1382 606 quae
1413 534 1748 604 cogitatione
1780 550 1842 588 ac
1877 544 2041 592 ιιιειιι(

2151 537 2275 600 τούς
2313 535 2565 600 ἐπαίνους
2619 533 3100 606 συνερανίζεσθαις
3151 532 3352 604 ’Υὸρις
3396 531 3505 603 γὰρ
3543 533 3610 586 ἂν
3642 535 3725 606 εἴη

473 626 1038 697 comprehenduntur,
1066 626 1448 690 inambularet,
1479 633 1533 679 et
1555 633 1859 694 occupatus
1885 635 2041 692 esset1

2152 626 2371 680 καὶτῶν
2407 627 2674 698 ἀληθινῶν
2703 627 2939 681 ἐπαίνων
2976 625 3290 687 ἐλάττωσις,
3324 625 3372 676 εί
3398 625 3497 695 τῆς
3526 626 3727 696 ἀρετῆς

471 726 634 787 atque
657 732 763 772 una
792 732 917 774 cum
951 718 1148 774 divinis
1170 715 1470 772 virtutibus
1508 717 1562 771 in
1611 717 1829 772 sublimi
1864 733 2041 774 γει-εει·

2151 719 2516 790 προκειμένης
2544 721 2612 790 τῇ
2639 717 2860 788 θεωρίᾳ,
2887 716 3053 787 ὕδωρ,
3080 717 3173 770 καὶ
3197 715 3389 785 φύλλα,
3417 717 3510 770 καὶ
3533 716 3724 785 βῶλος,

471 816 642 872 retur,
694 816 748 863 et
799 808 937 862 nihil
985 808 1352 878 impedimenti
1403 808 1707 877 corporalis
1758 824 1925 864 onere
1984 809 2041 864 ad

2148 809 2240 862 καὶ
2282 808 2351 862 τὰ
2382 810 2600 863 τοιαῦτα
2651 808 3002 879 θαυμάζοιτο.
3072 807 3283 870 Ἀλλως
3329 825 3387 860 τε
3430 809 3536 860 πᾶν
3577 808 3607 860 ὃ
3650 809 3726 879 μὴ

470 899 668 954 mentis
724 897 828 952 iter
887 897 1241 968 impediretur
1285 917 1299 952 :
1337 897 1556 968 quando
1602 899 1870 954 sustineat
1913 914 1972 956 se
2018 915 2049 954 a

467 999 621 1062 parte
655 990 837 1060 aliqua
868 1000 1024 1044 terra;
1051 989 1456 1060 cognominare,
1483 997 1537 1045 et
1559 1006 1654 1060 per
1683 990 1788 1044 loci
1812 990 2047 1046 felicita-

2156 903 2529 974 προαιρέσεως
2557 904 2765 972 γίνεται
2809 903 3016 972 κτῆμα,
3045 901 3148 955 κᾶν
3179 901 3262 955 ὅτι
3291 901 3526 971 μάλιστα
3562 902 3725 955 καλὸν

2153 987 2209 1066 ᾖ,
2240 993 2496 1064 οὐδεμίαν
2529 993 2805 1063 εὐφημίαν
2834 992 3028 1063 ἐκείνῳ
3059 992 3233 1064 φέρει,
3263 985 3308 1060 ᾦ
3336 997 3478 1044 κατὰ
3505 993 3564 1045 τὸ
3594 991 3728 1044 αὐτδ

466 1089 572 1137 tem
620 1090 783 1152 atque
830 1081 1273 1136 commoditatem
1331 1081 1436 1137 sibi
1481 1081 1672 1137 laudes
1712 1082 2041 1151 corrogare?

2155 1083 2473 1155 συνηνέχθη.
2504 1084 2713 1137 Οὐκοῦν
2744 1083 3040 1137 σιωπᾶσθω
3079 1083 3276 1153 πατρὶς
3306 1083 3401 1135 καὶ
3435 1083 3610 1150 γένος,
3634 1083 3727 1134 καὶ

465 1173 807 1228 Contumelia
837 1173 979 1228 enim
1022 1171 1186 1226 fuerit
1225 1180 1278 1228 et
1315 1187 1567 1227 verarum
1606 1171 1828 1227 laudum
1863 1173 2046 1227 immi-

464 1266 638 1328 nutio.
671 1266 716 1321 si
742 1266 944 1319 virtute
971 1263 1038 1318 ad
1067 1263 1522 1319 considerandum
1552 1266 1854 1334 proposita,
1878 1280 2041 1334 aqua,

2153 1177 2260 1230 πᾶν
2284 1177 2343 1229 τὸ
2364 1174 2622 1240 τοιοῦτον,
2654 1175 2683 1227 ὃ
2714 1177 2782 1246 τῇ
2818 1175 3110 1246 αὐτομάτῳ
3134 1176 3392 1244 συντυχίᾳ
3413 1177 3522 1237 τοῖς
3545 1175 3728 1226 ἐπιτυ-

2150 1265 2302 1336 χοῦσι
2333 1267 2686 1337 συμφέρεται.
2725 1265 2968 1335 Ἐκείνης
2993 1265 3035 1318 δ’
3068 1267 3134 1320 ἄν
3159 1283 3240 1329 τις
3269 1267 3489 1328 εἰκότως
3517 1266 3605 1319 ἐπ’
3629 1266 3726 1318 αὐ-

464 1353 703 1418 frondes,
749 1361 803 1410 et
852 1354 1038 1417 flores,
1085 1361 1141 1409 et
1187 1353 1359 1424 glebae
1412 1363 1574 1423 atque
1609 1353 1923 1424 hujusmodi
1957 1370 2041 1410 res

2150 1356 2244 1410 τοῦ
2272 1356 2530 1428 μνησθείη
2563 1356 2815 1428 πατρίδος
2841 1373 2899 1409 τε
2922 1357 3015 1410 καὶ
3034 1357 3330 1425 εὐγενείας,
3359 1359 3395 1428 ἢ
3423 1357 3510 1410 διὰ
3541 1374 3727 1428 προαι-

464 1445 813 1500 admirationi
859 1445 990 1508 sint,
1026 1460 1150 1499 cum
1197 1444 1402 1514 alioqui
1449 1443 1716 1515 quidquid
1745 1447 1927 1501 libera:
1953 1461 2041 1500 γο-

2155 1447 2362 1521 ρέσεως
2387 1451 2496 1512 τοῖς
2529 1449 2887 1502 ἐσπουδακόσι
2914 1448 3283 1519 προσγίνεται.

463 1535 691 1590 luntatis
719 1535 922 1590 bonum
953 1550 1062 1590 non
1090 1543 1194 1600 εει,
1225 1535 1438 1592 etiamsi
1469 1552 1631 1606 quam
1664 1540 1898 1592 maxime
1928 1539 2240 1608 pulchrum,
2310 1540 2660 1595 commodum
2730 1550 2784 1595 et
2827 1541 3105 1611 egregium
3150 1541 3242 1603 sit,
3295 1541 3496 1595 nullam
3567 1541 3725 1598 fama

461 1640 515 1684 et
545 1630 782 1685 nominis
820 1629 1344 1686 commendationem
1380 1629 1570 1685 afferat
1614 1631 1711 1696 illi,
1752 1633 1841 1686 cui
1876 1634 2040 1689 simul
2071 1637 2382 1706 contigerit.
2453 1635 2691 1692 Proinde
2739 1637 2960 1691 silentio
3011 1644 3363 1705 praetereatur
3416 1637 3589 1706 patria
3657 1653 3725 1694 ac

462 1738 655 1793 genus,
704 1731 758 1778 et
806 1721 1072 1793 quidquid
1113 1721 1385 1793 ejusmodi
1431 1730 1535 1790 εει,
1570 1729 1628 1776 ιιι
1660 1722 1886 1778 fortuita
1918 1728 2280 1782 concursione
2337 1735 2391 1784 et
2437 1744 2567 1782 casu
2629 1727 2920 1798 quibusvis
2971 1727 3274 1798 contingat.
3334 1725 3484 1782 lllius
3543 1740 3724 1784 autem

463 1815 656 1870 merito
696 1813 821 1885 quis
852 1813 903 1867 in
949 1828 1015 1869 eo
1045 1814 1235 1885 patriae
1277 1821 1440 1886 atque
1466 1813 1774 1872 nobilitatis
1804 1818 2133 1873 mentionem
2163 1817 2374 1886 fecerit,
2413 1834 2534 1890 quae
2575 1820 2757 1874 libera:
2821 1817 3118 1874 voluntatis
3187 1817 3416 1872 arbitrio
3480 1819 3569 1882 iis,
3626 1817 3722 1889 qui

460 1920 578 1961 eam
609 1904 993 1976 eXpetiverint,
1028 1905 1322 1977 contingit.

531 1999 664 2063 Quae
699 2004 784 2053 est
816 1998 981 2068 igitur
1024 1997 1210 2053 Basilii
1248 2001 1506 2058 nobilitas
1543 2013 1596 2058 et
1645 2002 1915 2057 claritudo
1947 2016 2035 2072 ge-
2067 2015 2108 2070 Β

461 2089 645 2144 neris?
686 2103 808 2159 qua:
848 2090 1064 2160 patria?
1097 2091 1174 2146 Ae
1207 2107 1382 2164 genus
1415 2095 1637 2164 quidem
1689 2094 1768 2148 illi
1806 2094 2041 2148 familia-

464 2180 598 2232 ritas
637 2184 691 2232 et
718 2179 1072 2234 necessitudo
1101 2195 1226 2236 cum
1262 2180 1411 2236 Deo:
1446 2183 1622 2252 patria
1655 2197 1804 2248 vero,
1839 2183 2037 2237 virtus.

461 2267 566 2336 Qui
608 2268 753 2324 enim
786 2267 953 2323 Deum
999 2271 1223 2340 recepit,
1280 2279 1338 2325 ut
1373 2271 1548 2342 inquit
1599 2270 2038 2342 Evangelium",

463 2367 788 2431 potestatem
827 2359 1006 2426 habet,
1042 2369 1101 2415 ut
1132 2360 1275 2417 filius
1317 2361 1410 2416 Dei
1458 2363 1572 2416 fiat.
1608 2362 1748 2429 Quid
1777 2378 1907 2418 vero
1940 2376 2040 2418 no-

461 2451 628 2506 bilius
656 2459 710 2507 et
757 2450 1080 2522 generosius
1113 2450 1442 2521 cognatione
1481 2468 1604 2508 cum
1651 2452 1760 2508 Deo
1791 2454 1916 2524 quis
1949 2468 2038 2509 re-

461 2544 682 2615 quirat?
722 2543 827 2610 Qui
879 2551 1062 2598 autem
1107 2543 1306 2598 virtute
1347 2545 1609 2614 prteditus
1640 2553 1746 2609 est,
1792 2553 1847 2601 et
1898 2545 2040 2602 hanc

455 2637 615 2703 colit,
658 2647 713 2692 et
758 2651 826 2692 ex
876 2634 978 2690 hac
1010 2635 1114 2690 sibi
1161 2635 1374 2691 reditus
1402 2636 1644 2702 coniicit,
1674 2644 1728 2692 et
1767 2647 2038 2708 qumslum

461 2730 611 2794 facit,
641 2728 873 2800 patriam
907 2743 1060 2784 suam
1090 2742 1318 2798 prorsus
1354 2729 1525 2784 efficit
1556 2730 1607 2783 id
1645 2731 1699 2782 in
1736 2745 1847 2800 quo
1885 2730 2036 2786 vivit.

463 2819 748 2878 Sobrietas
787 2821 865 2875 illi
920 2834 1020 2892 pro
1079 2819 1366 2876 domicilio
1407 2832 1542 2886 erat,
1600 2822 1865 2890 sapientia
1917 2824 2039 2878 loco

460 2911 684 2982 praedii;
728 2911 946 2982 justitia
995 2919 1175 2967 autem
1225 2921 1278 2968 et
1308 2915 1509 2967 veritas
1555 2921 1609 2966 et
1665 2913 1897 2982 peritas,
1940 2929 2038 2984 pro

461 3003 788 3073 splendidis,
820 3003 1130 3072 magnificis
1162 3013 1327 3074 atque
1357 3003 1602 3059 visendis
1632 3013 1685 3058 et
1717 3005 2034 3073 conspicuis

460 3092 816 3148 aediﬁciorum
855 3093 1198 3148 ornamentis
1226 3095 1316 3147 :in
1349 3094 1551 3165 quibus
1577 3094 1832 3149 habitans
1865 3094 2039 3166 magis

463 3186 549 3240 his
586 3183 960 3247 delectabatur
1003 3197 1068 3238 ac
1094 3184 1199 3239 sibi
1245 3185 1521 3254 placebat,
1569 3201 1732 3255 quam
1771 3187 1864 3255 qui
1895 3200 2039 3239 mar-

462 3263 665 3330 moreis
696 3281 751 3329 et
788 3274 998 3328 auratis
1037 3272 1249 3328 aedibus
1286 3275 1614 3345 gloriantur.
1667 3274 1724 3328 Si
1748 3275 1876 3344 quis
1913 3289 2038 3329 eum

463 3365 532 3420 ob
581 3365 740 3420 talem
785 3365 1016 3435 patriam
1069 3364 1275 3426 laudet,
1334 3371 1390 3420 et
1437 3365 1507 3420 ob
1555 3364 1827 3434 ejusmodi
1865 3346 2108 3438 genusc

462 3458 713 3512 oratione
743 3455 981 3512 celebret
1030 3466 1194 3526 atque
1225 3455 1501 3520 honestet,
1536 3473 1658 3510 cum
1694 3473 1824 3513 vera
1853 3459 2035 3528 dicet;

463 3557 578 3603 tum
611 3548 677 3602 ad
715 3562 805 3603 res
844 3548 894 3603 ei
927 3555 1134 3616 gratas,
1184 3549 1382 3604 laudes
1415 3549 1850 3605 accommodabit
1881 3570 1894 3605 :
1924 3559 2035 3606 ter-

463 3654 579 3693 ram
624 3645 828 3703 autem,
868 3646 922 3693 et
958 3637 1300 3707 sanguinem,
1325 3646 1380 3692 ct
1421 3653 1664 3704 carnem,
1715 3645 1770 3693 et
1795 3639 2033 3706 divitias,

463 3737 516 3785 ει
543 3729 906 3801 principatus,
952 3737 1006 3784 et
1055 3729 1140 3785 his
1173 3729 1336 3785 rebus
1387 3730 1742 3800 conjunctum
1786 3731 2039 3800 splendo-

462 3835 575 3874 rem
608 3829 663 3876 ct
698 3818 947 3890 gloriam,
992 3820 1179 3874 mundi
1211 3819 1426 3883 amicis,
1468 3820 1562 3890 qui
1598 3821 1801 3884 volent,
1844 3822 2037 3878 adesse

462 3909 761 3982 praedicent
800 3917 963 3979 atque
1010 3917 1302 3965 testentur.
1357 3911 1414 3966 Si
1451 3913 1619 3983 igitur
1645 3914 2037 3970 convenientes

463 4001 538 4056 illi
577 4000 798 4056 laudum
829 4001 1231 4058 celebrationes
1273 4004 1449 4059 oratio
1477 4012 1662 4058 nostra
1693 4018 1890 4075 capere
1927 4020 2034 4059 non

462 4103 640 4164 potest
671 4112 686 4149 ι
716 4093 988 4164 ejusmodi
1023 4094 1206 4149 studia
1237 4095 1541 4150 recusanda
1571 4094 1798 4159 fuerint,
1835 4102 1890 4151 et
1918 4096 2037 4150 lau-

460 4185 742 4240 dationum
790 4191 937 4240 artes
987 4184 1314 4254 rejiciendte.
1363 4183 1649 4249 Quomodo
1700 4184 1870 4255 igitur
1923 4201 2036 4242 me-

461 4280 688 4331 moriam
717 4277 841 4347 ejus
866 4292 1113 4348 agemus,
1145 4275 1343 4346 aliquis
1373 4273 1605 4336 fortasse
1633 4274 1799 4338 dicet,
1830 4275 1878 4331 si
1909 4291 2034 4331 eum

463 4371 687 4422 laudum
735 4369 1203 4425 celebrationihus
1238 4367 1292 4421 id
1343 4382 1452 4419 non
1506 4365 1644 4421 fiet?
1673 4381 1779 4436 qua
1822 4369 2034 4422 ratione

461 4462 544 4514 lex
594 4459 892 4531 Scriptum
942 4458 1275 4528 implebitur,
1324 4472 1446 4527 quae
1477 4456 1609 4511 dicit
1635 4457 1678 4489 ¹⁸
1713 4459 2032 4514 memoriam

456 4551 731 4620 iustorum
786 4565 910 4604 cum
941 4549 1183 4603 laudum
1241 4548 1706 4604 celebrationihus
1749 4552 1834 4621 agi
1873 4567 2036 4622 opor-

461 4650 594 4700 tere,
632 4639 677 4692 si
710 4652 806 4708 per
831 4651 991 4692 veras
1026 4638 1246 4707 quidem
1279 4635 1476 4692 laudes
1507 4654 1690 4693 sermo
1728 4655 2033 4695 accommo-

2207 2001 2304 2065 Τίς
2331 1995 2424 2054 οὖν
2451 2001 2485 2070 ἡ
2527 1997 2809 2053 Βασιλείου
2850 1994 3132 2064 εὐγένειαι
3159 1993 3268 2046 Καὶ
3308 1991 3392 2056 τίς
3419 1993 3454 2064 ἡ
3481 1992 3678 2063 πατρίς
3703 2011 3723 2059 ;

2140 2096 2299 2158 Γένος
2329 2093 2426 2165 μὲν
2467 2090 2616 2161 αὐτῷ
2654 2091 2688 2159 ή
2720 2089 2853 2160 πρὸς
2902 2087 2963 2141 τὸ
2995 2086 3146 2141 Θεῖον
3183 2084 3486 2148 οἰκείωσις·
3523 2085 3722 2156 πατρὶς

2138 2187 2216 2254 δὲ,
2241 2188 2274 2257 ὴ
2304 2184 2494 2256 ἀρετή.
2538 2184 2597 2236 '0
2621 2182 2731 2252 γὰρ
2758 2180 2850 2234 τὸν
2877 2179 3010 2232 Θεὸν
3030 2177 3344 2249 δεξάμενος,
3379 2175 3560 2239 καθώς
3587 2192 3720 2244 φησι

2139 2279 2200 2333 τὸ
2236 2277 2588 2346 Εὐαγγέλιον,
2623 2273 2869 2338 ἐξουσίαν
2913 2271 3025 2342 ἔχει
3053 2271 3243 2325 τέκνον
3269 2268 3404 2322 Θεοῦ
3445 2268 3716 2338 γενέσθαι.

2140 2369 2206 2422 Τί
2237 2369 2294 2423 δὲ
2322 2370 2420 2439 τῆς
2451 2365 2587 2438 πρὸς
2618 2364 2750 2418 Θεὸν
2777 2361 3096 2431 συγγενείας
3131 2360 3513 2431 εὐγενέστερον
3545 2360 3609 2413 ἄν
3637 2375 3721 2421 τις

2139 2457 2556 2528 ἐπιζητήσειεν;
2610 2455 2671 2507 Ὁ
2707 2453 2764 2507 δὲ
2820 2452 2879 2506 ἐν
2915 2455 2981 2523 τῇ
3021 2453 3188 2524 ἀρετῇ
3233 2449 3330 2516 ὢν,
3372 2451 3465 2505 καὶ
3514 2449 3718 2518 ταύτην

2139 2547 2418 2620 γεωργῶν,
2467 2547 2561 2599 καὶ
2608 2545 2672 2598 ἐκ
2705 2543 2909 2615 ταύτης
2958 2543 3437 2615 προσοδευόμενος..
3487 2541 3720 2616 πατρίδα

2139 2640 2356 2702 πάντως
2386 2634 2582 2692 ἐαυτοῦ
2614 2638 2843 2690 ποιεῖται
2881 2634 3040 2688 τοῦτο
3066 2627 3112 2703 ᾧ
3139 2635 3464 2706 ἐμϐιοτεύει.
3496 2636 3720 2706 Σωφρο-

2141 2733 2273 2804 σύνη
2301 2727 2368 2802 ἦν
2393 2729 2541 2801 αὐτῷ
2565 2729 2626 2782 τὸ
2663 2728 2932 2798 ἐφέστιον,
2963 2729 3124 2798 σοφία
3164 2728 3222 2781 τὺ
3255 2727 3440 2800 κτῆμα
3463 2746 3476 2760 ι
3517 2727 3720 2782 δικαιο-

2141 2821 2276 2893 σύνη
2299 2821 2355 2874 δὲ
2378 2820 2473 2874 καὶ
2516 2818 2741 2890 ἀλήθεια
2764 2818 2860 2871 καὶ
2901 2817 3232 2889 καθαρότης,
3254 2819 3324 2872 τά
3357 2817 3587 2888 λαμπρὰ
3624 2819 3720 2872 καὶ

2137 2914 2477 2986 περίϐλεπτα
2500 2908 2609 2965 τῶν
2629 2908 3074 2980 οἰκοδομημάτων
3106 2909 3276 2980 κάλλη
3295 2926 3311 2938 ·
3336 2905 3417 2974 οἷς
3443 2910 3720 2964 ἐνδιαιτώ-

2142 3023 2299 3078 μενος
2329 3002 2664 3076 ἐπηγάλλετο
2692 3000 2872 3065 πλέον,
2917 3000 2950 3072 ἢ
2979 3001 3102 3054 ὅσον
3134 3003 3184 3054 οἱ
3215 3005 3326 3066 τοῖς
3354 3004 3720 3074 μαρμαρίνοις

2138 3114 2196 3151 τε
2225 3097 2319 3151 καὶ
2344 3095 2740 3167 χρυσοπάστοις
2764 3094 2932 3156 οῐκοις
2957 3091 3392 3162 ἐναϐρυνόμενοι.
3420 3094 3585 3156 Etet;
3607 3095 3719 3148 ἀπὸ

2138 3189 2394 3260 τοιαύτης
2411 3187 2572 3241 αὐτὸν
2589 3185 2924 3258 ἐγκωμιάζοι
2944 3185 3221 3257 πατρίδος,
3237 3186 3331 3239 καὶ
3353 3185 3460 3239 ἀπὸ
3474 3186 3716 3240 τοιούτου

2141 3279 2392 3352 σεμνύνοι
2415 3279 2626 3348 γένους,
2644 3277 2822 3348 άληθῆ
2840 3294 2900 3330 τε
2930 3275 3096 3341 λέξει,
3121 3277 3214 3330 καὶ
3234 3276 3340 3330 ἀπὸ
3355 3276 3462 3329 τῶν
3495 3293 3714 3348 κεχαρι-

2143 3373 2356 3445 σμένων
2367 3373 2514 3443 αὐτῷ
2525 3375 2648 3435 τοὺς
2665 3371 2920 3434 ἐπαίνους
2935 3373 3236 3440 ποιήσεται·
3255 3369 3357 3440 γῆν
3367 3369 3542 3429 δέ,κα“ι
3557 3367 3717 3441 αἷμα,

2143 3467 2239 3520 καὶ
2273 3465 2471 3536 σάρκα,
2501 3464 2596 3517 καὶ
2633 3462 2884 3527 πλοῦτον,
2920 3463 3012 3516 καὶ
3035 3461 3350 3524 δυναστείας
3368 3501 3384 3525 ,
3415 3462 3508 3514 καὶ
3537 3461 3634 3524 τὰς
3660 3462 3717 3514 ἐν

2141 3555 2348 3619 τούτοις
2368 3554 2723 3626 περιφανείας
2740 3554 3328 3624 προσμαρτυρείτωσαν
3344 3551 3395 3604 οί
3409 3551 3715 3621 βουλόμενοι

2141 3648 2254 3708 τοῖς
2273 3644 2366 3698 τοῦ
2391 3645 2594 3714 κόσμου
2619 3643 2813 3713 φίλοις.
2840 3644 2905 3696 El
2928 3638 3021 3696 οὖν
3049 3640 3332 3712 άχὼρητον
3357 3641 3436 3710 τῷ
3464 3639 3716 3711 ἡμετέρῳ

2141 3738 2283 3807 λόγῳ
2324 3737 2385 3790 τὸ
2415 3733 2654 3806 ἁρμόζον
2698 3735 2890 3805 ἐκείνῳ
2935 3732 3226 3802 ἐγκώμιον,
3257 3732 3618 3803 παραιτητέον
3649 3730 3716 3784 ἂν

2143 3825 2225 3895 εἴη
2261 3824 2359 3886 τὰς
2397 3822 2649 3886 τοιαύτας
2699 3822 2954 3887 σπουδὰς,
2993 3824 3084 3875 καὶ
3115 3821 3570 3892 παραγράφεσθαι
3607 3819 3717 3872 τῶν

2141 3916 2431 3988 ἐγκωμίων
2459 3913 2556 3976 τὰς
2601 3915 2814 3984 τέχνας.
2853 3913 2978 3976 Πῶς
3005 3909 3098 3966 οὖν
3130 3914 3229 3984 τὴν
3275 3915 3361 3967 ἐπ’
3385 3911 3536 3983 αὐτῷ
3575 3913 3711 3982 μνή-

2145 4023 2250 4076 μην
2277 4005 2592 4074 άγάγωμεν,
2618 4006 2746 4067 ἴσως
2785 4005 2901 4075 ἐρεῖ
2939 4022 3044 4066 τις,
3079 4006 3127 4056 εἰ
3171 4005 3244 4074 μὴ
3278 4003 3392 4074 μετ’
3425 4004 3714 4074 ἐγκωμίων

2139 4096 2298 4149 τοῦτο
2336 4097 2668 4165 ποιήσομεν;
2705 4094 2829 4157 Πῶς
2859 4096 2888 4147 ὁ
2915 4093 3076 4163 νόμος
3102 4095 3201 4163 τῆς
3241 4092 3461 4164 Γραφῆς
3493 4092 3713 4163 πληρω-

2143 4189 2390 4259 θήσεται,
2443 4188 2502 4251 ὃς
2541 4204 2694 4258 φησι,
2747 4185 2844 4257 τὴν
2897 4187 3117 4256 μνήμην
3164 4185 3273 4238 τῶν
3319 4184 3542 4238 δικαίων
3595 4184 3712 4255 μετ’

2140 4281 2430 4351 ἐγκωμίων
2460 4280 2541 4333 δεῖ
2581 4279 2850 4348 γενέσθαι,
2894 4279 2942 4330 εί
2977 4277 3068 4330 τὸν
3113 4277 3210 4347 μὲν
3236 4275 3324 4329 διὰ
3359 4275 3466 4328 τῶν
3497 4274 3715 4346 ἀληθῶν

2140 4373 2376 4427 ἐπαίνων
2405 4373 2496 4426 τὸν
2536 4372 2694 4441 λόγον
2735 4370 3031 4442 προσάγειν
3071 4369 3217 4421 ἐστὶν
3242 4369 3545 4438 ἀμήχανον,
3573 4367 3632 4420 τὸ
3655 4369 3713 4420 οε

2139 4465 2226 4518 διὰ
2253 4465 2359 4518 τῶν
2379 4464 2700 4536 κοινοτέρων
2723 4463 3080 4533 ἐφύδριστον;
3115 4460 3254 4513 Ἀλλ’
3285 4459 3430 4512 ἐστιν
3459 4459 3590 4523 ἴσως
3612 4459 3713 4513 οὐκ

2139 4551 2411 4623 ἀπορῆσαι
2435 4569 2578 4616 τινος
2606 4552 2864 4615 ἐπινοίας.
2891 4551 2966 4614 ὡς
2999 4549 3074 4621 μὴ
3095 4550 3271 4620 πάντη
3297 4548 3407 4603 τῶν
3427 4549 3712 4620 ἡμετέρων

2140 4641 2299 4696 αὐτὸν
2353 4643 2590 4698 ἐπαίνων
2638 4640 3066 4710 καταλειφθῆναι
3111 4639 3432 4711 ἀγέραστον.
3478 4639 3573 4702 Τίς
3617 4633 3709 4691 οὖν

459 4731 577 4785 dari
604 4746 713 4785 non
742 4737 942 4800 potest,
973 4744 1294 4784 communes
1331 4738 1513 4784 autem
1547 4729 1666 4786 sine
1700 4733 2028 4787 contumelia

2141 4734 2282 4787 ἐστιν
2322 4736 2356 4805 ἡ
2390 4735 2638 4798 ἐπίνοια;
2689 4731 2784 4795 Τίς
2810 4703 2911 4785 οὐκ
2953 4703 3109 4792 οἶδεν,
3263 4731 3371 4792 πᾶς
3415 4729 3572 4798 λόγος
3601 4729 3708 4781 τῶν

456 4817 875 4876 εοιιιιιιειιιοι-ιιτί
925 4821 1114 4876 laudes
1163 4836 1274 4876 non
1316 4825 1586 4892 possunt?
1632 4825 1737 4879 Sed
1795 4825 2029 4884 fortasse

2141 4825 2310 4898 ἔργων
2327 4825 2725 4896 διεζευγμένος,
2755 4823 2983 4895 μάταιος
3013 4822 3134 4876 καθ’
3169 4822 3360 4876 ἐαυτὸν
3385 4823 3480 4875 καὶ
3511 4820 3711 4874 ἀνυπό-

459 4914 600 4968 ratio
648 4914 831 4983 aliqua
880 4927 986 4967 non
1035 4911 1234 4979 deerit,
1262 4928 1371 4984 qua
1422 4915 1512 4968 ille
1549 4923 1858 4970 nostrarum
1912 4919 2030 4970 lau-

2141 4933 2360 4982 στατος;
2401 4917 2464 4969 Ἦ
2510 4916 2568 4969 δὲ
2612 4915 2720 4969 τῶν
2766 4913 2943 4986 ἔργων
2981 4913 3142 4982 φύσις
3187 4914 3245 4966 ἐν
3279 4911 3575 4966 ὑποστάσει
3617 4910 3710 4964 καὶ

458 5006 586 5061 dum
633 5006 856 5063 honoris
893 5012 947 5060 et
991 5005 1198 5076 praanii
1235 5020 1346 5061 non
1375 5008 1592 5076 penitus
1634 5023 1830 5078 expers
1855 5009 2023 5065 relin-

2141 5008 2361 5081 ἀληθείᾳ
2383 5007 2444 5061 τδ
2470 5006 2762 5081 λεγόμενον
2789 5006 3082 5060 δείκνυσιν.

458 5111 679 5172 quatur.
709 5102 840 5170 Qure
871 5103 1038 5173 igitur
1081 5111 1167 5158 est
1206 5105 1387 5159 ratio?
1414 5103 1548 5171 Quis
1588 5106 1824 5175 ignorat,
1870 5107 2020 5176 quod
2072 5107 2255 5162 omnis
2297 5107 2476 5161 oratio
2552 5106 2622 5161 ab
2665 5104 2929 5176 operibus
2997 5102 3274 5174 disjuncta
3322 5116 3462 5156 vana
3513 5114 3610 5170 per
3650 5113 3709 5152 se

457 5199 549 5264 sit,
615 5207 668 5251 et
715 5214 822 5251 non
871 5196 1179 5253 subsistat?
1227 5199 1297 5252 At
1349 5186 1542 5258 natura
1586 5214 1813 5270 operum
1863 5201 1918 5255 in
1977 5191 2284 5258 substantia
2337 5209 2502 5272 atque
2549 5199 2783 5256 veritate
2860 5200 2913 5255 id
2965 5199 3112 5270 quod
3170 5196 3398 5264 dicitur,
3469 5193 3710 5252 ostendit

455 5305 512 5348 et
543 5301 914 5363 repraesentat.
939 5333 941 5335 ι
2951 5289 2955 5295 ’

526 5388 698 5457 igitur
729 5390 978 5444 oratione
1023 5388 1202 5458 potior
1251 5390 1416 5444 fuerit
1463 5405 1525 5445 ea
1569 5391 1710 5458 laus,
1763 5408 1885 5464 quae
1929 5409 2030 5464 per

2205 5392 2413 5446 Οὐκοῦν
2445 5390 2836 5462 προτιμότερος
2875 5389 2944 5442 ἂν
2977 5388 3061 5458 εἴη
3099 5385 3194 5440 τοῦ
3239 5385 3398 5454 λόγου
3427 5385 3456 5437 ὁ
3488 5383 3577 5436 διὰ
3599 5381 3707 5436 τῶν

455 5493 621 5549 opera
668 5488 957 5549 praestetur
1000 5489 1054 5536 et
1089 5491 1532 5551 repraesentetur.
1579 5481 1693 5538 Hoc
1739 5500 1868 5541 vero
1897 5487 2028 5556 quid

2141 5485 2311 5556 ἔργων
2341 5481 2712 5553 πληρούμενος
2736 5480 2974 5542 ἔπαινος.
3001 5477 3170 5531 Τοῦτο
3195 5476 3254 5530 δέ
3272 5477 3388 5530 ἐστι
3408 5478 3492 5540 τί;
3522 5475 3596 5530 Τὸ
3619 5474 3706 5527 διὰ

455 5572 576 5626 est?
613 5568 683 5625 Ut
721 5586 817 5641 per
860 5573 1180 5628 memoriam
1235 5574 1384 5629 illius
1429 5576 1540 5629 vita
1590 5584 1806 5632 nostra‘
1835 5577 2031 5633 melior

2141 5577 2231 5642 τῆς
2266 5575 2483 5646 μνήμης
2510 5572 2717 5627 ἐκείνου
2745 5569 2845 5627 τὸν
2868 5568 2982 5641 βίον
3011 5571 3143 5641 ἡμῖν
3170 5566 3420 5639 γενέσθαι
3449 5568 3548 5637 τῆς
3582 5582 3705 5619 συν·-

525 5745 567 5778 ¹⁷
592 5743 748 5800 Joan.
781 5760 817 5811 ι,
845 5753 930 5798 12..
1009 5747 1051 5779 η
1090 5745 1235 5801 Eccl.
1265 5762 1415 5812 χχιιι,
1448 5747 1532 5802 ll.
