4132 6356
426 290 532 345 817

1544 292 1614 363 IN
1651 310 1940 371 Lauocu
1979 316 2285 374 FRATRIS
2323 319 2585 379 B.\SlLll.

3589 333 3691 391 8l8

3124 398 3278 459 ﬁt-
3397 451 3410 459 .
3621 456 3629 459 _

426 408 616 521 ηθείας
648 410 912 521 βελτίονα.
946 419 1215 521 καθάπερ
1269 426 1379 499 γὰρ
1413 428 1506 484 ἐπὶ
1531 430 1819 489 δακτυλίου
1849 455 2007 507 σφεν-

2110 454 2274 509 quam
2317 456 2443 497 esse
2493 444 2653 511 solet,
2711 444 2994 502 efficiatur.
3037 408 3508 517 ngrriiadmodum
3544 456 3692 509 enim

426 499 606 594 δόνης,
628 502 919 594 καλλίστης
939 509 1083 574 τινὸς
1107 512 1164 564 ὲν
1183 512 1400 583 γλυφίδι
1422 522 1862 593 προφαινομὲνης
1884 499 2009 594 μορ·

432 591 555 661 φῆς,
587 594 616 646 6
643 592 972 662 ὲντυπωθεὶς
1011 604 1077 673 τῇ
1115 607 1369 674 σφραγῖδι
1408 611 1577 681 κηρὸς
1608 591 1705 676 εἰς
1728 591 1920 668 ἑαυτὸν
1950 591 2010 673 τὸ

430 683 747 755 ἐγκείμενον
784 691 851 760 τῇ
878 689 1096 761 γλυφίδι
1139 696 1335 762 κάλλος
1378 703 1732 772 μετήνεγκεν,
1766 705 1887 761 ὅλον
1916 708 2010 762 τὸν

431 777 755 877 χαρακτῆρα
788 782 889 851 τῆς
920 787 1215 854 σφραγῖδος
1252 789 1403 855 ἰδίοις
1427 792 1619 858 τύποις
1650 796 2010 877 άναμαξάμε-

431 884 549 927 νος’
583 869 678 922 καὶ
704 870 803 924 οὐκ
828 872 894 925 ἄν
922 891 1007 938 τις
1040 875 1181 932 οὔτω
1216 879 1305 934 διὰ
1337 883 1431 936 τοῦ
1455 883 1615 954 λόγου
1638 886 1736 958 τὴν
1768 869 2012 944 εύδιάθε-

430 973 521 1010 τον
554 958 652 1029 τῆς
683 959 893 1034 γλυφῆς
925 963 1074 1035 ὥραν
1106 971 1186 1033 εἰς
1224 971 1549 1047 ὑπογραφὴν
1574 976 1793 1046 ἀγάγοι,
1820 979 1897 1043 ὡς
1917 980 2012 1035 ἐπὶ

432 1047 525 1100 τοῦ
573 1052 744 1122 κηροῦ
775 1053 1033 1111 δεικνύων
1079 1065 1509 1137 μεμορφωμένον
1537 1066 1599 1121 τὸ
1644 1068 1840 1134 κάλλος
1865 1086 1878 1102 ·
1919 1072 2013 1125 τὸν

430 1140 592 1234 αὐτὸν
617 1144 834 1215 τρόπον,
865 1149 913 1201 εί
938 1150 966 1202 6
995 1150 1094 1220 μὲν
1115 1151 1256 1224 λόγῳ
1284 1154 1424 1227 ψιλῷ
1452 1156 1545 1211 τοῦ
1568 1160 1886 1215 διδασκάλου
1912 1163 2011 1234 τὴν

429 1233 630 1324 άρετήν
660 1238 1041 1309 άποσεμνύνοι,
1070 1244 1253 1316 ἔτερος
1288 1248 1345 1301 δὲ
1388 1249 1481 1304 τὸν
1506 1251 1699 1305 ἑαυτοῦ
1743 1253 1855 1324 βίον
1881 1233 2013 1308 καλ·
2049 1276 2054 1281 ·

429 1323 674 1394 λωπίζοι,
712 1328 798 1382 διὰ
824 1331 923 1400 τῆς
961 1335 1098 1404 πρὸς
1122 1335 1325 1391 ἐκεῖνον
1357 1342 1641 1413 μιμήσεως
1662 1345 2011 1419 ἐνεργότερος

429 1416 495 1509 av
525 1419 608 1487 ετη
632 1419 725 1473 τοῦ
754 1422 960 1493 ὑψηλοῦ
990 1424 1170 1496 λόγου,
1203 1431 1232 1483 ὁ
1251 1430 1341 1483 διὰ
1375 1432 1467 1485 τοῦ
1495 1433 1611 1503 βίου
1639 1416 2010 1509 πληρούμενος

427 1508 668 1575 ἔπαινος.
701 1513 889 1579 Οὕτως
927 1513 1037 1582 οὖν,
1077 1520 1316 1590 ἀδελφοὶ,
1358 1525 1452 1577 καὶ
1490 1528 1654 1597 ἡμεῖς
1690 1530 2013 1601 μιμησάμε-

428 1620 507 1655 νοι
539 1607 605 1675 τῇ
659 1610 981 1681 σωφροσύνῃ
1012 1610 1101 1664 τὸν
1134 1612 1410 1684 σώφρονα,
1453 1612 1536 1679 οἷς
1577 1618 1857 1688 ποιοῦμεν,
1891 1624 2009 1675 κατ’

426 1695 584 1761 ἀξίαν
630 1700 728 1766 τὴν
767 1702 969 1771 ἀρετὴν
1002 1705 1402 1777 ἐπαινέσωμεν.
1429 1709 1522 1762 καὶ
1554 1710 1623 1763 τὰ
1656 1711 1791 1765 ἄλλα
1832 1715 2011 1767 πάντα

2110 542 2239 585 cum
2297 531 2353 586 in
2416 534 2535 603 pala
2603 539 2790 592 annuli
2846 540 3053 611 optima
3110 544 3361 612 quaedam
3420 546 3694 617 insculpta

2114 620 2289 681 forma
2322 635 2574 696 apparet,
2609 629 2788 701 sigillo
2811 631 3080 703 impressa
3112 650 3238 691 cera
3282 638 3509 692 insitum
3545 641 3694 694 scul-

2111 725 2287 786 ptura:
2325 717 2581 775 decorem
2636 722 2691 776 in
2727 738 2848 779 sese
2883 725 3166 793 transfert,
3201 736 3371 784 totam
3418 730 3689 801 signaculi

2111 805 2347 878 efﬁgiem
2379 809 2496 869 suis
2524 827 2841 883 expressam
2884 815 3131 873 referens
3179 818 3405 890 ﬁguris;
3436 837 3501 877 ac
3532 838 3693 876 neu.o

2110 897 2250 955 bene
2272 899 2605 972 dispositum
2630 911 2686 960 et
2717 904 3079 962 artiﬁciosum
3108 911 3404 980 sculptura:
3438 912 3693 968 decorem

2113 989 2365 1045 oratione
2401 990 2477 1045 ita
2517 992 2858 1064 descriptum
2905 996 3161 1053 exhibere
3186 1000 3382 1068 possit,
3417 1008 3475 1054 ut
3515 1002 3562 1057 is
3599 1001 3691 1071 qui

2111 1079 2167 1136 in
2198 1095 2325 1135 cera
2359 1080 2597 1139 efﬁctam
2637 1093 2804 1155 atque
2846 1084 3191 1141 eﬁ‘ormatam
3224 1089 3691 1158 pulchritudinem

2112 1170 2355 1225 ostendit
2390 1190 2403 1226 :
2435 1174 2625 1229 eodem
2671 1174 2838 1230 modo
2871 1176 2918 1230 si
2950 1176 3093 1232 alius
3124 1179 3344 1248 quidem
3382 1181 3527 1235 nuda
3565 1197 3691 1235 ora-

2114 1260 2263 1316 tione
2292 1264 2534 1320 celebret
2579 1266 2838 1322 virtutem
2885 1269 3159 1339 magistri,
3197 1271 3340 1327 alius
3371 1288 3504 1327 vero
3536 1289 3692 1328 suam

2112 1352 2290 1422 ipsius
2330 1354 2494 1408 vitam
2542 1355 2692 1411 illius
2732 1357 3043 1416 imitatione
3095 1369 3345 1427 exornet,
3394 1361 3689 1427 efﬁcacior,

2112 1457 2279 1512 quam
2307 1446 2489 1500 oratio
2525 1447 2803 1515 sublimis,
2854 1450 3022 1508 fuerit
3050 1469 3112 1507 ea
3152 1456 3292 1519 laus,
3332 1472 3453 1527 qua:
3478 1472 3575 1527 per
3608 1459 3691 1511 vio

2114 1544 2223 1586 tam
2273 1544 2718 1605 repnrseutetur.
2769 1538 2862 1595 Sic
2901 1542 3092 1613 igitur.
3126 1545 3352 1610 fratres,
3385 1549 3552 1603 etiam
3592 1566 3690 1606 nos

2113 1624 2410 1681 sobrietate
2454 1628 2699 1682 sobrium
2738 1631 3014 1690 imitantes
3064 1634 3226 1692 factis
3264 1642 3490 1705 nostris,
3519 1641 3683 1695 virtu-

2114 1721 2229 1781 [cur
2257 1731 2357 1785 pro
2401 1717 2670 1787 dignitate
2715 1721 3024 1789 laudemus,
3061 1736 3116 1781 et
3165 1728 3352 1785 itidem
3386 1730 3441 1784 in
3481 1733 3689 1787 caeteris

427 1788 690 1852 ὡσαύτως
726 1791 786 1844 τὸ
839 1792 1024 1864 θαῦμα
1066 1795 1159 1848 τοῦ
1204 1798 1369 1866 σοφοῦ
1405 1802 1461 1853 ἐν
1503 1803 1567 1873 τῇ
1624 1803 1881 1875 μετουσίᾳ
1911 1805 2007 1872 τῆς

2112 1808 2370 1863 omnibus
2428 1811 2755 1869 miraculum
2807 1818 3069 1886 sapientis
3126 1822 3547 1891 participatione
3604 1841 3688 1879 sa'

428 1881 620 1949 σοφίας
663 1884 987 1956 πληρούσθω
1007 1905 1021 1917 ·
1054 1888 1083 1939 6
1124 1888 1224 1957 τῆς
1257 1890 1642 1961 ἀκτημοσύνης
1683 1893 1922 1958 ἔπαινος,
1952 1897 2008 1948 ὲν

425 1971 503 2042 τῷ
536 1974 626 2025 καὶ
658 1976 803 2044 ἡμᾶς
836 1978 1086 2044 γενέσθαι
1124 1980 1221 2049 τῆς
1256 1980 1447 2051 ὑλικῆς
1480 1985 1798 2054 περιουσίας
1835 1986 2008 2056 ἀκτή-

429 2078 631 2131 μονας·
678 2070 709 2135 ἡ
747 2067 1013 2137 ὑπεροψία
1056 2069 1147 2122 τοῦ
1183 2071 1385 2142 κόσμου
1418 2072 1607 2126 τούτου
1651 2074 1726 2144 μὴ
1770 2075 2009 2144 λεγέσθω

429 2146 609 2215 μόνον,
633 2150 711 2203 ὅτι
738 2153 862 2223 ¹ἐστί
886 2171 969 2217 τις
993 2156 1252 2228 ἐπαινετὴ
1277 2160 1372 2213 καὶ
1399 2160 1643 2227 ἐπίδοξος
1664 2179 1677 2192 ·
1711 2162 1847 2217 ἀλλὰ
1877 2165 2010 2236 μάρ-

424 2252 519 2298 τυς
548 2239 646 2308 τῆς
686 2241 983 2313 ὑπεροψίας
1009 2245 1117 2299 τῶν
1160 2247 1302 2301 κατὰ
1329 2248 1417 2301 τὸν
1453 2251 1657 2320 κόσμον
1708 2251 2006 2316 σπουδαζο-

427 2329 603 2398 μέιεων
636 2334 663 2383 6
686 2331 798 2402 βίος
825 2333 981 2389 ἔστω.
1006 2337 1097 2408 Μὴ
1119 2336 1243 2405 λέγε
1269 2338 1430 2409 μόνον
1451 2340 1533 2393 ὅτι
1557 2338 1635 2411 τῷ
1662 2340 1781 2411 Θεῷ
1803 2343 2007 2407 ἐκεῖνος

424 2421 691 2484 ἀνέκειτο,
730 2426 867 2479 ἀλλὰ
898 2428 1099 2491 ἀνάθες
1128 2432 1220 2485 καὶ
1253 2431 1316 2484 σὺ
1344 2431 1572 2486 σεαυτὸν
1592 2431 1670 2503 τῷ
1698 2433 1837 2504 Θειξὶγ
1877 2434 2004 2505 μήθ’

421 2513 503 2565 ὅτι
533 2514 694 2584 μόνον
734 2512 801 2597 ᾖν
842 2519 989 2590 αὐτῷ
1024 2520 1211 2591 κτῆμα
1246 2523 1278 2592 ἡ
1310 2522 1638 2597 ὲλπιζομένη
1673 2527 2002 2594 ἀνάπαυσις,

422 2605 557 2661 ἀλλὰ
586 2609 680 2662 καὶ
719 2610 784 2663 σὺ
814 2611 1144 2684 θησαύρισον
1178 2615 1388 2684 σεαυτῷ
1434 2616 1621 2671 τοῦτον
1651 2618 1741 2671 τὸν
1775 2618 2005 2673 πλοῦτον

420 2698 611 2771 ὥσπερ
650 2702 857 2767 ἐκεῖνος
879 2718 892 2731 '
925 2704 1102 2768 ἔξεστι
1128 2707 1269 2775 γάρ⁹
1315 2708 1613 2780 μετέθηκεν
1658 2712 1865 2776 ἐκεῖνος
1899 2712 2011 2766 ἀπὸ

421 2794 523 2863 γῆς
552 2795 632 2856 εἰς
672 2795 900 2865 οὐρανὸν
935 2796 995 2849 τὸ
1021 2798 1342 2869 πολίτευμα,
1378 2801 1607 2871 μετάθες
1630 2803 1723 2856 καὶ
1759 2804 1842 2857 σύ.
1882 2806 2005 2869 Τοῖς

420 2886 639 2949 ἀσύλοις
659 2887 751 2941 τοῦ
776 2890 1008 2960 ούρανοῦ
1039 2890 1597 2962 θησαυροφυλακείοις
1622 2896 1712 2950 τὸν
1747 2896 1877 2950 ἴδιον
1920 2899 2007 2950 ὲν-

421 2976 654 3031 απέθετο
687 2978 914 3032 πλοῦτον
932 2998 945 3011 ·
986 2980 1223 3052 μίμησαι
1249 2983 1338 3036 διὰ
1366 2984 1569 3039 τούτων
1598 2986 1690 3039 καὶ
1717 2988 1781 3041 σὺ
1810 2987 1900 3039 τὸν
1922 2986 2002 3040 δι-

419 3065 706 3121 δάσκαλον.
760 3070 1207 3140 Κατηρτισμένος
1245 3072 1354 3143 γὰρ
1386 3072 1541 3128 ἔσται
1596 3076 1845 3146 μαθητὴς
1872 3076 1947 3140 ὡς
1974 3078 2004 3130 6

419 3159 739 3222 διδάσκοι).ος
772 3160 959 3215 αὐτοῦ.
995 3162 1107 3215 Καὶ
1135 3163 1245 3234 γὰρ
1268 3164 1326 3217 ἐν
1355 3167 1468 3229 τοῖς
1493 3165 1701 3230 λοιποῖς
1726 3166 2003 3237 ἐπιτηδεύ-

423 3266 608 3319 μασιν,
636 3250 666 3301 6
700 3250 870 3321 ἰατρῷ
913 3251 1280 3323 μαθητεύσας,
1315 3255 1348 3324 ἢ
1375 3257 1684 3330 γεωμέτρῃ,
1713 3258 1745 3329 ἢ
1791 3260 2001 3330 ῥήτορι,

418 3339 798 3407 ἀναξιόπιστος
851 3343 1141 3415 ἐπαινέτης
1168 3346 1267 3417 τῆς
1309 3346 1404 3401 τοῦ
1447 3348 1769 3405 διδασκάλου
1809 3351 2002 3422 τέχνης

420 3435 731 3504 γενήσεται,
763 3437 811 3489 εί
846 3435 925 3507 τῷ
956 3438 1054 3511 μὲν
1085 3437 1228 3510 λόγῳ
1257 3439 1526 3511 θαυμάζοι
1554 3441 1648 3495 τοῦ
1687 3442 2001 3515 καθηγητοῦ

419 3525 517 3596 τὴν
560 3526 893 3598 ἐπιστήμην,
940 3530 1025 3598 ἐφ’
1060 3529 1253 3584 ἑαυτοῦ
1307 3532 1366 3585 δὲ
1399 3532 1634 3586 δεικνύοι
1692 3533 1859 3604 μηδὲν
1907 3532 2002 3586 τοῦ

419 3618 695 3690 θαύματος
718 3620 883 3686 ἄξιον.
931 3622 1077 3695 ἘρΞί
1100 3626 1207 3697 γάρ
1238 3643 1321 3688 τις
1361 3628 1499 3697 πρὸς
1527 3627 1687 3681 αὐτόν
1710 3643 1722 3655 ·
1758 3627 1883 3690 Πῶς
1908 3625 1998 3680 λέ-

414 3728 537 3778 γεις
578 3713 759 3783 ἰατρὸν
784 3714 875 3766 τὸν
907 3715 1101 3769 ἑαυτοῦ
1141 3716 1478 3785 διδάσκαλον,
1507 3720 1669 3783 αὐτὸς
1711 3719 2002 3791 ἀνιάτρευ-

416 3817 508 3864 τος
537 3800 645 3867 (Iw;
674 3803 743 3856 Ἤ
777 3804 895 3867 πῶς
939 3806 1185 3877 μαθητὴν
1217 3808 1446 3861 σεαυτὸν
1477 3807 1554 3880 τῷ
1596 3809 1887 3883 γεωμέτρῃ
1915 3808 2003 3863 λέ-

416 3906 557 3959 γεις,
591 3891 834 3963 ἀπείρως
862 3894 958 3965 τῆς
993 3895 1335 3965 γεωμετρίας
1360 3896 1532 3967 ἔχωνς
1578 3899 1718 3951 Ἀλλ’
1752 3899 1911 3962 εἴτις
1944 3900 2002 3953 ὲν

417 3970 595 4052 ἑαυτῷ
625 3981 863 4038 δείκνυσι
897 3985 997 4055 τὴν
1033 3986 1230 4057 τέχνην
1332 3988 1698 4059 ἐμαθήτευσε,
1748 3990 2003 4056 σεμνύνει

417 4074 484 4147 τῇ
520 4074 643 4127 καθ’
674 4077 864 4130 ἑαυτὸν
893 4079 1173 4152 ἐπιστήμῃ
1199 4079 1289 4133 τὸν
1327 4083 1426 4151 τῆς
1453 4082 1644 4153 τέχνης
1686 4081 2004 4153 καθηγησά-

422 4180 601 4232 μενον.
651 4165 838 4231 υῦτως
872 4169 966 4221 καὶ
1004 4170 1167 4239 ήμεῖς
1201 4170 1250 4222 oi
1282 4170 1561 4224 Βασίλειον
1592 4171 1884 4242 αὐχοῦντες
1922 4171 2001 4224 δι-

418 4251 707 4317 δάσκαλον,
753 4256 831 4326 τῷ
872 4257 971 4327 βίῳ
1002 4257 1266 4330 δείξωμεν
1303 4260 1403 4332 τὴν
1453 4261 1774 4333 μαθητείαν,
1827 4263 2003 4315 ἐκεῖνο

419 4344 715 4413 γινόμενοι,
744 4348 882 4420 ὅπερ
910 4350 1071 4403 αὐτὸν
1114 4352 1413 4422 ὀνομαστόν
1454 4369 1512 4406 τε
1555 4354 1650 4406 καὶ
1681 4354 1853 4424 μέγαν
1883 4352 2003 4423 Θεῷ

2112 1897 2330 1965 pientia:
2381 1911 2844 1969 repraesentetur:
2878 1907 2997 1963 laus
3029 1913 3390 1980 paupertatis,
3445 1928 3541 1982 per
3566 1913 3688 1981 hoc,

2110 1998 2167 2041 ut
2197 1989 2361 2043 etiam
2392 2007 2494 2048 nos
2524 1994 2925 2064 superﬂuarum
2958 2000 3283 2056 facultatum
3323 2004 3689 2059 matcrialium

2108 2088 2358 2148 expertes
2410 2083 2583 2139 simus
2628 2105 2643 2151 ;
2695 2099 3042 2162 contemptus
3105 2094 3294 2149 mundi
3360 2096 3524 2167 hujus
3581 2114 3688 2153 non

2110 2173 2273 2227 modo
2317 2175 2536 2232 dicatur
2573 2181 2718 2249 quod
2764 2183 2838 2237 sit
2892 2185 3188 2242 laudabilis
3241 2196 3404 2258 atque
3450 2188 3690 2259 gloriosa

2108 2264 2356 2334 quaedam
2395 2283 2483 2322 res
2516 2287 2528 2323 :
2563 2271 2656 2325 sed
2689 2287 2875 2330 earum
2911 2290 3121 2341 rerum,
3156 2293 3279 2348 quae
3300 2294 3397 2350 per
3425 2279 3689 2335 mundum

2110 2358 2417 2426 probantur
2464 2369 2519 2415 et
2571 2375 2933 2434 expetuntur,
2994 2369 3424 2440 contemptionis
3476 2387 3541 2427 ac
3596 2372 3688 2428 de-

2109 2448 2412 2517 spicientiae
2458 2457 2615 2511 testis
2665 2458 2739 2514 sit
2795 2459 2926 2513 vita.
2960 2457 3039 2516 Ne
3082 2460 3238 2518 dicas
3294 2462 3499 2531 solum,
3543 2464 3689 2534 quod

2110 2535 2200 2591 illc
2262 2536 2373 2594 Deo
2427 2541 2748 2609 dedicatus,
2799 2554 2855 2600 et
2904 2546 3159 2605 addictus
3205 2559 3389 2613 esset,
3444 2550 3574 2616 sed,
3630 2558 3689 2606 tu

2106 2644 2344 2700 quoque,
2387 2642 2441 2689 te
2491 2636 2667 2707 ipsum
2718 2637 2830 2694 Deo
2883 2639 3077 2696 dedica
3132 2650 3301 2713 atque
3347 2643 3529 2710 addic,
3590 2660 3690 2701 nec

2107 2722 2254 2789 quod
2302 2725 2480 2779 solum
2520 2728 2571 2783 ei
2613 2728 2817 2784 bonum
2873 2738 3039 2802 atque
3086 2733 3369 2802 possessio
3394 2744 3561 2801 esset,
3601 2750 3688 2803 ea,

2109 2826 2232 2880 quae
2269 2823 2547 2883 speratur,
2592 2819 2976 2889 requieszsed
3028 2822 3195 2877 etiam
3251 2824 3366 2894 ipse
3409 2841 3687 2897 eongrega

2108 2902 2209 2958 tibi
2257 2903 2356 2960 has
2392 2906 2638 2973 divitias,
2677 2912 3139 2981 quemadmodum
3173 2914 3283 2969 ille.
3313 2914 3465 2969 Licet
3495 2918 3641 2970 enim
3670 2935 3685 2971 :

2108 2993 2393 3048 transtulit
2442 2995 2533 3051 ille
2586 2997 2654 3053 de
2706 3007 2851 3055 terra
2899 3000 3027 3055 vitae
3088 3000 3407 3059 institutum
3470 3004 3525 3058 in
3571 3019 3687 3059 ca:-

2108 3077 2250 3145 lum,
2282 3080 2523 3137 transfer
2558 3083 2685 3138 item
2724 3095 2803 3140 tu.
2838 3085 2895 3140 In
2942 3089 3314 3145 sacrosanctis
3352 3097 3407 3145 et
3439 3106 3469 3145 a
3502 3090 3687 3146 furum

2106 3166 2313 3237 injuria
2357 3168 2490 3225 tutis
2527 3171 2652 3226 caali
2701 3172 2919 3229 aerariis
2965 3189 3097 3231 suas
3130 3174 3356 3233 divitias
3383 3177 3640 3248 deposuit
3670 3196 3684 3231 :

2106 3252 2322 3310 imitare
2364 3270 2462 3326 per
2514 3256 2631 3311 haec
2682 3258 2848 3312 etiam
2907 3267 2965 3312 tu
3014 3261 3366 3331 magistrum.
3404 3260 3693 3319 Perfectus

2104 3348 2251 3401 enim
2304 3348 2413 3405 erit
2456 3349 2795 3420 discipulus,
2840 3350 2885 3406 si
2923 3353 2995 3407 sit
3032 3353 3180 3408 sicut
3236 3355 3498 3427 magister
3544 3354 3686 3425 ejus.

2106 3436 2318 3494 Etenim
2362 3439 2417 3495 in
2455 3441 2684 3513 reliquis
2709 3457 2932 3513 quoque
2959 3442 3082 3499 vita
3109 3443 3310 3501 studiis
3345 3452 3512 3518 atque
3536 3462 3688 3503 exerv

2104 3531 2251 3588 citiis
2281 3531 2373 3601 qui
2407 3533 2608 3588 medici
2637 3532 2947 3605 discipulus
2978 3534 3103 3601 fuit,
3133 3545 3231 3592 aut
3255 3548 3567 3608 geometrae,
3592 3547 3688 3593 aut

2103 3626 2364 3691 rhetoris,
2396 3626 2657 3698 indignus
2687 3627 2777 3682 cui
2812 3627 2951 3685 ﬁdes
2976 3627 3247 3686 habeatur
3274 3630 3522 3702 magistri
3550 3632 3690 3689 artis

2102 3718 2359 3773 laudator
2401 3719 2528 3784 erit,
2580 3718 2628 3774 si
2674 3721 2927 3777 oratione
2965 3720 3183 3792 quidem
3226 3722 3512 3778 scientiam
3548 3739 3688 3794 pra;-

2104 3808 2349 3878 ceptoris
2380 3808 2726 3877 admiretur;
2765 3810 2819 3865 in
2867 3810 3053 3883 seipso
3082 3827 3216 3867 vero
3262 3811 3395 3867 nihil
3446 3815 3687 3871 admira-

2103 3898 2253 3951 tione
2277 3896 2501 3967 dignum
2527 3898 2802 3953 ostendat.
2835 3900 2988 3955 Dicet
3016 3901 3163 3956 enim
3185 3901 3389 3972 aliquis
3420 3902 3490 3956 ad
3516 3918 3640 3958 eum
3670 3923 3684 3958 :

2103 3987 2207 4053 Qui
2244 3988 2385 4044 dicis
2423 3989 2692 4044 medicum
2733 3998 2887 4045 tuum
2937 3992 3113 4051 fuisse
3163 3995 3511 4065 magistrum,
3559 4010 3686 4052 cum

2104 4077 2223 4148 ipse
2253 4079 2542 4135 medicinae
2576 4081 2806 4151 ignarus
2848 4083 2959 4138 sis?
3003 4082 3111 4137 Aut
3140 4084 3415 4154 quomodo
3444 4093 3499 4141 te
3521 4086 3689 4141 disci-

2103 4169 2289 4240 pulum
2332 4180 2624 4241 geometrae
2658 4171 2823 4237 dicis,
2866 4190 2991 4228 cum
3044 4177 3357 4245 geometriae
3398 4176 3687 4247 imperitus

2104 4263 2222 4317 sis?
2252 4260 2451 4317 Verum
2483 4263 2530 4317 si
2563 4264 2689 4334 quis
2722 4264 2774 4323 in
2806 4263 2989 4335 seipso
3022 4265 3301 4335 specimen
3330 4267 3488 4333 artis,
3519 4282 3686 4338 quam

2103 4353 2381 4418 didicerit,
2404 4354 2551 4419 edat,
2588 4370 2687 4411 sua
2726 4356 2957 4411 scientia
2993 4358 3131 4414 artis
3160 4368 3554 4431 praeceptorem
3590 4377 3686 4416 or-

420 4436 514 4489 καὶ
536 4437 842 4523 ἀνθρώποις
863 4441 1137 4514 ἐποίησεν,
1161 4445 1219 4499 ἐν
1237 4442 1459 4517 Χριστῷ
1496 4444 1670 4518 Ἰησοῦ
1703 4444 1778 4516 τῷ
1808 4444 1999 4516 Κυρίῳ

2108 4454 2198 4500 nat
2250 4454 2415 4515 atque
2462 4446 2736 4503 honestat.
2796 4445 2874 4501 Ita
2920 4449 3086 4503 etiam
3145 4465 3284 4515 nos,
3326 4452 3421 4523 qui
3483 4451 3691 4509 Basilio

420 4524 596 4594 ήμῶν,
626 4520 670 4597 ᾧ
699 4529 733 4597 ἡ
760 4528 886 4593 δόξα
921 4530 1016 4585 καὶ
1040 4532 1100 4585 τὸ
1140 4532 1362 4605 κράτος,
1391 4534 1471 4600 εἰς
1496 4535 1623 4600 τοὺς
1661 4536 1865 4600 αἰῶνας
1888 4535 1997 4591 τῶν

421 4614 652 4670 αἰώνων.
698 4618 754 4670 ’Δ
762 4620 891 4691 μήν.

2104 4536 2370 4607 magistro
2409 4552 2512 4591 nos
2531 4537 2807 4608 jactamus
2843 4547 2897 4594 ct
2935 4540 3261 4611 gloriamur,
3294 4542 3407 4597 vita
3439 4542 3690 4619 discipli-

2104 4643 2229 4683 nam
2262 4628 2620 4686 ostendamus
2654 4648 2668 4686 :
2700 4630 2767 4685 ad
2805 4631 2941 4686 illud
2977 4632 3249 4688 enitentes
3283 4641 3338 4689 et
3366 4634 3685 4697 evadentes,

421 4706 569 4777 quod
610 4707 793 4778 ipsum
837 4711 1046 4768 clarum
1096 4719 1151 4770 et
1195 4729 1454 4787 magnum
1520 4714 1632 4772 Deo
1680 4724 1842 4786 atque
1894 4715 2214 4772 hominibus
2266 4717 2414 4786 fecit,
2457 4734 2553 4791 per
2625 4719 2904 4778 Christum
2953 4719 3138 4779 Jcsum
3218 4720 3510 4779 Dominum
3587 4737 3687 4778 no-

424 4810 620 4873 strum,
651 4806 741 4863 cui
784 4805 955 4879 gloria
1002 4817 1053 4865 et
1087 4809 1375 4881 imperium
1425 4814 1481 4869 in
1515 4812 1715 4869 saecula
1753 4812 2104 4868 saeculorum.
2148 4812 2339 4870 Amen.
