4132 6356
442 345 550 403 819

1667 343 1725 396 ιι..
1767 296 2100 397 οιιιίουκῖι
2139 337 2432 397 NYSSENI

3593 337 3698 398 8‘20

1743 656 1971 742 ΤΟΥ
2042 655 2417 743 ΑΥΤΟΥ

1541 847 2596 982 ΕΓΚΩΜΙΟΝ

1241 1071 1379 1129 ΕΙΣ
1431 1074 1590 1130 ΤΟΝ
1641 1075 1885 1132 ΟΣΙΟΝ
1935 1075 2264 1133 ΠΑΤΕΡΔ
2317 1077 2547 1133 ΗΜΩΝ
2599 1074 2928 1145 ΕΦΡΔΙΜ.

1804 1401 2340 1492 EJUSDEM

1153 1613 1535 1736 VITA
1601 1615 2108 1750 ATQUE
2172 1614 3000 1731 ENCOMIUM

1291 1921 1294 1923 Δ
1337 1833 1584 1894 SANCTI
1615 1833 1872 1892 PATRIS
1906 1832 2155 1891 NtlSTlll
2197 1833 2503 1891 EPHREM
2546 1833 2710 1892 εγω
2728 1834 2826 1909 (α).

1736 2013 1891 2065 Cardo
1912 2011 2090 2064 Vussio
2116 2012 2416 2076 interprete.

529 2303 837 2362 Recond-ita
855 2302 914 2359 in
936 2302 1140 2360 divinis
1164 2302 1473 2376 Evangeliis
1497 2305 1822 2373 similitudo,
1847 2324 1935 2365 me
1956 2310 2024 2365 ad
2056 2356 2062 2373 ι

2200 2315 2354 2368 Κινεῖ
2403 2331 2471 2385 με
2500 2315 2636 2386 πρὸς
2664 2317 2762 2386 τὴν
2810 2313 3091 2389 παροῦσαν
3133 2318 3387 2373 ὑπόθεσιν
3432 2321 3466 2392 ἠ
3501 2321 3560 2374 ὲν
3589 2321 3700 2385 τοῖς

460 2396 800 2476 propositum
829 2395 1049 2452 dicendi
1073 2405 1454 2466 argumentum
1493 2398 1641 2455 serio
1677 2401 2024 2468 cohortatur,

461 2491 807 2562 linguamque
830 2487 1036 2545 silentii
1075 2486 1231 2544 freno
1254 2490 1606 2549 constriclam
1629 2490 1815 2556 solvit,
1843 2507 1908 2548 ac
1931 2507 2026 2548 co-

459 2581 786 2656 gitationum
827 2580 1054 2636 semitas
1087 2580 1235 2641 velut
1273 2580 1544 2657 spatiosos
1575 2581 1846 2654 quosdam
1879 2597 2027 2638 cam-

460 2686 561 2746 pos
593 2676 841 2740 exaequat
878 2679 1042 2739 atque
1079 2668 1344 2735 adornat,
1386 2685 1721 2740 currumque
1758 2672 2028 2729 orationis

459 2762 528 2817 ad
561 2762 663 2817 iter
699 2759 1123 2831 aggrediendum
1165 2768 1476 2834 promptum
1515 2761 1694 2818 reddit
1726 2769 1780 2818 et
1804 2763 2030 2833 expedi-

459 2861 574 2905 tum
594 2887 610 2912 ,
642 2848 772 2903 dum
807 2848 954 2903 clara
981 2863 1115 2904 voce
1149 2849 1298 2904 hisce
1325 2849 1730 2918 quodammodo
1758 2853 2031 2908 exclamat

460 2941 680 2997 verbis:
724 2937 905 3010 Neque
939 2939 1228 3003 accendunt
1265 2938 1539 2998 lucernam
1559 2981 1574 3004 ,
1603 2951 1654 2996 et
1683 2952 1884 3012 ponunt
1911 2959 2029 2998 eam

460 3030 557 3085 sub
586 3029 795 3095 modio,
825 3027 915 3083 sed
943 3043 1101 3098 super
1130 3027 1538 3096 candelabrum,
1569 3039 1626 3084 ut
1655 3030 1826 3088 luceat
1855 3033 2029 3087 omni-

461 3119 556 3172 bus
581 3119 670 3189 qui
697 3119 752 3172 in
779 3118 936 3172 domo
964 3126 1087 3173 sunt
1118 3119 1158 3172 ¹.
1194 3117 1336 3184 Quid
1362 3133 1492 3174 vero
1521 3135 1586 3174 ex
1619 3119 1689 3176 iis
1724 3121 2030 3193 intelligen-

461 3209 590 3269 dum
630 3208 729 3273 sit,
773 3208 1058 3279 subiungit
1104 3207 1337 3264 dicens:
1377 3207 1466 3263 Sic
1505 3209 1677 3270 luceat
1717 3211 1811 3273 lux
1856 3223 2032 3270 vestra

463 3318 642 3362 coram
667 3300 984 3367 hominibus,
1005 3308 1063 3353 ut
1086 3299 1294 3362 videant
1319 3316 1477 3370 opera
1498 3311 1670 3356 vestra
1693 3301 1850 3366 bona.
1879 3303 2032 3359 Nun-

463 3395 594 3470 quid
626 3393 794 3465 igitur
825 3391 1258 3462 reprehendendi
1287 3392 1481 3448 merito
1503 3394 1745 3462 erimus,
1777 3394 1824 3450 si
1860 3395 2034 3465 negli-

463 3491 653 3559 gentes
681 3492 846 3553 atque
875 3480 1059 3552 ignavi
1089 3479 1309 3555 silentio
1339 3479 1735 3538 involverimus
1766 3481 1900 3545 illud
1921 3523 1935 3547 ,
1973 3482 2030 3538 in

463 3588 576 3646 quo
599 3571 934 3628 celebrando
965 3573 1191 3641 magnos
1225 3586 1443 3631 sumere
1475 3571 1692 3630 animos
1721 3572 1841 3644 ipse
1871 3588 2030 3633 man-

2129 2404 2295 2469 θείοις
2330 2406 2680 2476 Εύαγγελίοις
2723 2408 3040 2481 παραϐολὴ,
3091 2409 3250 2481 ήτοῦ
3292 2410 3486 2482 λύχνου
3535 2429 3697 2484 μυστ-

2128 2498 2365 2566 αγωγία,
2394 2497 2489 2552 καὶ
2505 2497 2604 2569 τὴν
2620 2497 2864 2567 γλῶιτταν
2887 2499 3048 2570 κημῷ
3068 2500 3166 2569 τῆς
3185 2500 3426 2569 ἀφωνίας
3445 2500 3560 2554 λύει
3584 2501 3701 2554 δου-

2128 2587 2407 2653 λεύουσαν,
2439 2590 2536 2642 καὶ
2568 2589 2668 2654 τὰς
2685 2589 2836 2654 ὁδοὺς
2863 2591 2972 2644 τῶν
3001 2592 3306 2662 νοημάτων,
3335 2592 3411 2656 ὡς
3453 2592 3702 2664 ἱππηλά-

2129 2695 2254 2743 τους
2279 2679 2498 2751 τρίϐους
2526 2681 2900 2752 προομαλίζει,
2930 2682 3024 2735 καὶ
3063 2683 3124 2736 τὸ
3159 2684 3251 2736 τοῦ
3285 2683 3444 2751 λόγου
3485 2683 3700 2736 πολυει-

2129 2769 2383 2824 δέστατον
2403 2771 2555 2842 ἅρμα
2573 2773 2665 2826 ἐπὶ
2680 2771 2954 2844 λεωφόρον
2969 2774 3182 2844 τρέχειν
3196 2774 3311 2828 ὁδὸν
3332 2773 3700 2845 ὲτοιμάζεται,

2129 2853 2234 2916 ὧδέ
2267 2879 2342 2932 πη
2391 2861 2726 2934 διαπρυσίως
2761 2861 2972 2932 βοῶσα·
3029 2866 3110 2918 Οὐ
3164 2869 3404 2919 καίουσι
3448 2866 3701 2934 λύχνον,

2132 2951 2232 3006 καὶ
2261 2951 2529 3006 τιθέασιν
2561 2952 2680 3008 ὑπὸ
2731 2952 2838 3006 τὸν
2861 2953 3093 3022 μόδιον,
3143 2954 3280 3009 ἀλλ’
3320 2955 3419 3009 ἐπὶ
3452 2954 3568 3022 τὴν
3592 2958 3702 3009 .lv-

2131 3044 2331 3112 χνίαν,
2366 3043 2466 3096 καὶ
2490 3041 2711 3112 λάμπει
2746 3041 2896 3098 πᾶσι
2933 3043 3060 3110 τοῖς
3085 3044 3158 3098 ἐν
3180 3043 3257 3113 τῇ
3291 3044 3466 3112 οἰκίᾳ.
3509 3045 3616 3097 Καὶ
3642 3043 3703 3097 τὸ

2132 3135 2198 3188 ἐκ
2221 3134 2413 3188 τούτου
2443 3135 2502 3188 ὲν
2538 3133 2689 3204 βάθει
2721 3133 3008 3205 νοούμενον
3055 3135 3249 3204 ἐπάγει
3291 3134 3558 3204 λέγουσα·
3589 3134 3702 3188 Οὕ-

2133 3241 2246 3290 τως
2275 3223 2565 3294 λαμψὰτω
2605 3223 2670 3278 τὸ
2699 3223 2825 3293 φῶς
2869 3223 3036 3294 ὑμῶν
3075 3225 3414 3295 ἔμπροσθεν
3443 3223 3561 3279 τῶν
3603 3225 3706 3280 ἁν-

2135 3312 2383 3382 θρώπων
2402 3353 2417 3377 ,
2445 3312 2605 3380 ὅπως
2634 3313 2804 3370 ιδωσι
2836 3314 2909 3368 τὰ
2937 3313 3092 3368 καλὰ
3121 3313 3265 3383 ἔργα
3287 3311 3473 3383 ὑμῶν.
3505 3313 3618 3367 Ούκ
3639 3311 3705 3366 ἂν

2133 3403 2380 3457 ὑπαίτιον
2402 3405 2530 3473 γοῦν
2551 3404 3012 3473 ὲγκαλύπτεσθαι,
3041 3405 3134 3462 καὶ
3158 3404 3380 3476 δειλιᾷν,
3409 3406 3466 3457 ὲν
3499 3398 3581 3468 οἷς
3613 3403 3708 3457 αύ-

2133 3493 2224 3556 τδς
2264 3495 2293 3547 ό
2338 3493 2612 3565 Δεσπότης
2660 3493 2879 3565 θαρρεῖν
2923 3491 3351 3566 παρηγγύησενς
3408 3495 3503 3557 Ὃς
3548 3492 3708 3548 οἱονεὶ

2135 3583 2365 3656 φαιδρὰν
2400 3582 2614 3653 καὶτῆς
2651 3581 2881 3654 ἡλιακῆς
2917 3583 3302 3654 λαμπροτέραν
3328 3582 3540 3652 άνάψας
3565 3582 3708 3654 λαμ*

463 3665 615 3720 davit
644 3661 956 3719 Dominus?
989 3661 1127 3716 Cum
1157 3661 1304 3717 enim
1337 3662 1513 3717 sancti
1548 3661 1714 3732 hujus
1747 3661 1926 3725 Patris
1953 3664 2035 3718 vi.-

2139 3654 2300 3737 πάδα,
2323 3673 2421 3744 τὴν
2461 3672 2556 3726 τοῦ
2593 3673 2952 3744 προκειμένου
2997 3673 3141 3727 θείου
3193 3672 3401 3746 Πατρὸς
3428 3673 3588 3743 ἡμῶν
3627 3673 3708 3736 εἰς

465 3767 574 3810 tam
615 3763 877 3825 tauquam
915 3753 1186 3810 illustrem
1225 3769 1290 3809 ac
1328 3754 1445 3810 sole
1480 3754 1907 3828 splendidiorem
1952 3755 2036 3820 fa-

465 3864 583 3904 cem
623 3846 742 3902 orbi
782 3844 1132 3911 accenderit,
1173 3846 1664 3919 exponendamque
1704 3847 1864 3903 nobis
1904 3863 2036 3923 pro-

465 3938 753 4018 posuerit,
787 3953 892 3993 non
926 3935 1065 4002 fert,
1095 3944 1155 3991 ut
1185 3936 1333 4000 illam
1365 3937 1585 3992 silentio
1621 3944 2033 4007 praetereuntes,

466 4031 572 4087 sub
611 4029 795 4090 modio
831 4028 1174 4084 occultemus
1207 4046 1220 4082 :
1261 4043 1452 4083 verum
1494 4027 1548 4082 in
1590 4027 1810 4084 sublimi
1852 4030 2037 4100 potius

463 4119 725 4177 Ecclesia:
753 4121 958 4184 vertice
989 4132 1340 4198 reponamus,
1367 4129 1427 4174 ut
1459 4120 1677 4175 cunctis
1705 4119 1918 4175 eluceat
1941 4119 2036 4189 qui

466 4213 522 4274 in
563 4212 666 4268 hac
703 4211 874 4271 totius
912 4209 1064 4266 orbis
1105 4217 1376 4265 terrarum
1414 4219 1706 4267 versantur
1739 4211 1941 4271 domo:
1983 4217 2037 4266 et

465 4303 560 4382 qui
610 4317 678 4358 ex
721 4302 813 4357 illa
868 4301 1050 4359 lumen
1111 4301 1456 4372 acceperint,
1503 4302 1782 4364 cmlestem
1822 4300 2036 4358 Patrem

465 4393 769 4470 gloriﬁcent
789 4433 804 4458 ,
835 4401 999 4475 atque
1027 4390 1360 4450 collaudent.

536 4483 904 4550 Quamobrem
938 4496 1046 4537 non
1075 4482 1156 4537 sic
1188 4488 1474 4552 paternum
1504 4480 1653 4538 illius
1683 4483 2034 4540 metuendum

465 4582 552 4642 est
587 4572 868 4628 vinculum
895 4613 909 4634 ,
952 4581 1013 4627 ut
1053 4571 1229 4648 ipsius
1268 4569 1485 4626 Domini
1526 4571 1841 4627 mandatum
1882 4589 2037 4646 sper-

465 4671 672 4722 natur:
709 4663 841 4743 quin
880 4663 1045 4717 etiam
1081 4662 1255 4744 ipsius
1289 4661 1622 4724 laudationis
1658 4663 1871 4718 initium
1909 4665 2036 4720 inde

465 4753 790 4826 capiendum
816 4753 950 4816 fuit,
977 4752 1193 4808 tametsi
1222 4753 1277 4807 in
1297 4762 1598 4809 extremam
1624 4755 1889 4812 orationis
1913 4771 2038 4827 par—

465 4855 575 4903 tem
615 4863 716 4903 nos
755 4847 900 4902 istud
931 4845 1301 4915 rejecerimus.
1336 4843 1469 4900 Rem
1503 4845 1649 4900 enim
1681 4846 1854 4916 ipsam
1890 4855 2036 4905 recte

467 4939 781 5011 iaspicienti
805 4979 822 5005 ,
849 4938 983 4994 illud
1009 4938 1152 4992 haud
1187 4952 1416 5008 prorsus
1447 4937 1693 4992 videatur
1723 4939 1998 4994 vinculum
2019 4982 2034 5005 ,

2135 3767 2384 3838 διήγησιν
2438 3766 2750 3832 πολιτείαν,
2805 3765 2902 3837 ούχ
2930 3765 3035 3819 ὑπὸ
3066 3765 3158 3819 τὸν
3200 3766 3297 3835 τῆς
3342 3765 3501 3834 σιγῆς
3542 3782 3709 3820 κατα-

2137 3858 2472 3932 κρύπτεσθαι
2502 3857 2705 3929 ταύτην
2741 3857 2986 3927 βούλεται
3027 3858 3238 3928 μόδιον,
3275 3857 3389 3911 ἀλλ’
3430 3856 3544 3911 άνω
3576 3873 3709 3926 προ-

2138 3947 2348 4008 κεῖσθαι
2397 3949 2483 4000 ἐπ’
2525 3948 2696 4018 αὐτῆς
2743 3947 2840 4018 τῆς
2900 3946 3392 4016 Ἐκκλησιαστικῆς
3442 3944 3706 4016 κορυφῆς,

2135 4040 2276 4094 ὥστε
2306 4040 2514 4110 φαίνειν
2541 4042 2674 4098 πᾶσι
2697 4042 2808 4103 τοῖς
2836 4040 2894 4093 ὲν
2927 4041 2995 4115 τῇ
3027 4039 3263 4109 κοσμικῇ
3286 4033 3712 4108 περιστρεφομέ-

2137 4149 2248 4196 νοις
2275 4131 2423 4202 οίκίᾳ
2443 4149 2456 4162 ·
2491 4132 2554 4192 ἐκ
2596 4130 2798 4200 ταύτης
2832 4147 2892 4184 τε
2919 4131 3044 4194 τοὺς
3076 4129 3316 4200 ὁρῶντας
3344 4128 3590 4202 δοξάζειν
3616 4125 3710 4181 τὸν

2139 4223 2357 4296 Πατέρα
2383 4223 2474 4277 τὸν
2507 4227 2565 4277 ἐν
2587 4224 2701 4287 τοῖς
2722 4222 2990 4293 οὐρανοῖς.

2209 4480 2324 4532 Ούκ
2351 4478 2458 4549 ἄρα
2489 4477 2580 4534 τὸν
2611 4478 2871 4549 πατρικὸν
2902 4475 3230 4548 εύλαὸητέον
3256 4477 3463 4531 ἐκείνου
3487 4476 3706 4547 δεσμὸν,

2137 4572 2220 4625 ὅτι
2244 4571 2567 4634 Δεσποτικὸς
2599 4573 2846 4624 πατεῖται
2867 4569 3065 4639 θεσμός
3091 4584 3104 4598 ·
3133 4569 3346 4640 ἀνάγκη
3371 4568 3479 4638 γὰρ
3500 4567 3711 4622 ἐκεῖθεν

2138 4662 2248 4718 τῶν
2275 4662 2509 4716 ἐπαίνων
2541 4661 2724 4718 λαϐεῖν
2750 4659 2848 4724 τὰς
2869 4661 3060 4730 ἀρχάς,
3086 4659 3188 4714 κᾶν
3222 4663 3255 4730 ὴ
3285 4659 3379 4714 νῦν
3399 4659 3708 4730 παράληψις

2138 4757 2204 4829 τῇ
2228 4754 2376 4808 θέσει
2421 4753 2648 4815 κατόπιν
2679 4751 2790 4806 τῶν
2823 4752 3115 4827 ἐγκωμίων
3152 4751 3481 4828 ἀφώρισται.
3525 4749 3706 4803 Ἐπει-

2139 4845 2314 4916 δήπερ
2344 4841 2420 4914 τῷ
2459 4844 2639 4908 καλῶς
2670 4843 2966 4914 διακρίνειν
2992 4846 3154 4900 εἰδότι
3190 4845 3260 4900 τὰ
3300 4845 3619 4916 πράγματα,
3647 4843 3707 4896 ού

2139 4933 2335 5004 δεσμὸς
2360 4935 2566 4997 ἐκεῖνος
2588 4933 2793 5001 ἁπλῶς,
2819 4935 3097 5007 άπείργων
3119 4935 3414 5006 ἐγκωμίοις
3441 4932 3708 4988 καταστέκ

467 5031 616 5103 quod
649 5031 947 5089 humanam
976 5029 1204 5101 gloriam
1228 5039 1568 5086 aversantem
1597 5037 1741 5084 vetet
1769 5045 2039 5089 exornare

2141 5043 2261 5095 φειν
2295 5026 2393 5096 τὴν
2441 5025 2787 5098 ἀνθρωπίνην
2828 5004 2985 5092 δόξαν
3023 5004 3532 5098 ἀποστρεφόμενον·
3574 5023 3709 5079 an:

465 5120 756 5177 laudibus:
792 5128 887 5175 aut
916 5134 1051 5176 sane
1077 5118 1358 5176 vinculum
1390 5118 1456 5173 ad
1489 5119 1811 5174 solvendum
1842 5120 2004 5176 facile
2025 5163 2039 5188 ,

467 5210 843 5280 obligatioque
878 5207 1190 5278 ejusmodi,
1229 5224 1352 5278 quae
1386 5207 1452 5262 ad
1494 5209 1596 5263 hoc
1639 5210 1815 5280 ipsum
1856 5212 2042 5282 potius

467 5302 837 5372 praestandum
877 5301 1125 5372 impellat
1156 5309 1424 5356 amantes.
1458 5299 1593 5354 Nam
1625 5317 1690 5361 ex
1725 5303 1926 5373 quibus
1953 5303 2044 5359 ille

467 5389 658 5454 laudes
686 5405 745 5446 se
776 5390 1109 5445 evitaturum
1138 5390 1439 5445 arbitratus
1468 5399 1582 5456 est,
1618 5391 1897 5448 interdicti
1923 5395 2043 5449 vin-

543 5524 558 5555 '
601 5523 788 5581 Matth.
831 5539 885 5588 v,
921 5523 1016 5590 l5,
1052 5523 1156 5591 16;
1191 5523 1325 5580 Luc.
1350 5539 1480 5589 vm,
1525 5523 1609 5578 l6.

2137 5118 2335 5188 δεσμὸς
2387 5117 2643 5187 άδεσμος,
2696 5118 2790 5172 καὶ
2834 5119 3037 5190 κατοχὴ
3078 5118 3400 5183 ἀκάθεκτος,
3453 5116 3591 5188 πρὸς
3646 5115 3709 5168 τὸ

2137 5210 2378 5270 ἐναντίον
2398 5210 2524 5272 τοὺς
2546 5209 2784 5282 ἐραστὰς
2811 5210 3141 5270 συνωθοῦσα.
3163 5209 3241 5262 Δι’
3267 5202 3343 5263 ὧν
3363 5208 3474 5280 γὰρ
3501 5209 3708 5271 ἐκεῖνος

2135 5303 2263 5365 τοὺς
2301 5303 2602 5374 ἡμετέρους
2652 5305 2912 5372 ἐκφυγεῖν
2953 5302 3204 5366 ἐπαίνους
3249 5300 3704 5371 κατεστοχάσατο,

2137 5395 2322 5467 δεσμῷ
2343 5396 2443 5466 τὴν
2475 5396 2788 5469 ἐγχείρησιν
2807 5393 3179 5466 ἀποτειχίσας,
3201 5391 3292 5447 διὰ
3318 5391 3524 5447 τούτων
3547 5389 3708 5464 ἡμεῖς

543 5682 622 5760 (1)
684 5681 1194 5761 flaucorationem
1237 5682 1444 5743 frustra
1489 5683 1656 5754 aliqui
1729 5693 1785 5738 ut
1829 5682 2050 5745 dubiam
2074 5683 2427 5756 habuerunt;
2486 5685 2560 5742 cf.
2612 5685 2898 5743 Assemaui
2950 5689 3164 5761 t’ro.eg.
3209 5687 3264 5742 in
3298 5695 3427 5742 tom.
3488 5684 3529 5753 I,
3578 5694 3705 5756 opp.

469 5751 644 5818 Grilli}.
683 5752 739 5814 S.
773 5751 1040 5824 Ephracm,
