4132 6356
375 324 478 384 821
1448 314 1537 370 DE
1574 313 1733 371 VITA
1774 311 1836 373 S.
1878 311 1972 367 PA‘

2071 310 2128 366 lS
2164 306 2478 363 ΕΡΗΒΑΞΜ
2518 304 2696 360 SYRI.
3528 293 3633 349 8‘22

380 440 477 504 τὰς
518 434 767 509 ἀφορμὰς
799 434 910 488 τῶν
943 432 1234 505 ἐγκωμίων
1274 430 1645 503 λαμϐάνομεν.
1689 430 1959 484 Ἕκαστον

2071 427 2186 481 culo
2214 432 2436 480 nostros
2467 429 2702 477 conatus
2736 418 3065 475 subvertens
3096 423 3262 485 atque
3297 413 3633 482 impediens,

385 530 484 599 μὲν
506 504 599 581 οὖν
629 504 795 581 αῦτοῦ
847 524 1226 595 πλεονέκτημα
1276 522 1413 594 πρὸς
1443 521 1697 594 ἀφορμὴν
1735 521 1956 573 ἐπαίνου

2071 533 2123 574 ea
2173 519 2333 573 nobis
2377 517 2495 586 ipsa
2543 514 2799 569 laudandi
2853 511 3203 568 occasionem
3262 504 3632 576 suppeditant.

381 620 609 686 τελείου,
645 618 879 691 μάλιστα
901 618 959 671 δέ
985 618 1047 671 τὸ
1075 616 1150 689 μὴ
1176 616 1387 688 χαίρειν
1416 614 1640 684 ἐπαίνῳ.
1680 611 1960 666 Ἐϐούλετο

382 712 493 783 γάρ
513 712 574 765 οὑ
606 711 803 774 δοκεῖν,
836 710 950 763 ἀλλ’
974 704 1113 762 εἶναι
1143 706 1397 779 χρηστός.
1422 706 1500 758 Δι’
1522 703 1653 759 αὐτὸ
1672 702 1960 774 τοιγαροῦν

384 807 479 861 καὶ
511 805 691 877 μόνον,
718 804 823 857 κᾶν
858 802 1023 873 μηδὲν
1066 801 1255 870 ἕτερον
1296 798 1445 864 ἀξιον
1475 797 1758 869 πέπραχεν
1804 795 1963 849 ἐπαί-

384 917 511 963 νων,
563 894 1005 970 ἐγκωμιάζεσθαι
1049 892 1291 957 δίκαιον,
1326 891 1409 945 ὄτι
1456 890 1709 944 τοσοῦτον
1751 888 1962 961 χαίρειν

382 986 506 1042 εἷπε
539 990 652 1052 τοῖς
698 985 1017 1057 ἐγκωμίοις,
1045 984 1121 1047 ὡς
1162 982 1256 1035 καὶ
1285 979 1469 1051 δεσμῷ
1517 978 1819 1050 σφραγίσαι
1864 976 1962 1047 τὴν

386 1083 474 1136 ἐπ’
495 1082 678 1144 αὐτοῖς
707 1078 1043 1148 ἐπιτίμησιν.
1091 1076 1255 1144 Ἡμῖν
1286 1073 1343 1127 δὲ
1369 1072 1526 1126 τοῦτο
1569 1070 1783 1141 πρῶτον
1815 1068 1963 1123 ἀνοί-

385 1190 472 1242 γει
504 1172 600 1228 τοῦ
626 1172 782 1241 λόγου
808 1170 869 1223 τὸ
897 1168 1107 1223 στάδιον
1127 1207 1142 1230 ,
1181 1166 1275 1221 καὶ
1300 1164 1637 1235 πληροφορεῖ
1660 1161 1735 1232 μὴ
1761 1160 1963 1230 βαίνειν

386 1266 665 1329 ἀσκόπως,
704 1263 839 1334 μηδὲ
884 1263 1025 1319 κατᾶ
1054 1259 1300 1332 κρημνοῦ
1327 1255 1609 1327 φέρεσθαι,
1643 1254 1780 1315 ἀλλά
1809 1253 1963 1324 βασι-

387 1355 542 1426 λικὴν
566 1355 771 1408 ὁδεύειν
800 1353 936 1418 ὁδὸν,
970 1350 1149 1413 καλῶς
1172 1346 1670 1419 ἀναλογιζομένοις,
1697 1347 1885 1416 ὅτιπερ
1915 1347 1964 1398 εί

391 1447 467 1518 μὴ
493 1447 644 1513 ἀξιον
682 1446 917 1499 ἐπαίνων
949 1443 1140 1497 ἑαυτὸν
1167 1443 1196 1495 6
1234 1439 1536 1511 θαυμάσιος
1558 1437 1660 1506 τοῦ,
1682 1437 1818 1492 Θεοῦ
1848 1454 1967 1489 συν-

387 1540 556 1610 εώρα,
604 1538 703 1591 οὐκ
737 1538 803 1593 ἂν
845 1537 1112 1606 εὐφημεῖν
1158 1535 1321 1590 αὑτὸν
1353 1535 1585 1604 ἀπεῖργε
1614 1533 1740 1595 τοὺς
1784 1530 1967 1584 θέλον-

388 1647 506 1693 τας.
535 1629 724 1689 Οὐδεὶς
755 1626 864 1699 γὰρ
910 1627 986 1697 μὴ
1021 1623 1451 1696 θαυμαζόμενος,
1483 1623 1564 1676 ἔτι
1606 1620 1832 1696 περιὼν,
1874 1622 1966 1674 ἐπὶ

393 1719 672 1789 μεγίστοις
699 1718 1136 1788 πλεονεκτήμασι
1175 1717 1463 1787 παρεγγυᾷ
1509 1716 1621 1777 τοῖς
1649 1713 1963 1784 μετέπειτα,

2060 609 2196 663 Cum
2226 609 2371 663 enim
2423 607 2649 677 singulae
2701 604 2976 674 praeclara!
3028 601 3197 657 animi
3253 601 3428 669 ipsius
3478 596 3638 651 dotes

2063 698 2287 752 uberem
2340 696 2407 751 ad
2453 694 2787 749 laudandum
2836 693 3118 747 materiam
3164 690 3485 751 exhibeant,
3522 696 3636 741 tum

2063 788 2198 843 illud
2227 803 2351 844 cum
2384 786 2614 857 primis,
2666 784 2816 856 quod
2871 782 3124 838 laudibus
3182 796 3294 835 non
3346 777 3634 833 aliciatur.

2062 880 2297 953 Optabat
2322 882 2522 951 quippe
2553 894 2663 933 non
2701 877 2906 940 videri,
2940 874 3037 931 sed
3066 874 3244 930 bonus
3282 873 3462 944 pOtius
3492 884 3634 925 esse.
3678 904 3683 911 -

2063 974 2141 1028 Ex
2176 989 2285 1043 quo
2315 972 2534 1042 quidem
2567 970 2653 1025 vel
2700 969 2855 1031 solo,
2915 966 3045 1021 licet
3090 962 3271 1036 aliud
3299 962 3437 1017 nihil
3480 959 3641 1015 laude

2062 1067 2289 1137 dignum
2341 1063 2714 1134 praestitisset,
2758 1058 3054 1115 collaudari
3107 1055 3356 1127 profecto
3401 1067 3643 1107 merere-t

2064 1171 2193 1215 tur:
2230 1158 2369 1213 adeo
2402 1156 2549 1211 enim
2586 1153 2845 1208 laudibus
2878 1166 2938 1207 se
2965 1147 3227 1205 delectari
3263 1146 3464 1207 aiebat,
3493 1152 3554 1198 ut
3573 1158 3643 1198 eo

2065 1252 2286 1308 vinculo
2340 1247 2796 1318 vituperationem
2844 1258 2907 1298 ex
2963 1241 3071 1297 illis
3127 1247 3440 1295 manantem
3489 1236 3645 1291 ohsi-v.

2066 1359 2237 1416 guare
2276 1340 2530 1395 maluerit
2568 1345 2732 1407 atque
2774 1336 2999 1391 evitare.
3041 1332 3191 1387 Istud
3235 1344 3364 1386 vero
3405 1328 3641 1399 primum

2065 1445 2267 1492 nostra:
2318 1431 2552 1488 orationi
2606 1429 2845 1485 stadium
2888 1425 3100 1496 aperit,
3146 1430 3200 1479 et
3243 1422 3390 1477 clare
3443 1428 3656 1473 metam.

2065 1527 2345 1590 ostendit,
2383 1524 2449 1578 ad
2481 1537 2644 1593 quam
2684 1522 2921 1591 dirigere
2967 1532 3191 1572 cursum
3236 1520 3520 1584 oporteat:
3574 1522 3654 1562 ne

2067 1629 2274 1675 temere
2307 1614 2723 1688 progredientes
2761 1613 3001 1665 feraumr
3037 1606 3374 1679 praecipites,
3411 1601 3507 1658 sed
3545 1615 3642 1670 per
3672 1644 3675 1647 λ

2067 1714 2214 1766 viam
2260 1710 2579 1765 incedentes
2632 1705 2868 1775 regiam,
2900 1701 3314 1757 consideremus
3366 1694 3647 1750 admiran-

388 1784 556 1881 λήθης
596 1808 848 1879 πτώματι
888 1784 1221 1879 τὴνῃέαυτοῦ
1257 1784 1498 1878 *μνήμην
1544 1803 1962 1878 παραφανίζειν.

2071 1805 2197 1859 dum
2231 1802 2383 1857 illum
2420 1798 2514 1852 Dei
2556 1797 2730 1851 virum
2773 1792 3177 1864 prohibiturum
3217 1804 3327 1844 non
3369 1786 3537 1842 fuisse
3575 1800 3644 1838 ne

392 1899 536 1970 Πρὸς
557 1900 621 1972 δὴ
658 1900 867 1965 τούτοις
897 1900 1014 1954 ἔστι
1050 1902 1145 1954 καὶ
1170 1899 1328 1953 τοῦτο
1372 1901 1578 1953 εἰπεῖν·
1609 1900 1691 1953 ὅτι
1717 1899 1968 1968 καθάπερ

391 1992 603 2056 Παῦλος
627 1995 656 2046 6
684 1994 867 2066 ῥήτωρ
886 1993 985 2062 τῆς
1006 1993 1246 2063 χάριτος,
1270 1993 1298 2045 6
1321 2011 1383 2046 νυ
1392 1992 1688 2060 μφοστόλος
1706 1991 1806 2062 τῆς
1844 1992 1964 2045 Ἑκ-

391 2082 640 2154 κλησίας,
670 2084 730 2137 τὺ
758 2084 849 2138 τοῦ
876 2083 1111 2156 Χριστοῦ
1144 2085 1336 2154 στόμα,
1370 2084 1469 2137 οὐκ
1500 2083 1748 2137 ἀπώλεσε
1778 2082 1840 2136 τὸ
1870 2100 1971 2136 κα-

389 2173 595 2226 λεῖσθαι
642 2174 980 2239 Ἀπόστολος,
1021 2175 1110 2229 διὰ
1147 2174 1210 2228 τὸ
1258 2177 1453 2240 εἰπεῖν,
1488 2177 1611 2229 οὐκ
1641 2175 1756 2243 εἰμὶ
1802 2174 1972 2241 ἄξιος

390 2265 703 2320 καλεῖσθαι
741 2268 1139 2333 Ἀπόστολοςο
1180 2267 1381 2337 μᾶλλον
1430 2266 1529 2337 μὲν
1558 2262 1650 2320 οὖν
1678 2267 1765 2321 διὰ
1806 2266 1965 2320 τοῦτο

390 2354 521 2408 αὐτὸ
549 2355 613 2408 τὸ
644 2357 1120 2428 μετριοφρονῆσαι,
1157 2358 1344 2427 μεῖζον
1385 2358 1735 2428 ἀπηνέγκατο
1785 2358 1962 2421 κλέος.

391 2442 547 2496 Οὕτω
583 2443 647 2515 δὴ
688 2446 781 2498 καὶ
817 2447 844 2498 6
868 2445 1041 2515 μέγας
1072 2446 1261 2517 Πατὴρ
1299 2447 1479 2517 ἡμῶν,
1525 2447 1743 2512 ἀνάξιον
1777 2448 1967 2501 ἐαυτὸν

391 2536 630 2591 ἐπαίνων
678 2537 745 2591 δι’
796 2538 1080 2591 εὐλάϐειαν
1136 2538 1365 2610 κρίνας,’
1412 2538 1560 2604 ἄξιος
1612 2538 1966 2611 εὑρεθήσεται

390 2630 532 2683 κατά
557 2629 618 2682 τὸ
642 2630 955 2685 ἀκόλουθον.

2067 1902 2407 1961 laudaretur,
2448 1897 2555 1953 nisi
2598 1894 2855 1950 laudibus
2897 1906 2957 1946 se
2993 1888 3222 1961 dignum
3273 1883 3640 1956 cognovisset.

2066 1993 2204 2048 Nam
2239 1993 2461 2055 nullus,
2502 1988 2611 2044 nisi
2655 1986 2811 2041 valde
2855 1983 3085 2054 insignis
3131 1988 3298 2051 atque
3338 1974 3648 2045 suspicien-

2067 2086 2200 2150 dus,
2236 2098 2362 2139 cum
2402 2081 2584 2137 adhuc
2620 2080 2676 2133 in
2715 2080 2825 2133 vita
2868 2076 3125 2132 maximis
3164 2069 3465 2127 virtutibus
3504 2080 3657 2138 prae-.

2066 2178 2230 2234 cellat
2252 2217 2267 2241 ,
2305 2175 2627 2232 memoriam
2661 2173 2747 2230 sui
2779 2170 3057 2226 oblivione
3086 2165 3226 2237 apud
3262 2169 3513 2234 posteros
3546 2160 3644 2214 de-

2068 2270 2168 2324 leri
2199 2268 2408 2339 jubeat.
2446 2265 2514 2320 Et
2543 2261 3003 2336 quemadmodum
3045 2259 3248 2314 Paulus
3268 2242 3289 2321 ,λ
3320 2252 3661 2326 praedicator

2071 2360 2298 2431 gratiae,
2332 2374 2540 2429 auspex
2579 2355 2867 2419 Ecclesiae,
2904 2368 2967 2408 os
3001 2350 3247 2412 Christi,
3300 2346 3427 2401 licet
3472 2345 3540 2399 de
3588 2359 3649 2399 se

2073 2453 2193 2522 ipse
2223 2452 2425 2508 dixerit
2454 2468 2467 2505 :
2518 2447 2641 2504 Non
2669 2465 2787 2503 sum
2822 2446 3014 2516 dignus
3050 2443 3227 2498 vocari
3273 2438 3546 2511 apostolus
3583 2439 3645 2500 ²-;

2076 2560 2185 2600 non
2220 2554 2401 2599 tamen
2437 2542 2560 2598 ideo
2591 2540 2802 2604 en‘ecit,
2833 2553 2933 2594 cur
2961 2539 3144 2593 minus
3173 2533 3454 2606 apostolus
3487 2545 3647 2587 voca-

2073 2644 2226 2691 retur
2256 2654 2269 2689 :
2305 2635 2416 2687 imo
2447 2640 2654 2703 quanto
2696 2633 2815 2700 ipse
2855 2628 3186 2685 submissius
3231 2624 3300 2680 de
3338 2639 3397 2679 se
3437 2621 3645 2684 sensit,

391 2729 547 2777 tanto
573 2725 836 2792 majorem
866 2736 1198 2783 consecutus
1224 2735 1306 2782 est
1340 2727 1593 2797 gloriam.
1623 2728 1827 2799 Sicque
1856 2746 2087 2802 magnus
2115 2737 2304 2786 uoster
2328 2728 2421 2783 hic
2468 2726 2647 2792 Pater,
2710 2725 2970 2796 quoniam
3012 2722 3312 2795 prudenter
3367 2733 3433 2773 ac
3488 2724 3650 2772 cauto

397 2816 638 2883 seipsum
666 2817 927 2875 laudibus
961 2820 1244 2891 indignum
1283 2823 1531 2886 censuit,
1572 2824 1695 2879 ideo
1722 2825 1983 2895 deinceps
2024 2826 2282 2881 laudibus
2315 2823 2581 2879 celebrari
2618 2830 2985 2891 promeretur.

476 2912 627 2964 Ἐπεὶ
657 2908 749 2968 οὖν
793 2914 1061 2986 ήμέτερος
1100 2916 1199 2986 τῆς
1232 2917 1562 2988 Ἐκκλησίας
1609 2919 1791 2989 νόμος,
1846 2923 1971 2985 τοὺς

392 3002 491 3072 τῆς
536 3004 740 3075 ἀρετῆς
773 3006 1019 3076 ζηλωτὰς
1048 3008 1113 3061 ἐκ
1144 3008 1238 3061 τοῦ
1286 3009 1489 3080 ταύτης
1520 3011 1591 3064 τά
1620 3012 1735 3082 εῐὸη
1781 3015 1973 3085 μετέρ-

395 3092 586 3162 χεσθαι
619 3096 919 3163 στεφανοῦν
946 3092 1054 3149 οἶδε
1077 3112 1095 3140 ε
1119 3097 1215 3151 καὶ
1249 3097 1451 3152 τούτων
1476 3100 1591 3153 ὅσοι
1632 3101 1866 3171 μάλιστα
1893 3103 1970 3174 τῷ
1997 3085 2039 3143 C

395 3185 636 3256 ταπεινῷ
681 3185 777 3239 τοῦ
821 3188 1165 3258 φρονήματος
1222 3189 1405 3261 μέτρῳ
1447 3194 1832 3261 πνευματικῶς
1879 3196 1972 3248 ἀν-

395 3274 719 3346 υψώθησαν,
753 3275 892 3330 κατά
927 3277 989 3330 τὸ
1024 3276 1117 3330 τοῦ
1161 3279 1367 3350 Κυρίου
1400 3283 1457 3334 ἐν
1486 3282 1838 3351 Εὑαγγελίοις
1871 3277 1974 3338 ὧδέ

398 3382 513 3429 πως
544 3367 833 3438 εἰρημένον
852 3385 865 3399 ·
905 3369 968 3423 '0
994 3369 1290 3424 ταπεινῶν
1320 3372 1537 3426 ἑαυτὸν
1562 3374 1969 3442 ὑψωθήσεται·

396 3455 501 3522 ἔξω
558 3460 834 3525 παντελῶς
894 3461 1063 3531 ψόγου
1114 3463 1210 3515 καὶ
1268 3461 1599 3535 σκώμματος
1656 3467 1749 3521 καὶ¹
1801 3469 1974 3541 αὐτῆς

394 3553 718 3622 τυγχάνουσι
768 3554 1162 3627 κατακρίσεως,
1195 3558 1244 3609 οί
1284 3558 1377 3610 τοῦ
1413 3560 1676 3631 παρόντος
1712 3560 1973 3633 θεοφόρου

396 3642 607 3714 Πατρὸς
630 3644 729 3709 τάς
758 3645 958 3714 ἀρετὰς
1002 3647 1428 3718 ἀναγράφοντες,
1464 3651 1558 3705 καὶ
1581 3647 1691 3706 οἷον
1726 3655 1804 3719 εἰς
1843 3656 1974 3727 στή-

394 3730 493 3802 λην
522 3732 760 3805 ἔμπνουν
782 3736 877 3792 καὶ
901 3735 1081 3801 ζῶσαν
1112 3737 1202 3791 τὸν
1225 3740 1435 3794 ἐκείνου
1464 3741 1579 3811 βίον
1607 3746 1740 3815 ἡμῖν
1763 3746 1976 3814 ἀνεγεί-

397 3838 599 3893 ροντες.
648 3825 756 3881 Καὶ
799 3827 908 3881 τῶν
950 3828 1399 3897 ἐπαγγελθέντων
1439 3834 1468 3885 6
1499 3834 1661 3903 σοφὸς
1698 3836 1974 3909 ἀκροατὴς

394 3912 587 3984 ἐπόψει
631 3917 693 3969 τὸ
728 3916 979 3987 ἀψευδὲς,
1015 3920 1246 3976 κατόπιν
1282 3921 1377 3975 τοῦ
1403 3923 1563 3993 λόγου
1589 3925 1689 3990 τὰς
1725 3928 1975 3993 ποικίλας

396 4004 561 4058 αὐτοῦ
581 4006 690 4061 τῶν
716 4009 927 4081 ἀρετῶν
956 4011 1100 4076 ίδέας
1114 4013 1528 4085 ἀναλεγόμενος,
1555 4008 1630 4070 ὧν
1657 4019 1819 4089 ἡμεῖς
1845 4020 1976 4074 καθ-

398 4098 542 4168 ἀπερ
574 4098 670 4153 ἕνα
707 4101 828 4155 τινά
864 4104 1295 4176 χρυσοκόλλητον
1339 4106 1624 4177 στέφανον,
1656 4111 1975 4182 πολυτίμοις

399 4188 492 4240 καὶ
534 4188 810 4263 διαφόροις
856 4195 1308 4268 περιηνθισμένον
1348 4205 1856 4271 χρυσουργήσαντες
1892 4202 1975 4255 λί-

396 4281 532 4346 θοις,
548 4286 613 4355 τῇ
638 4285 825 4358 νύμφῃ
851 4288 1086 4359 Χριστοῦ
1124 4290 1418 4364 Ἐκκλησία
1443 4293 1614 4364 δῶρον
1644 4293 1975 4366 ποθούμενον

398 4376 873 4486 προσκομίσομενο
918 4380 1099 4451 χαίρει
1131 4382 1242 4454 γάρ
1271 4385 1384 4447 τοῖς
1425 4383 1687 4448 τοιούτοις
1720 4384 1976 4457 φιλοφρο-
2004 4425 2053 4486 D

398 4464 606 4520 νεῖσθαι
648 4470 999 4541 χαρίσμασιν,
1043 4475 1133 4527 ὅτε
1184 4475 1372 4545 μνήμη
1402 4474 1626 4529 δικαίων
1672 4476 1975 4548 ἀπαντήσει

397 4558 634 4629 ἐτήσιος.
692 4561 931 4634 Ἐφραίμ
979 4564 1036 4617 δὲ
1078 4565 1173 4619 νῦν
1220 4568 1300 4631 είς
1340 4566 1618 4639 εὐφημίαν
1668 4569 1975 4640 περιήγαγε

397 4649 607 4722 τρέχων
650 4652 681 4704 6
712 4654 902 4723 χρόνος
922 4669 938 4686 ο
972 4656 1070 4708 καὶ
1097 4657 1214 4722 πῶς
1242 4659 1303 4712 οὐ
1346 4659 1657 4731 περιχαρῶς
1695 4659 1755 4713 τὸ
1782 4660 1974 4714 τούτου

403 4744 749 4815 μνημόσυνον
781 4747 1124 4815 ὑποδέξεταις

479 5015 720 5088 Ἐφραῖμ
745 5018 970 5083 ἐκεῖνον,
994 5019 1085 5072 τὸν
1118 5020 1177 5073 ἐν
1210 5021 1342 5075 πᾶσι
1369 5022 1708 5093 Χριστιανῶν
1740 5038 1972 5093 περιφε-

399 5106 627 5178 ρόμενον
652 5107 935 5179 στόμασιν»
973 5108 1210 5180 Ἐφραῒμ
1240 5109 1383 5179 λέγω
1415 5111 1505 5165 τὸν
1537 5110 1707 5182 Σύρον
1730 5128 1745 5143 ο
1771 5111 1833 5164 οὐ
1863 5111 1973 5183 γάρ

394 5197 461 5249 τὸ
485 5197 641 5266 γένος
685 5200 1105 5271 ἐπαισχύνομαι,
1136 5194 1198 5255 οὗ
1233 5204 1345 5266 τοῖς
1385 5203 1606 5273 τρόποις
1634 5202 1973 5272 ἐγκαλλωπί-

2147 2921 2283 2975 Cum
2314 2934 2445 2990 ergo
2473 2933 2535 2971 ea
2564 2916 2820 2972 Ecclesia:
2855 2923 3059 2970 nostra:
3088 2910 3429 2967 consuetudo
3464 2910 3535 2965 sit
3564 2917 3673 2962 at»

2077 3029 2184 3085 que
2232 3013 2578 3077 institutum,
2638 3021 2696 3065 ut
2756 3009 2975 3064 virtutis
3031 3008 3307 3069 cultores,
3364 3011 3659 3073 propterea

2073 3104 2220 3175 quod
2251 3104 2371 3175 ejus
2408 3112 2596 3175 partes
2629 3102 2864 3173 amplexi
2897 3101 3010 3155 sint
3032 3139 3047 3161 ,
3076 3104 3451 3163 coronentur;
3486 3102 3666 3164 atque.

2078 3195 2155 3249 illi
2192 3196 2533 3265 potissimum
2557 3235 2570 3259 ,
2603 3194 2696 3263 qui
2735 3194 2805 3248 ob
2838 3192 3099 3247 humilem
3137 3190 3204 3244 de
3235 3188 3432 3259 seipsis
3461 3187 3653 3242 existi—

2077 3288 2372 3342 mationem
2416 3287 2615 3357 spiritu
2659 3285 2921 3341 sublimes
2952 3283 3271 3348 evaserint;
3306 3298 3429 3337 cum
3473 3280 3649 3349 ipsum

2075 3378 2222 3433 dicat
2270 3376 2665 3447 Evangelium:
2700 3375 2805 3441 Qui
2856 3391 2910 3428 se
2962 3373 3245 3438 humiliut,
3281 3371 3609 3427 exaltabitur
3632 3384 3657 3427 :.

2075 3469 2220 3524 haud
2266 3483 2540 3539 quaquam
2590 3482 2723 3524 sane
2768 3464 3154 3535 vituperandi,
3218 3467 3299 3519 vel
3349 3462 3648 3518 irridendi.

2077 3570 2174 3616 aut
2210 3559 2639 3631 reprehendendi
2696 3567 2852 3620 sunt,
2887 3557 2982 3628 qui
3031 3556 3208 3612 sancti
3260 3554 3425 3624 hujus
3471 3552 3652 3607 Patris

2075 3654 2310 3708 virtutes
2342 3659 2508 3721 atque
2540 3651 2790 3704 eneomia
2825 3649 3205 3705 describentes
3226 3689 3242 3714 ,
3277 3648 3454 3717 ipsius
3490 3645 3651 3699 nobis

2075 3747 2243 3800 vitam
2279 3754 2539 3814 tanquam
2581 3744 2883 3813 spirantem
2909 3780 2924 3803 ,
2960 3749 3014 3796 et
3060 3741 3357 3794 auimatam
3409 3739 3648 3806 aliquam

2074 3837 2385 3892 columnam
2435 3835 2672 3905 erigunt.
2716 3835 2848 3900 Quae
2891 3849 3019 3889 vero
3057 3832 3648 3895 conuuemoraviums,

2075 3940 2421 3996 nequaquam
2461 3925 2596 3979 falsa
2633 3940 2756 3978 esse
2790 3923 3030 3993 prudens
3068 3922 3287 3991 auditor
3320 3928 3647 3990 cognoscet,

2073 4017 2121 4071 si
2150 4016 2241 4070 ubi
2275 4023 2590 4086 peroratum
2627 4014 2831 4077 fuerit,
2863 4014 3013 4067 varia
3049 4012 3225 4082 ipsius
3262 4010 3526 4064 virtutum
3560 4024 3652 4079 ge-

2076 4121 2208 4162 nera
2239 4107 2549 4176 collegerit,
2595 4120 2661 4161 ex
2700 4103 2903 4174 quibus
2948 4118 3049 4158 nos
3091 4104 3240 4157 velut
3288 4101 3543 4172 pretiosis
3587 4115 3652 4153 ae

2076 4199 2312 4255 diversis
2358 4198 2595 4268 lapillis,
2643 4211 2890 4263 auroque
2926 4194 3245 4250 distinctam
3293 4201 3652 4249 contexentes

2076 4305 2337 4346 coronam
2358 4331 2373 4355 ,
2410 4284 2623 4359 gratum
2660 4296 2826 4357 atque.
2858 4295 3103 4356 optatum
3138 4285 3343 4341 Christi
3392 4284 3653 4340 Ecclesia

2076 4383 2281 4437 donum
2310 4380 2625 4436 oll’eremus.
2648 4377 2826 4434 Gestit
2849 4378 3051 4448 quippe
3073 4378 3163 4431 illa
3190 4392 3254 4431 ac
3276 4375 3476 4447 gaudet
3496 4376 3661 4445 ejus-.

2079 4472 2225 4527 modi
2247 4486 2307 4526 se
2330 4470 2652 4525 muneribus
2678 4467 2954 4529 decorari.
2978 4468 3419 4539 quandocuuque
3446 4469 3651 4523 solem-

2079 4561 2165 4617 nis
2198 4559 2458 4615 memoria
2484 4558 2620 4627 justi
2652 4557 2980 4614 celebranda
3002 4558 3268 4613 occurrit.
3304 4557 3657 4629 Quapmptcr

2076 4668 2202 4707 eum
2230 4652 2304 4705 ita
2334 4650 2576 4705 circulus
2609 4648 2744 4704 lerat
2779 4648 2941 4711 anni,
2973 4656 3034 4702 ut
3068 4647 3228 4702 hodie
3252 4646 3654 4702 collaudaudus

2078 4757 2143 4797 ac
2174 4739 2533 4796 celebrandus
2568 4737 2640 4794 sit
2664 4738 2822 4793 nobis
2847 4747 3074 4793 sanctus
3099 4735 3349 4807 Ephrzem
3371 4777 3385 4802 ,
3416 4737 3532 4792 ﬁeri
3560 4753 3654 4792 ne-.

2078 4835 2232 4906 quit,
2258 4833 2390 4904 quin
2419 4830 2624 4902 ingenti
2648 4846 2772 4884 eum
2794 4829 2998 4901 gaudio
3023 4838 3438 4884 monumentum
3470 4826 3653 4892 istud.

2079 4929 2389 5000 pignusque
2414 4926 2619 4980 amoris
2644 4924 2946 4994 suscipiat,
2973 4930 3029 4979 et
3057 4923 3437 4993 amplectatur.

2148 5019 2396 5087 Ephraam
2424 5017 2587 5087 igitur
2608 5016 2699 5070 ille
2728 5014 2857 5068 mihi
2877 5013 3239 5068 celebrandus
3266 5019 3371 5076 est,
3397 5012 3490 5082 qui
3519 5027 3657 5066 eun.

2077 5110 2181 5168 etis
2207 5108 2539 5166 Christianis
2582 5114 2831 5162 versatur
2857 5106 2913 5159 in
2941 5119 3055 5161 ore.
3088 5103 3337 5173 Ephraam
3359 5146 3374 5169 ,
3406 5104 3653 5174 inquam,

2081 5202 2255 5275 Syrus
2284 5220 2297 5256 :
2328 5214 2508 5271 neque
2535 5198 2681 5255 enim
2709 5197 2857 5252 illius
2890 5209 2993 5250 nos
3024 5193 3190 5265 pudet
3227 5195 3464 5265 generis,
3492 5194 3654 5264 cujus

397 5290 581 5360 ζομαι.
622 5291 881 5364 Ἐφραίμ,
908 5287 967 5348 οῦ
1002 5284 1081 5357 εἰς
1105 5295 1285 5347 πᾶσαν
1314 5292 1413 5364 τὴν
1431 5293 1534 5365 γῆν
1558 5294 1621 5347 τὸ
1653 5294 1855 5364 φέγγος
1874 5293 1969 5347 τοῦ

2076 5296 2416 5351 illustramur
2464 5289 2729 5345 moribus.
2784 5286 3054 5358 Eplmem,
3112 5283 3272 5355 cujus
3323 5284 3447 5341 vita:
3493 5294 3657 5355 atque

399 5380 517 5450 βίου
541 5383 637 5436 καὶ
656 5383 757 5453 τῆς
781 5384 1011 5455 θεωρίας
1036 5384 1336 5454 ἐξέλαμψεν
1359 5401 1374 5416 ο
1402 5386 1432 5437 6
1452 5383 1601 5457 πάσῃ
1628 5387 1694 5457 τῇ
1720 5385 1809 5454 ὑφ’
1833 5383 1971 5456 ήλίῳ

2076 5384 2341 5441 doctrina:
2369 5380 2629 5452 Splendor
2661 5379 2919 5433 universo
2961 5387 3232 5431 terrarum
3265 5376 3446 5431 illuxit
3498 5374 3652 5431 orbi:

399 5470 584 5542 σχεδὸν
624 5475 1041 5546 γινωσκόμενος,
1076 5476 1225 5547 παρά
1250 5474 1526 5539 τοσούτοις
1571 5492 1630 5528 τε
1669 5475 1969 5546 ἀγνοούμε-

2074 5487 2201 5526 nam
2252 5470 2306 5524 in
2340 5468 2489 5524 omni
2524 5466 2636 5521 lere
2664 5466 2804 5528 loco,
2837 5463 2930 5535 qui
2982 5462 3290 5519 illustratur
3318 5480 3349 5517 a
3378 5462 3519 5529 sole,
3552 5476 3655 5516 co-p

396 5578 508 5629 νος,
542 5565 672 5633 παρ’
704 5565 849 5629 ὅσοις
886 5568 913 5620 6
939 5568 1108 5638 μέγας
1131 5570 1227 5639 τῆς
1270 5567 1595 5638 Ἑκκλησίας
1616 5567 1841 5637 φωστὴρ
1863 5567 1967 5621 Βα-

2072 5564 2383 5636 gnoscitur;
2410 5560 2622 5631 illisque
2646 5557 3023 5615 tantummodo
3051 5558 3363 5629 incognitus
3390 5559 3655 5617 remanet,

516 5734 689 5801 lCor.
722 5755 809 5805 xv,
840 5740 894 5801 9,
