4132 6356
456 251 563 320 8ύηῖ

1674 263 1732 319 S.
1777 261 2108 319 GREGORII
2157 261 2453 322 NYSSEXI

3627 269 3735 325 824

458 386 554 454 qui
590 398 844 455 magnum
869 383 1126 442 Ecciesiae
1153 385 1337 443 lumen
1364 384 1421 441 S.
1451 384 1714 441 Basilium
1762 369 2050 455 ignorant;

2163 382 2351 446 σίλειος
2377 400 2392 414 ο
2441 377 2701 456 Ἑφρλαῒμ,
2749 387 2780 442 6
2820 385 3008 457 νοητὸς
3053 385 3227 460 ὅντως
3267 386 3367 457 τῆς
3408 383 3737 455 Ἐκκλησίας

463 471 740 545 Ephrem,
769 483 934 531 notus
957 475 1051 532 ille
1082 491 1271 532 revera
1305 474 1565 532 Ecclesia:
1596 473 1922 544 Euphrates,
1955 489 2052 528 cn-

454 565 548 635 jus
576 565 736 636 aquis
766 565 990 638 irrigata
1016 567 1456 622 Christianorum
1495 565 1810 631 multitudo,
1853 575 2042 620 centu-

458 659 610 729 plum
647 658 772 713 ﬁdei
802 658 1039 714 fructum
1083 659 1352 730 producit.
1385 657 1661 729 prraem,
1699 657 1896 713 fertilis
1957 658 2047 712 illa

459 748 559 804 Dei
591 751 744 814 vitis,
783 766 908 821 quae
935 750 1176 804 dulcium
1198 751 1373 807 instar
1393 765 1758 818 racemorum,
1787 750 2052 806 doctrina:

459 840 678 898 fructus
708 842 964 908 atterens,
1017 843 1273 898 Ecclesia:
1329 843 1476 900 ﬁlios
1539 843 1724 900 divina
1782 843 2052 898 charitate

462 937 712 990 nutriens
732 936 1088 1007 explensque,
1117 935 1292 992 reﬁcit
1315 944 1476 1006 atque
1490 937 1747 992 oblectat.
1773 936 2049 1006 Eponam,

462 1024 643 1082 bonus
671 1037 724 1083 et
747 1026 930 1083 ﬁdelis
957 1027 1216 1083 Ecclesiae
1246 1028 1615 1098 dispensator,
1651 1030 1744 1100 qui
1779 1030 2048 1084 virtutum

462 1120 706 1173 rationes
755 1120 1040 1189 aequaliter
1065 1121 1348 1175 conservis
1389 1121 1748 1178 distribuens.
1779 1119 1873 1174 Dei
1898 1119 2054 1174 fami-

461 1210 590 1265 liam
610 1212 1039 1280 prudentissime
1057 1213 1426 1268 administrat.
1444 1211 1618 1284 Cujus
1637 1212 1855 1284 quidem
1878 1227 2053 1283 genus

463 1310 625 1370 atque
640 1302 970 1358 nobilitatem
990 1309 1101 1356 tum
1121 1302 1190 1356 ab
1205 1303 1323 1373 ipso
1341 1313 1691 1372 partamJum
1707 1320 1737 1359 a
1752 1303 2056 1374 majoribus

464 1409 643 1461 susce;
665 1403 796 1459 tam,
821 1404 1217 1466 parentumque
1233 1397 1484 1467 gloriam,
1501 1412 1567 1452 ac
1578 1405 1781 1463 ortum,
1794 1407 1842 1452 et
1860 1398 2058 1452 educa-

464 1489 695 1552 tionem,
712 1499 766 1542 et
782 1490 1397 1553 mtatisincrementum,
1415 1501 1472 1544 et
1507 1491 1758 1562 corporis
1798 1492 2052 1556 formam,

463 1581 918 1635 etcouditioncm.
949 1589 1004 1636 et
1036 1590 1205 1646 artes,
1241 1590 1293 1637 et
1323 1582 1530 1652 reliqua
1559 1599 1680 1652 qum
1707 1583 1775 1636 ab
1793 1583 2034 1638 externis

465 1672 825 1743 scriptoribus
839 1680 1098 1743 tanquam
1116 1674 1334 1728 maximi
1357 1677 1612 1729 momenti
1629 1676 1682 1730 in
1697 1675 1948 1730 laudibus
1965 1691 2054 1730 rc-

464 1762 678 1814 censeri
714 1763 914 1827 solent,
945 1777 1047 1819 nos
1075 1764 1164 1817 hic
1193 1766 1245 1818 in
1274 1766 1508 1819 medium
1547 1765 1796 1836 proferre
1854 1782 2048 1835 super-

465 1866 764 1907 vacaneum
792 1855 1166 1910 arbitramur:
1199 1874 1322 1911 cum
1365 1872 1543 1926 neque
1597 1867 1818 1912 sanctos
1873 1857 2050 1912 liomi~

464 1959 567 1999 nes
594 1944 663 1999 ab
719 1945 988 2014 ejusmodi
1028 1947 1251 2002 laudare
1289 1949 1456 2005 rebus
1512 1957 1778 2004 statutum
1837 1952 1928 2005 sit.
1987 1949 2053 2004 Et

464 2049 781 2104 quanquam
804 2035 1033 2091 adhunc
1055 2039 1503 2103 collaudandum,
1538 2040 1664 2096 inde
1680 2040 1844 2094 etiam
1877 2041 2052 2096 abun-

466 2126 536 2180 de
573 2127 735 2182 nobis
788 2138 1109 2198 argumenta
1159 2140 1474 2201 suppetant,
1532 2149 1641 2186 non
1691 2133 1816 2188 aliis
1863 2142 2044 2190 tamen

463 2218 574 2275 viis
608 2235 671 2274 ac
703 2221 1032 2286 rationibus,
1059 2236 1224 2290 quam
1273 2221 1476 2291 quibus
1523 2225 1642 2292 ipse
1686 2225 1797 2279 vita
1831 2232 1886 2278 et
1941 2224 2043 2277 do-

463 2312 640 2366 ctrina
663 2312 931 2366 illustrem
956 2329 1014 2368 se
1042 2313 1299 2376 reddidit.
1331 2328 1591 2368 coronam
1616 2313 1885 2368 orationis
1913 2329 2046 2368 con-

465 2411 740 2458 texamus.
807 2401 958 2458 Vera:
1011 2407 1212 2474 quippe
1251 2404 1438 2459 laudes
1478 2405 1530 2473 in
1586 2405 1655 2459 iis
1714 2405 2044 2469 consistunt,

465 2509 590 2565 quae
620 2495 675 2548 in
715 2495 877 2550 nobis
910 2494 1045 2564 ipsis
1075 2503 1203 2549 sunt
1237 2493 1456 2563 posita;
1487 2502 1650 2563 atque
1685 2493 1795 2550 illis
1841 2493 2048 2548 deben-

2149 475 2460 546 Εὐφράτης,
2485 477 2544 543 ἐξ
2573 472 2634 532 οὖ
2655 478 2715 531 τὺ
2738 478 2849 532 τῶν
2879 479 3086 532 πιστῶν
3109 478 3576 550 καταρδευόμενον
3606 476 3739 548 πλή-

2150 586 2310 640 ρωμα
2342 570 2423 633 εὶς
2453 570 2646 625 ἑκατὸν
2673 572 2964 627 ἀποδίδωσι
2993 573 3083 626 τὸν
3107 573 3308 644 σπόρον
3337 571 3692 642 τῆς-πίστεως
3718 585 3734 599 ο

2161 661 2420 733 Ἐφραῒμ,
2452 664 2486 733 ἡ
2533 664 2836 736 πολύφορος
2877 663 2972 719 τοῦ
3026 663 3162 719 Θεοῦ
3202 663 3466 736 ἄμπελος.
3504 665 3538 734 ἡ
3579 662 3737 732 δίκην

2152 750 2395 823 βοτρύων
2449 753 2729 824 γλυκερῶν
2776 755 3023 826 καρποὺς
3073 754 3310 809 ἁνθοῦσα
3368 751 3743 816 διδασκαλίας,

2150 843 2244 896 καὶ
2285 846 2410 908 τοὺς
2465 846 2563 916 τῆς
2615 845 2940 917 Ἐκκλησίας
2982 845 3280 917 τροφίμους
3308 843 3386 917 τῷ
3435 843 3583 914 κόρῳ
3635 842 3736 913 τῆς

2151 933 2300 997 θείας
2322 936 2543 1008 ἀγάπης
2564 937 2952 1008 εύφραίνουσα·
2991 937 3254 1008 Ἐφραῒμ,
3281 939 3309 991 6
3335 936 3496 999 καλὸς
3522 936 3616 990 καὶ
3639 951 3734 988 m-

2155 1027 2277 1091 στδς
2305 1029 2589 1100 οἰκονόμος
2618 1030 2718 1101 τῆς
2750 1031 2993 1102 χάριτος,
3023 1033 3052 1086 6
3086 1031 3212 1094 τοὺς
3245 1029 3436 1099 λόγους
3468 1028 3575 1082 τῶν
3607 1028 3734 1098 ἀρε-

2153 1119 2262 1173 τῶν
2292 1120 2569 1190 ἀναλόγως
2611 1125 2727 1186 τοῖς
2759 1122 3070 1193 ὁμοδούλοις
3118 1120 3472 1193 σιτομετρῶν,
3503 1119 3599 1174 καὶ
3639 1118 3736 1188 τὴν

2153 1212 2479 1284 δεσποτικὴν
2505 1215 2682 1268 οἰκίαν
2720 1215 3172 1287 οἰκονομούμενος
3197 1214 3412 1286 ἄριστα.
3459 1207 3533 1267 Οὖ
3565 1212 3625 1265 τὸ
3649 1211 3740 1280 γέ-

2154 1322 2244 1370 νος
2269 1308 2364 1360 καὶ
2386 1306 2485 1378 τὴν
2511 1307 2885 1380 ὲνεγκαμένην
2919 1308 3013 1363 καὶ
3046 1308 3328 1379 προγόνων
3357 1307 3736 1379 περιφάνειαν,

2156 1398 2252 1452 καλ⁵
2279 1399 2617 1471 γεννητόρων
2642 1398 2912 1462 εὔκλειαν,
2954 1400 3049 1454 καὶ
3083 1399 3356 1471 γέννησιν,
3381 1396 3478 1450 καὶ
3508 1398 3739 1465 ἀνατροο

2159 1490 2287 1560 φὴν,
2317 1493 2411 1545 καὶ
2441 1493 2668 1564 αὔξησιν
2697 1494 2933 1564 ἡλικίας,
2969 1494 3064 1547 καὶ
3093 1491 3408 1563 σωματικὴν
3437 1489 3740 1560 ἐπιτηδειό-

2158 1598 2318 1652 τητα,
2350 1584 2444 1635 καὶ
2476 1584 2666 1655 τύχην,
2698 1586 2792 1639 καὶ
2825 1585 3040 1655 τέχνας,
3072 1584 3168 1638 καὶ
3198 1585 3267 1638 τὰ
3311 1582 3474 1636 λοι.πά
3505 1581 3611 1634 τῶν
3637 1579 3742 1644 ἔξω

2158 1674 2513 1747 λογογράφων
2559 1677 2921 1748 ὲρανιζόμενα
2963 1680 3074 1741 τοῖς
3127 1675 3370 1738 ἐπαίνοις
3416 1672 3734 1745 σεμνολογή-

2164 1786 2328 1839 ματα,
2363 1770 2615 1839 περιττὸν
2658 1772 2739 1832 είς
2775 1771 2938 1840 μέσον
2976 1772 3127 1839 ἄγειν
3159 1769 3629 1838 ὑποτοπήσαντεςο
3659 1765 3741 1818 ὅτι

2162 1859 2236 1930 μὴ
2267 1862 2390 1923 τοὺς
2423 1861 2596 1923 θείους
2639 1861 2840 1932 ἄνδρας
2875 1863 3036 1933 ἡμεῖς
3075 1863 3138 1914 ἐκ
3169 1860 3277 1913 τῶν
3303 1858 3559 1913 τοιούτων
3585 1859 3742 1914 ἐπαι-

2158 1956 2269 2005 νεῖν
2301 1951 2745 2024 παρειλήφαμεν
2771 1953 2874 2008 κᾶν
2910 1956 2973 2007 ὲκ
2999 1953 3313 2024 περιουσίας
3341 1950 3488 2022 αὐτῷ
3517 1947 3744 2004 κάντεῦ-

2159 2042 2250 2096 θεν
2272 2045 2507 2116 ὑπάρχει
2549 2045 2610 2098 τὸ
2647 2046 2978 2112 ἀξιέπαινον,
3013 2045 3071 2112 ἐξ
3109 2038 3185 2098 ὧν
3213 2043 3375 2108 αὐτὸς
3411 2042 3608 2097 ἑαυτὸνΔ
3641 2057 3744 2094 πεα-

2154 2135 2352 2206 ριφανῆ
2385 2135 2483 2207 βίῳ
2506 2154 2562 2190 τε
2593 2137 2688 2191 καὶ
2711 2137 2854 2208 λόγῳ
2876 2137 3302 2202 κατεσκεύασεν,
3327 2137 3393 2188 ὲκ
3413 2134 3620 2189 τούτων
3645 2132 3742 2186 καὶ

2148 2225 2311 2294 ἡμεῖς
2335 2225 2482 2297 αὑτῷ
2507 2224 2597 2280 τὸν
2619 2226 2711 2280 τοῦ
2741 2227 2900 2296 λόγου
2927 2228 3186 2296 στέφανον
3211 2225 3589 2298 ἀναδήσωμεν.
3615 2223 3738 2277 Τῶν

2151 2317 2234 2384 ἐφ’
2255 2317 2386 2387 ἡμῖν
2408 2317 2515 2389 γάρ
2534 2319 2584 2371 οἱ
2607 2318 2838 2383 ἔπαινοι,
2864 2319 3083 2374 καὶτῶν
3105 2315 3467 2384 αύτεξουσίων
3485 2314 3555 2369 τά
3577 2314 3743 2386 γέρα.

2151 2407 2274 2460 Τῶν
2312 2410 2784 2482 ἀπηριθμημένων
2815 2411 2892 2477 δὲ,
2944 2412 3040 2465 καὶ
3082 2411 3240 2481 ψόγοι
3290 2408 3612 2479 παράλογοι,
3643 2405 3739 2459 καὶ

2150 2499 2417 2568 εὐφημίαι
2447 2503 2800 2572 ἀνάρμοστοι.

463 2596 558 2642 tur
584 2589 827 2656 praemia.
855 2603 980 2657 qua:
1007 2603 1072 2643 ex
1115 2595 1304 2640 nostra
1368 2584 1798 2655 proﬁciscuntur
1860 2587 2162 2644 voluntate.
2238 2589 2435 2647 Earum
2484 2603 2664 2650 autem
2721 2610 2930 2658 rerum,
2983 2610 3124 2665 quas
3182 2595 3739 2661 commemoravimus

467 2687 524 2733 ct
559 2680 989 2749 vituperationes
1017 2687 1144 2734 sttnt
1174 2678 1346 2741 falsae,
1373 2686 1426 2732 et
1460 2679 1648 2733 laudes
1671 2680 1887 2750 inepta}.

538 2776 659 2843 Quo
705 2778 853 2832 enim
885 2788 1049 2847 pacto
1102 2793 1168 2832 ex
1203 2792 1404 2847 genere
1467 2777 1678 2830 laudari
1739 2778 1904 2840 volet,
1960 2779 2053 2846 qui

468 2886 685 2926 omnem
747 2869 935 2925 mundi
987 2870 1329 2924 nobilitatem
1366 2884 1431 2925 ac
1486 2884 1742 2939 pompam
1779 2869 2055 2939 despexit,

469 2973 527 3018 et
573 2979 668 3033 per
697 2963 902 3033 optima
956 2977 1142 3033 opera.
1181 2961 1276 3016 Dei
1313 2961 1458 3018 ﬁlius
1522 2961 1639 3015 ﬁeri
1701 2961 2061 3031 concupivit?

469 3055 759 3121 Quomodo
827 3055 898 3109 ob
923 3055 1155 3124 patriam
1212 3071 1273 3110 se
1319 3053 1563 3123 patiatur
1614 3053 1906 3114 celebrari,
1964 3054 2057 3121 qui

471 3156 644 3200 totum
677 3147 942 3202 mundum
971 3145 1035 3200 ad
1071 3162 1131 3201 se
1160 3147 1434 3216 pertinere
1465 3160 1574 3201 non
1637 3148 1873 3204 censuit.
1937 3147 2062 3216 qui-
2089 3188 2128 3245 ε

471 3238 934 3308 quetuaterialem
951 3246 1263 3293 creaturam
1293 3248 1554 3308 tanquam
1585 3237 1867 3292 inimicam
1893 3251 2055 3290 aver-

473 3342 631 3387 satus
656 3340 763 3396 est,
791 3339 1015 3401 propter
1033 3330 1394 3385 immortalem
1421 3344 1543 3399 quae
1561 3329 1614 3384 in
1635 3330 1792 3384 cmlis
1826 3329 2062 3399 reposita

473 3429 582 3486 est,
615 3421 1060 3478 beatitudinem?
1098 3421 1209 3474 Aut
1237 3419 1517 3491 quomodo
1544 3420 1817 3490 majorum
1859 3436 2062 3490 parcn-

473 3523 666 3571 tumve
696 3514 1020 3570 celebritate
1050 3515 1378 3576 delectetur.
1405 3514 1500 3583 qui
1543 3515 1791 3584 corporis
1822 3515 2066 3568 allectio—

474 3623 626 3676 nem,
651 3593 940 3678 ipsamque
973 3606 1267 3661 animalem
1327 3604 1514 3659 carnis
1568 3606 1897 3666 tuniculam,
1941 3616 2065 3660 Ian-

475 3713 644 3768 qnam
673 3698 995 3752 celeri-imos
1020 3697 1086 3751 ad
1117 3696 1374 3750 virtutem
1399 3709 1602 3751 cursus
1655 3697 2065 3766 impedientem,

477 3803 706 3857 prorsus
744 3788 1161 3859 pessumdedit?
1188 3803 1299 3857 quo
1342 3786 1580 3857 denique
1632 3796 1815 3858 pacto,
1844 3796 1939 3842 aut
1999 3803 2068 3843 ex

478 3882 730 3952 corporis
764 3883 1127 3944 incremento,
1169 3886 1264 3933 aut
1303 3878 1651 3944 educatione,
1692 3889 1783 3933 aut
1809 3894 1874 3933 ex
1930 3879 2068 3932 arti-

479 3975 608 4036 bus,
640 3972 835 4026 aliisve
865 3971 988 4038 ejus
1015 3970 1233 4041 generis
1273 3969 1400 4022 vita!
1437 3968 1635 4024 studiis
1697 3966 1949 4036 abjectis,
2009 3982 2070 4022 se

479 4064 737 4119 exornari
765 4064 946 4130 sinat;
987 4061 1078 4132 qui
1104 4061 1217 4130 jam
1255 4059 1381 4116 inde
1404 4074 1433 4113 a
1454 4059 1756 4130 pueriliain
1782 4074 2068 4114 sacrarum

483 4159 896 4228 Scripturarum
931 4155 1287 4211 meditatione
1321 4154 1612 4214 educatus,
1647 4160 2068 4216 ctexcrcsccns,

484 4260 649 4320 atque
677 4265 742 4304 ex
763 4248 1094 4319 perennibus
1116 4247 1302 4318 gratiae
1333 4247 1572 4302 fontibus
1588 4245 1806 4308 bibens,
1834 4245 1901 4300 ad
1922 4262 2073 4301 men-

483 4357 668 4398 suram
693 4342 866 4396 aetatis
881 4339 1110 4403 Christi,
1136 4348 1194 4395 ut
1218 4354 1340 4394 cum
1357 4338 1618 4408 Apostolo
1643 4337 1858 4408 loquar,
1879 4354 2070 4408 perve-

483 4437 605 4490 nire
621 4433 826 4489 studuit
847 4433 1016 4486 ?Cum
1031 4447 1164 4501 ergo
1177 4433 1494 4486 noverimus
1507 4444 1762 4500 magnum
1784 4431 1928 4484 hunc
1975 4443 2074 4484 no-

2233 2782 2358 2846 Πῶς
2394 2782 2504 2853 γὰρ
2546 2775 2701 2846 οὗτος
2744 2782 2854 2836 ἀπὸ
2894 2783 3086 2852 γένους
3128 2781 3570 2854 ἐγκωμιάζεσθαι
3610 2799 3746 2835 κατ-

2161 2870 2398 2938 εδέξατο,
2432 2876 2460 2928 ὁ
2493 2875 2674 2927 πᾶσαν
2716 2875 2988 2945 κοσμικὴν
3033 2875 3310 2943 εὐγένειαν
3337 2874 3744 2945 βδελυξάμενος,

2163 2966 2259 3020 καὶ
2287 2964 2475 3018 τέκνον
2512 2965 2648 3018 Θεοῦ
2675 2965 2741 3018 δι’
2768 2965 3092 3034 ἀναλήψεως
3121 2967 3297 3036 ἔργων
3331 2967 3568 3035 ἀρίστων
3594 2964 3746 3034 γενέ-

2166 3057 2288 3110 σθαι
2317 3059 2844 3128 κατασπασάμενος;
2885 3059 2956 3111 Ἦ
2986 3055 3106 3122 πῶς
3128 3059 3236 3110 ἀπὸ
3261 3057 3514 3128 πατρίδος
3544 3055 3746 3128 σεμνύ-

2163 3148 2370 3210 νεσθαι.
2393 3150 2421 3202 6
2448 3150 2630 3203 πᾶσαν
2670 3149 2770 3219 τὴν
2799 3149 2902 3221 γῆν
2935 3149 3223 3221 ἀλλοτρίαν
3250 3150 3443 3204 ἑαυτοῦ
3467 3149 3750 3221 λογιζόμε-

2163 3260 2284 3307 νος,
2311 3243 2408 3296 καὶ
2437 3243 2512 3306 ὠς
2538 3242 2735 3312 ἔχθραν
2761 3243 2859 3314 τὴν
2890 3243 3081 3314 ὑλικὴν
3116 3243 3294 3298 κτίσιν
3339 3245 3749 3316 ἀποστρεφόμε-

2163 3351 2273 3397 νος.
2321 3334 2410 3388 διὰ
2443 3333 2540 3404 τὴν
2578 3336 2636 3388 ἐν
2679 3336 2925 3406 οὐρανοῖς
2957 3336 3328 3410 ἀποκειμένην
3369 3338 3538 3392 ἀΐδιον
3572 3355 3747 3410 μακα-

2168 3427 2422 3499 ριότητα;
2458 3425 2581 3488 Πῶς
2614 3426 2672 3480 δὲ
2710 3427 2872 3482 πάλιν
2910 3429 3004 3482 ἐπὶ
3035 3429 3314 3502 προγόνων
3343 3430 3376 3503 ἢ
3408 3430 3746 3504 γεννητόρων

2166 3516 2416 3588 ήδυνθείη
2449 3517 2688 3591 εὐκλείᾳ,
2715 3518 2744 3570 6
2779 3519 3100 3591 σωματικὴν
3139 3518 3325 3584 ἁπλῶς
3353 3521 3748 3590 καταπατήσας

2165 3608 2564 3680 προσπάθειαν,
2617 3612 2713 3664 καὶ
2764 3610 2896 3665 αὐτὸ
2942 3611 3005 3665 τὸ
3049 3611 3280 3683 ψυχικὸν
3324 3611 3592 3683 χιτώνιον,
3627 3613 3747 3682 ἢτοι

2169 3701 2391 3771 σαρκίον
2448 3701 2804 3772 βαρούμενος,
2839 3701 2914 3767 ὡς
2963 3703 3215 3774 ἐμποδὼν
3268 3704 3417 3776 αὐτῷ
3460 3705 3596 3775 πρὸς
3623 3705 3750 3767 τοὺς

2167 3794 2266 3862 τῆς
2310 3793 2513 3864 ἀρετῆς
2557 3793 2849 3858 ὀξυτάτους
2897 3795 3284 3866 εὑρισκόμενον
3324 3796 3588 3868 δρόμουςς
3623 3797 3751 3861 Πῶς

2167 3884 2224 3938 δὲ
2257 3885 2394 3947 ὅλως
2421 3886 2486 3938 ἐκ
2532 3886 2846 3957 σωματικῆς
2874 3886 3154 3957 αὐξήσεως
3187 3890 3280 3942 καὶ
3318 3891 3683 3961 ἀναστροφῆς.
3713 3889 3748 3960 ἦ

2170 3975 2623 4046 ἐπιτηδειότητος,
2651 3975 2684 4045 ἢ
2713 3976 2926 4046 τέχνης,
2953 3977 2987 4047 ἦ
3013 3995 3153 4039 τινος
3187 3977 3351 4048 ἄλλης
3372 3978 3751 4032 καταπτύστου

2172 4067 2450 4139 θελήσειεν
2475 4068 2811 4122 ἐπαινεῖσθαι
2841 4069 2968 4141 περὶ
2998 4069 3088 4122 τὸν
3116 4070 3230 4139 βίον
3264 4069 3536 4140 ἀσχολίας,
3567 4070 3597 4120 6
3621 4087 3752 4139 τρα-

2173 4160 2294 4230 φεὶς
2336 4159 2435 4223 μὲν
2457 4160 2522 4212 ἐκ
2551 4160 2772 4231 πρώτης
2801 4161 3033 4232 ἡλικίας,
3067 4165 3160 4216 καὶ
3187 4163 3441 4234 αὐξηθεὶς
3472 4165 3529 4216 ἐν
3549 4165 3613 4234 τῇ
3645 4162 3753 4216 τῶν

2173 4249 2333 4304 θείων
2369 4248 2566 4320 μελέτη
2599 4250 2637 4302 Γ
2641 4251 2850 4320 ραφῶν,
2883 4253 3160 4316 ποτισθεὶς
3181 4252 3238 4306 δὲ
3267 4257 3378 4317 τοῖς
3405 4254 3503 4324 τῆς
3534 4255 3754 4326 χάριτος

2174 4343 2423 4408 ἀεννάοις
2461 4344 2687 4415 ὀχετοῖς,
2712 4347 2802 4399 καὶ
2833 4345 2966 4416 πρὸς
2991 4345 3188 4417 μέτρον
3216 4346 3452 4418 ἡλικίας.
3477 4346 3756 4400 ἀποστολι-

2176 4435 2287 4500 κῶς
2316 4438 2510 4499 εἰπεῖν,
2547 4436 2759 4506 φθάσας
2798 4436 3069 4508 Χριστοῢ;
3117 4437 3330 4502 Εἰδότες
3375 4433 3467 4493 οὖν
3497 4441 3655 4508 ἡμεῖς
3677 4439 3755 4502 ὡς

486 4535 660 4582 strum
689 4523 904 4578 Patrem
934 4522 1186 4577 ridiculis
1215 4522 1282 4576 iis
1313 4521 1588 4580 laudibus.
1640 4521 1842 4588 quibus
1896 4521 2060 4575 Ιιοιιιὶ‹

2177 4527 2235 4580 ού
2269 4527 2449 4597 χαίρει
2481 4529 2592 4590 τοῖς
2616 4527 2875 4592 τοιούτοις
2912 4531 2941 4582 6
2968 4529 3140 4600 μέγας
3170 4530 3361 4600 Πατὴρ
3393 4529 3546 4601 ἡμῶν
3584 4545 3756 4600 μεγαο

487 4629 588 4669 nes
620 4613 804 4668 sensui
843 4626 907 4665 ac
941 4612 1160 4680 corpori
1214 4610 1380 4665 dediti
1425 4612 1741 4680 capiuntur,
1799 4613 2072 4667 cumulari

491 4705 668 4770 nolle;
694 4719 758 4756 ex
793 4702 1030 4771 propriis
1059 4717 1184 4756 eum
1218 4701 1504 4756 laboribus
1535 4701 1726 4757 saltem
1774 4701 2067 4758 mediocri-

489 4807 574 4852 ter
595 4793 876 4848 celebrare
907 4793 1232 4848 conabimur
1261 4811 1274 4847 :
1332 4808 1512 4863 neque
1549 4796 1694 4849 enim
1734 4795 1914 4850 oratio
1948 4809 2069 4848 eam

490 4887 656 4942 habet
677 4893 953 4950 naturam,
986 4894 1049 4940 ut
1082 4901 1248 4957 supra
1285 4887 1432 4941 vires
1489 4887 1825 4943 intendatur.
1866 4888 2073 4955 Quam-

490 4981 679 5036 obrem
743 4980 1076 5042 adnitemur,
1135 4986 1193 5031 ut
1254 4993 1433 5050 neque
1485 4977 1715 5032 infantia
1765 4980 2071 5048 pricpediti,

491 5085 613 5139 quae
651 5069 719 5124 de
749 5084 816 5124 eo
844 5067 1074 5123 dicenda
1103 5077 1254 5131 sunt,
1282 5068 1503 5122 silentio
1535 5069 1924 5135 involvamus;
1975 5084 2072 5122 ne-

491 5177 601 5230 que
624 5177 718 5230 per
750 5161 1000 5216 semitam
1028 5159 1267 5229 aliquam
1300 5177 1330 5214 ιι
1363 5161 1586 5214 Patrum
1620 5160 1890 5214 institutis
1942 5159 2066 5213 alic-

492 5268 620 5308 nam
656 5253 993 5318 incedentes,
1022 5267 1058 5306 a
1113 5254 1195 5307 via
1243 5253 1598 5308 deﬂectemus
1647 5252 1830 5322 regia:
1887 5269 2072 5306 verum

495 5345 642 5399 inter
687 5354 979 5414 utramque
1035 5354 1500 5408 transcurrentes,
1554 5344 1890 5399 conveniens
1950 5358 2077 5396 ora-

490 5439 632 5494 tioni
661 5446 864 5492 nostrae
888 5445 1378 5507 temperamentum
1411 5437 1792 5490 adhibeamus.

567 5529 891 5596 Cuiusmodi
918 5537 1098 5584 autem
1151 5540 1279 5584 sunt
1339 5529 1450 5592 illa,
1504 5542 1626 5598 quae
1652 5527 1721 5582 ad
1777 5535 2081 5581 contexen-

494 5621 621 5677 dam
666 5621 788 5689 ejus
842 5622 1208 5677 laudationem
1263 5621 1423 5675 nobis
1475 5618 1865 5690 proposuimus
1915 5628 2078 5687 atque

497 5711 1074 5782 subjcc‘rimusL-lctio
1133 5729 1329 5783 ucmpc
1382 5719 1435 5767 et
1459 5709 1870 5779 contemplatio,
1935 5726 2076 5780 quas

2175 4617 2448 4684 λύνεσθαι,
2470 4614 2669 4692 οἷσπερ
2700 4622 2748 4673 οί
2792 4623 3111 4691 σωματικοὶ,
3145 4623 3567 4688 καταγελάστοις
3601 4619 3756 4674 ἐπαε-

2174 4725 2307 4774 νοις,
2339 4709 2404 4762 ὲκ
2434 4709 2544 4762 τῶν
2572 4710 2788 4763 οἰκείων
2809 4711 2969 4764 αὑτὸν
2998 4712 3194 4776 πόνων,
3225 4711 3325 4765 κᾶν
3355 4712 3485 4781 γοῦν
3522 4711 3756 4783 μετρίως

2177 4801 2527 4871 πειραθῶμεν
2562 4802 2963 4873 άποσεμνῦναισ
3004 4805 3064 4857 ού
3103 4804 3211 4876 γάρ
3243 4805 3356 4874 ἔχει
3407 4803 3570 4872 φύσιν
3600 4805 3628 4856 6
3663 4802 3745 4856 λό-

2177 4911 2271 4962 γος
2310 4895 2420 4955 τοῖς
2475 4893 2616 4964 ὑπὲρ
2657 4893 2882 4964 δύναμιν
2938 4894 3363 4948 ἑπεκτείνεσθαι.
3414 4895 3500 4957 Ὠς
3537 4893 3602 4946 ἂν
3661 4887 3757 4944 οὖν

2182 4986 2320 5056 μήτε
2347 4985 2440 5037 τὸν
2485 4986 2750 5056 ἡμέτερον
2797 4985 2960 5040 πόθον
3000 4987 3032 5056 ὴ
3081 4986 3294 5054 ἀφωνία
3341 4986 3577 5057 πεδήσῃ,
3628 4983 3755 5055 μήτ’

2175 5073 2243 5130 αὖ
2281 5076 2438 5130 πάλιν
2469 5075 2625 5155 ξένην
2650 5076 2835 5146 τρίὸον
2865 5075 2972 5130 τῶν
2998 5075 3254 5145 Πατέρων
3291 5075 3582 5141 ὁδεύοντες,
3613 5073 3761 5144 βασι-

2176 5169 2332 5238 λικῆς
2359 5168 2804 5239 παρασφαλῶμεν
2833 5169 2974 5234 ὁδοῦ,
3019 5168 3087 5221 τὰ
3114 5167 3483 5240 παρεκτρίϐια
3515 5166 3757 5222 διαθέον-

2178 5276 2289 5323 τες,
2318 5257 2394 5329 τῷ
2423 5257 2630 5330 μετρίῳ
2654 5259 2746 5313 τὸν
2771 5259 2927 5327 λόγον
2958 5258 3436 5330 φιλοτεχνήσομεν.

2254 5523 2320 5576 Τί
2355 5523 2412 5577 δὲ
2450 5521 2520 5577 τὰ
2543 5523 2754 5587 τούτου,
2795 5523 2860 5576 δι’
2888 5515 2964 5576 ὧν
2988 5521 3252 5592 ὲξυφᾶναι
3282 5521 3375 5576 τὸν
3412 5523 3634 5576 ἔπαινον
3660 5522 3763 5576 ὐπ-

2181 5614 2448 5684 εθέμεθα;
2493 5615 2698 5684 Πρᾶξις
2739 5614 2831 5667 καὶ
2858 5614 3079 5685 θεωρία,
3116 5609 3204 5678 αἷς
3230 5615 3258 5668 6
3284 5615 3427 5669 κατά
3458 5614 3622 5685 μέρος
3649 5615 3759 5668 τῶν

2181 5705 2392 5774 ἀρετῶν
2441 5705 2602 5775 ἐσμὸς
2648 5705 3021 5771 ἐπακολουθεῖ,
3079 5706 3273 5770 πίστις,
3322 5705 3497 5772 ἐλπὶς,
3547 5707 3759 5776 ἀγάπη,
