4132 6356
398 306 507 365 8ἓὸ
1424 312 1513 366 DE
1552 309 1719 367 VITA
1760 312 1819 368 S.
1860 311 2114 370 PATRIS
2152 311 2462 369 EPIIREM
2502 312 2684 370 SYRI.
3569 307 3675 370 εξσ

399 425 651 481 εὐσέϐεια
681 428 761 492 είς
790 428 944 495 Θεὸν,
987 430 1183 501 μελέτη
1216 431 1326 485 τῶν
1354 432 1512 487 θείων
1545 432 1799 505 Γραφῶν,
1823 435 1978 504 ἁγνι-

2082 435 2352 489 virtutum
2377 448 2611 492 examen
2632 421 3015 510 consequitur,
3047 435 3205 504 ﬁdes,
3229 451 3377 508 spes,
3400 435 3669 503 eharitas,

403 519 539 589 σμὸς
569 520 748 592 ψυχῆς
773 522 869 574 καὶ
898 521 1168 593 σώματος,
1206 525 1417 597 δάκρυα
1456 525 1702 597 διηνεκῆ,
1743 525 1978 599 ὲρημικὴ

2085 526 2261 597 pietas
2286 541 2416 597 erga
2448 526 2641 594 Deum,
2665 543 2957 585 sacrarum
2992 528 3416 601 Scripturarum
3445 529 3675 584 medita-

400 611 699 676 διαόίωσις,
743 615 777 683 ὴ
818 614 884 667 ἐκ
926 616 1093 669 τόπου
1123 616 1202 680 εἰς
1229 617 1394 673 τόπον
1436 616 1807 688 ἀναχώρησις,
1838 617 1978 688 φυγὴ

2087 616 2183 678 tio,
2213 615 2380 669 animi
2413 623 2468 669 et
2493 617 2744 688 corporis
2764 619 3001 689 puritas,
3033 618 3400 690 lacrymarum
3433 616 3672 673 assidui-

400 702 509 757 τῶν
540 704 872 771 ὲπιὸλαὸὦν,
905 707 1221 762 διδασκαλία
1258 709 1505 773 ἀένναος,
1538 710 1814 781 προσευχὴ
1842 712 1978 764 ἀκα-

2087 716 2196 774 tas,
2226 708 2351 763 vitae
2378 708 2641 768 solitudo.
2677 723 2708 764 e
2731 709 2854 765 loco
2881 710 2935 766 in
2969 711 3149 765 locum
3200 713 3465 771 secessio.
3498 709 3675 763 malo-

400 794 731 859 τάπαυστος,
766 799 987 869 νηστεία
1024 800 1118 855 καὶ
1157 801 1435 872 ἀγρυπνία
1471 802 1669 873 μέτρον
1698 802 1798 855 οὐκ
1831 801 1978 873 ἔχου-

2085 815 2209 854 rum
2268 798 2422 871 fuga,
2473 800 2727 855 doctrina
2779 810 3066 873 perpetua,
3103 803 3350 873 precatio
3380 802 3669 867 continua,

404 904 513 952 σαι,
554 890 823 960 χαμευνία
868 892 963 946 καὶ
1002 892 1391 966 σκληραγωγία
1426 894 1584 963 λόγον
1624 894 1978 964 ὑπερὸαίνου-

2079 893 2353 963 jejunium
2381 901 2437 949 et
2470 893 2669 965 vigilia:
2725 895 3120 959 immoderata,
3162 896 3315 950 humi
3345 894 3588 959 cubatio,
3618 900 3673 949 et

402 995 513 1045 σαι,
538 981 893 1053 ἀκτημοσύνη
914 985 1010 1037 καὶ
1049 986 1374 1050 ταπείνωσις
1400 988 1476 1047 είς
1506 984 1674 1055 ἀκρον
1700 985 1978 1047 ἐλάσασαι,

2085 986 2213 1040 vitae
2249 986 2551 1041 austeritas
2599 1001 2738 1057 pene
2789 988 3150 1053 incredibilis,
3188 986 3497 1041 voluntaria
3533 1001 3673 1057 pau-

399 1069 737 1143 ἐλεημοσύνη
759 1074 858 1145 τῆς
888 1076 1102 1144 φύσεως
1140 1077 1302 1131 αὑτὸν
1327 1078 1427 1148 τῆς
1460 1077 1807 1148 ἀνθρωπίνης
1831 1076 1978 1143 ἐξαί-

2083 1085 2271 1147 pertas
2327 1093 2452 1133 eum
2534 1078 2845 1135 humilitate
2915 1079 3207 1151 singulari,
3291 1077 3671 1133 misericordia

403 1178 593 1232 ρουσα,
641 1164 802 1236 ζῆλος
840 1166 1019 1231 ἔνθεος
1046 1168 1156 1223 τῶν
1203 1169 1346 1222 κατά
1391 1169 1489 1239 τῆς
1528 1168 1809 1231 εύσεσείας
1859 1167 1978 1222 λυτ-

2083 1170 2379 1225 humanam
2466 1172 2838 1229 conditionem
2913 1188 3207 1244 superans,
3297 1172 3450 1229 zelus
3532 1169 3673 1225 divi-

398 1252 617 1308 τώντων
640 1272 653 1285 ο
686 1257 802 1321 καὶ,
831 1258 1018 1323 ἁπλῶς
1044 1263 1241 1324 είπεῖν,
1270 1262 1378 1314 πᾶν
1411 1261 1440 1313 ὅ
1463 1278 1514 1313 τι
1544 1260 1686 1315 κατὰ
1714 1260 1849 1314 Θεὸν
1871 1256 1982 1313 οἶδε

400 1349 825 1420 χαρακτηρίζειν
876 1351 1178 1423 ἄνθρωπον.
1215 1354 1340 1416 Τοῖς
1383 1352 1645 1416 τοιούτοις
1687 1351 1929 1416 ἐπαίνοις
1954 1353 1982 1405 ό

396 1441 668 1512 ἡμέτερος
701 1442 889 1514 Πατὴρ
933 1444 1253 1514 ώραῖζεται,
1286 1445 1380 1498 καὶ
1422 1444 1684 1513 γινώσκει
1725 1443 1796 1496 τά
1820 1443 1984 1513 ,λεγό-

400 1550 559 1602 μενα,
610 1535 704 1586 καὶ
754 1535 821 1588 τὰ
867 1537 1042 1590 οἰκεῖα
1092 1537 1379 1591 ἐπίσταται
1433 1540 1845 1610 προτερήματα,
1885 1539 1981 1593 καὶ

400 1624 616 1694 στέργει
662 1627 787 1690 τοὺς
828 1627 1040 1697 λόγους,
1074 1629 1150 1691 ώς
1199 1629 1467 1696 ὠφελείας
1524 1630 1836 1700 προξένους,
1880 1632 1982 1684 οὐκ

398 1715 567 1785 αύτῷ,
603 1718 718 1771 ἀλλ’
752 1721 881 1789 ἡμῖν
904 1736 916 1748 ·
950 1721 1071 1772 ἐπεὶ
1106 1721 1199 1774 καὶ
1228 1721 1357 1791 ψιλὴ
1398 1722 1585 1775 τούτου
1614 1724 1976 1793 προσηγορία,

398 1807 653 1889 ύπόθεσις
685 1811 885 1880 ἀρετῆς
906 1815 1018 1875 τοῖς
1045 1813 1351 1877 σπουδαίοις
1390 1814 1728 1869 καθίσταται.
1762 1818 1837 1869 Ού
1869 1818 1979 1887 γάρ

397 1899 618 1953 ἄλλοθεν
656 1902 1014 1973 δεδιδάγμεθα
1044 1906 1293 1974 ταῦτα,ἥ
1328 1907 1385 1971 ἐξ
1425 1904 1501 1959 ὧν
1543 1907 1706 1967 αὐτὸς
1748 1907 1814 1960 τὰ
1851 1908 1979 1978 περὶ

397 1990 591 2044 ἑαυτοῦ
613 1991 789 2060 λόγοις
814 1996 1189 2065 κατέσπειρεν.
1237 1997 1353 2066 Ἀφ’
1375 1991 1449 2052 ὧν
1479 2000 1636 2069 ἡμεῖς
1665 1999 1741 2062 ώς
1764 2002 1797 2071 ἡ
1828 2002 1981 2055 ἐπαι-

394 2081 522 2152 νετὴ
556 2082 802 2152 μέλισσα,
863 2087 928 2138 ἐκ
980 2087 1191 2141 πολλῶν
1241 2089 1447 2143 ἀνθέων
1507 2090 1858 2158 συλλέξαντες
1908 2095 1977 2148 τὰ

395 2175 662 2245 χρήσιμα.
702 2177 761 2229 τὸ
798 2180 1164 2249 πνευματικὸν
1191 2181 1348 2235 τοῦτο
1390 2183 1581 2253 κηρίον
1610 2186 1984 2257 κατειργασά-Δ

398 2265 555 2334 μεθα.
591 2268 697 2320 Καὶ
736 2268 797 2321 ού
829 2270 1044 2341 χολανεί
1072 2274 1287 2337 πάντως
1322 2275 1453 2345 ἡμῖν
1484 2275 1572 2328 διά
1599 2277 1697 2348 τὴν
1726 2278 1977 2350 ἐγχείρη-

397 2374 501 2421 σιν,
542 2358 621 2412 ὅτι
652 2360 728 2431 μὴ
773 2360 941 2415 δέδιεν
985 2364 1065 2417 ἔτι
1097 2364 1188 2418 τὸν
1230 2366 1466 2438 πονηρὸν
1503 2367 1752 2438 δαίμονα,
1787 2370 1875 2423 διὰ
1914 2370 1977 2423 τὸ

394 2450 489 2503 καὶ
524 2452 659 2522 πρὸς
678 2454 840 2525 λαύτῷ
871 2456 979 2509 τῶν
1020 2457 1247 2525 ἀγώνων
1276 2459 1356 2528 τῷ
1396 2459 1537 2513 τέλει
1580 2461 1810 2525 πολλοὺς
1842 2463 1977 2516 ὑπο-

396 2542 659 2605 σκελίσαι,
688 2545 833 2612 ἅπαξ
856 2549 948 2601 καὶ
978 2550 1059 2613 είς
1085 2550 1213 2613 τοὺς
1242 2550 1587 2622 ἀκυμάντους
1613 2554 1720 2607 τῶν
1753 2554 1978 2625 ἀσωμά-

393 2651 504 2687 των
552 2636 762 2705 φθάσας
812 2638 1057 2710 λιμένας.
1094 2642 1198 2706 έξω
1240 2644 1497 2714 τυγχάνει
1546 2644 1645 2698 καὶ
1679 2645 1848 2716 ζάλης
1882 2646 1978 2700 καὶ

395 2726 678 2792 κλύδωνος.
720 2730 889 2802 Δεῦρο
915 2731 979 2804 δὴ
1014 2729 1128 2795 οὖν,
1162 2733 1285 2788 καθ’
1310 2735 1407 2787 ἕνα
1446 2735 1555 2789 τῶν
1580 2737 1977 2809 ἀπηριθμημέ-

393 2836 499 2871 νων
535 2822 731 2893 μικρὸν
771 2825 1213 2896 ἐνδιατρίψαντες
1246 2827 1323 2898 τῷ
1357 2828 1519 2899 λόγῳ,
1551 2825 1663 2893 οἶος
1696 2830 1921 2899 γέγονεν
1950 2833 1979 2885 ό

393 2910 715 2981 θαυμάσιος,
747 2917 840 2968 καὶ
862 2918 944 2980 εὶς
964 2919 1086 2971 ὅσον
1118 2919 1316 2989 μέτρον
1347 2925 1718 2992 πνευματικῆς
1744 2922 1978 2992 ἔφθασεν

394 2999 731 3065 ἀναϐάσεως.
767 3006 880 3067 τοῖς
914 3007 1345 3077 συνειλεγμένοις
1373 3010 1868 3083 καθυποδείξωμεν.

2082 1279 2190 1319 nus
2227 1265 2282 1317 in
2311 1279 2408 1320 eos
2437 1266 2530 1336 qui
2566 1266 2717 1321 rabie
2761 1266 3023 1322 adversus
3052 1267 3308 1336 pietatem
3357 1275 3523 1336 atque
3583 1278 3671 1320 re-

2084 1355 2341 1425 ligionem
2373 1356 2805 1425 inveherentur;
2838 1367 3035 1413 cuneta
3070 1357 3329 1428 denique,
3362 1356 3563 1427 quibus
3600 1353 3669 1409 ad

2082 1444 2179 1501 Dei
2220 1447 2511 1517 imaginem
2546 1447 2712 1502 homo
2768 1448 3087 1518 insignitur.
3146 1444 3276 1503 Istis
3330 1453 3515 1501 noster
3578 1443 3671 1498 hic

2085 1538 2245 1593 Pater
2298 1540 2595 1593 decoratur
2640 1538 2928 1605 laudibus;
2987 1552 3109 1608 quae
3173 1549 3669 1593 commemoramus

2083 1630 2354 1702 agnoscit,
2388 1631 2783 1701 prterogativas
2812 1631 2913 1686 has
2945 1645 3071 1685 esse
3098 1628 3373 1700 pr0prias,
3405 1643 3529 1682 eum
3558 1640 3667 1681 non

2081 1722 2234 1789 latet;
2262 1737 2325 1777 ac
2350 1738 2631 1777 sermones
2652 1722 2837 1787 hosce,
2872 1730 2931 1776 ut
2967 1722 3147 1787 nobis,
3180 1736 3288 1775 non
3324 1720 3427 1774 sibi
3479 1719 3666 1781 utiles,

2086 1830 2195 1869 non
2227 1816 2553 1871 contemnit.
2578 1814 2715 1869 Nam
2751 1816 2833 1869 vel
2862 1816 3060 1885 exigua
3085 1815 3153 1870 de
3204 1815 3325 1883 ipso
3363 1812 3665 1875 enarratio,

2083 1907 2346 1962 studiosis
2363 1921 2531 1962 causa
2554 1906 2982 1977 complectenda:
3000 1922 3062 1961 cx
3072 1906 3218 1962 sistit
3235 1904 3472 1959 virtutis.
3490 1903 3668 1972 Atque

2082 2001 2188 2057 ista
2222 2017 2330 2054 non
2354 2000 2598 2064 aliunde,
2635 2000 2729 2054 sed
2754 2015 2821 2053 ex
2854 2000 2943 2066 iis,
2976 2014 3098 2069 quae
3128 2000 3182 2053 in
3203 1998 3373 2053 variis
3404 1998 3522 2065 ipse
3549 1995 3667 2051 suis

2081 2091 3052 2163 disseminavitscriptis,didicimus.
3079 2091 3152 2145 Ex
3182 2090 3663 2161 quibus,inquam,

2082 2188 2287 2243 sedula:
2322 2179 2498 2242 instar
2526 2186 2667 2255 apis,
2701 2202 2766 2241 ex
2797 2185 3051 2256 plurimis
3085 2184 3312 2239 ﬂoribus
3349 2182 3502 2236 utilia
3551 2180 3669 2235 col-

2077 2280 2336 2350 ligentes,
2368 2277 2551 2332 favum
2579 2278 2727 2333 hunc
2749 2278 3090 2350 spiritualem
3119 2275 3479 2333 coniecimus.
3499 2272 3667 2329 Nobis

2078 2385 2210 2426 vero
2242 2370 2356 2425 haec
2389 2370 2511 2440 ipse
2565 2370 2899 2425 conantibus
2945 2382 3297 2441 nequaquam
3344 2365 3663 2423 subirasce-

2080 2473 2192 2527 tur,
2217 2462 2441 2533 quando
2474 2463 2767 2518 scelestum
2822 2463 3145 2526 daamonem,
3202 2459 3297 2531 qui
3328 2458 3532 2513 multos
3582 2457 3668 2511 vel

2081 2555 2135 2608 in
2167 2563 2413 2609 extremo
2440 2568 2616 2623 agone
2644 2553 3005 2623 supplantare
3036 2551 3197 2614 solet,
3243 2565 3355 2604 non
3408 2547 3669 2619 pertime-

2082 2645 2188 2701 scit
2212 2644 2482 2714 amplius;
2506 2644 2619 2713 jam
2652 2644 2797 2699 enim
2830 2644 2895 2697 ad
2930 2642 3286 2711 tranquillum
3316 2638 3668 2711 pervenitin-

2083 2750 2478 2805 corporeorum
2540 2742 2783 2804 portum,
2840 2735 2931 2788 ubi
2976 2734 3159 2787 nullas
3191 2731 3413 2786 omnino
3464 2728 3671 2800 procel-

2084 2829 2166 2884 las
2198 2828 2521 2882 rcformidat
2570 2834 2735 2896 atque
2764 2832 3139 2896 tempestates.
3178 2822 3292 2893 Age
3334 2822 3521 2892 igitur,
3556 2820 3672 2875 sin-

2083 2922 2227 2991 gulis
2258 2936 2471 2984 eorum,
2513 2935 2635 2988 quae
2659 2926 2978 2973 enumerata
3018 2923 3171 2982 sunt,
3224 2914 3512 2985 paululum
3568 2912 3671 2966 im-

2087 3020 2390 3079 morantes,
2421 3012 2602 3083 qualis
2668 3010 2907 3066 eximius
2946 3010 3051 3064 iste
3086 3009 3173 3061 vir
3207 3007 3464 3072 evaserit,
3498 3012 3553 3061 et
3612 3004 3669 3059 in

393 3108 554 3161 quem
585 3095 816 3164 gradum
855 3097 1157 3167 spiritualis
1182 3100 1559 3157 sanctimonia:
1592 3104 1832 3172 seipsum
1868 3106 2185 3174 provexerit
2207 3105 2293 3159 his
2321 3106 2413 3175 qui
2448 3110 2829 3159 convenerunt
2856 3101 3238 3156 ostendamus.

464 3186 706 3250 Πίστεως
754 3187 853 3256 μὲν
877 3188 986 3260 γάρ
1013 3185 1125 3260 εἶχε
1167 3189 1287 3243 λίαν
1319 3192 1512 3262 ὀρθῶς,
1551 3196 1612 3247 οὐ
1650 3196 1839 3268 πόρρω
1871 3215 1973 3249 που

2150 3197 2232 3252 Ad
2266 3198 2426 3252 [idem
2463 3211 2591 3267 ergo
2625 3195 2772 3266 quod
2802 3194 3019 3259 attinet,
3064 3193 3212 3247 nulla
3258 3207 3324 3247 ex
3354 3197 3512 3261 parte
3536 3201 3669 3259 pro--

392 3274 563 3329 νεύων
593 3274 692 3345 τῆς
736 3277 1016 3342 εὐσεϐείας
1040 3295 1054 3309 ·
1094 3280 1276 3345 καθὼς
1301 3281 1366 3335 ἐκ
1412 3300 1469 3336 τε
1495 3286 1604 3338 τῶν
1644 3286 1807 3339 αὑτοῦ
1851 3305 1980 3355 συγ-

394 3368 758 3438 γραμμάτων,
792 3369 854 3423 ἔκ
882 3388 940 3423 τε
968 3372 1071 3441 τῆς
1097 3374 1224 3446 περὶ
1254 3376 1419 3430 αὑτὸν
1461 3378 1568 3431 ὑπὸ
1597 3380 1697 3446 τῆς
1746 3380 1978 3451 Ἐκκλη-

394 3460 514 3524 σίας
548 3462 967 3533 παρειλήφαμεν
1000 3463 1157 3537 δόξης
1185 3483 1198 3495 ·
1230 3467 1290 3531 ἐξ
1333 3469 1449 3522 ῐσου
1496 3470 1608 3542 γὰρ
1642 3472 1979 3542 ἐμυσάττετο

391 3553 490 3625 τὴν
538 3555 634 3608 τοῦ
688 3555 978 3609 Σαδελλίου
1030 3556 1343 3627 παράλογον
1394 3560 1675 3631 σύγχυσιν,
1727 3564 1821 3617 καὶ
1878 3563 1977 3635 τὴν

405 3645 613 3716 Ἀρείου
657 3646 897 3717 μανιώδη
926 3646 1209 3720 διαίρεσιν.
1247 3649 1463 3703 Ἴστατο
1486 3651 1541 3703 δὲ
1565 3652 1673 3704 τῶν
1692 3655 1793 3723 τῆς
1821 3653 1978 3705 εὐσε-

391 3738 545 3801 ϐείας
571 3740 715 3809 ὅρων
744 3738 892 3802 ἐντός
911 3756 925 3770 ·
956 3737 1179 3810 διαιρῶν
1201 3740 1301 3811 μὲν
1320 3740 1400 3813 τῷ
1423 3742 1662 3814 ἀριθμῷ,
1690 3744 1976 3798 συνάπτων

389 3830 447 3884 δὲ
478 3834 541 3901 τῇ
583 3830 741 3902 οὐσίᾳ
776 3832 877 3904 τὴν
927 3831 1056 3901 μίαν
1083 3832 1177 3885 καὶ
1216 3831 1521 3904 ἀσύγχυτον
1559 3836 1653 3889 καὶ
1704 3839 1978 3905 παναγίαν

392 3924 596 3993 Τριάδα
613 3939 626 3952 ⁸
649 3924 724 3987 ὼς
754 3924 821 3978 ἂν
853 3926 990 3996 μήτε
1014 3924 1204 3978 πενίαν
1231 3925 1482 3997 θεότητος
1519 3927 1820 3992 Ἰουδαϊκῶς
1838 3931 1977 3983 όνειο

390 4017 610 4083 δίζοιτο,
648 4019 787 4088 μήτε
818 4017 975 4088 δήμῳ
1008 4016 1159 4071 Θεῶν
1200 4016 1527 4089 Ἑλληνικῶς
1560 4019 1971 4090 ἐκδακχεύοιτο⁹

392 4110 428 4163 ἃ
463 4112 651 4163 παθεῖν
689 4112 737 4163 οἱ
768 4111 895 4181 περ)⁸
932 4110 1032 4180 τὴν
1070 4110 1455 4180 ἀκατάληπτον
1478 4111 1687 4180 Τριάδα
1708 4114 1971 4182 παροινή-

394 4218 586 4263 σαντες
637 4201 1026 4271 ὲξελέγχονται.
1086 4201 1466 4271 Ἀπολιναρίου
1514 4201 1571 4254 δὲ
1620 4201 1873 4255 τοσοῦτον
1912 4203 1974 4256 τὸ

392 4294 585 4361 ἄλογον
615 4294 975 4362 ἀπεπέμπετο
1009 4294 1207 4364 δόγμα,
1257 4294 1330 4357 ὡς
1372 4295 1551 4348 πᾶσαν
1586 4294 1772 4347 θέσθαι
1810 4312 1974 4348 σπου-

390 4386 487 4456 δὴν
517 4388 581 4438 ὲκ
611 4386 790 4455 πάσης
820 4386 950 4439 αὐτὸ
977 4385 1017 4438 Χ
1029 4386 1365 4456 ριστιανικῆς
1396 4385 1623 4451 ἐξεῶσαι
1649 4386 1844 4456 ψυχῆς.

2080 3290 2169 3345 cul
2201 3304 2230 3343 a
2267 3289 2471 3360 pietate
2498 3287 2818 3351 deﬂectens,
2853 3286 3147 3340 admodum
3181 3290 3331 3340 recte
3360 3282 3666 3339 sentiebat:

2077 3382 2225 3452 quod
2254 3397 2380 3437 cum
2404 3380 2527 3451 ejus
2556 3396 2622 3435 ex
2653 3380 2900 3450 scriptis,
2934 3386 3049 3432 tum
3081 3392 3149 3432 ex
3172 3375 3431 3431 Ecclesiae
3459 3374 3528 3430 de
3552 3373 3672 3443 ipso

2075 3472 2481 3529 existimatione
2508 3471 2677 3541 probe
2708 3469 3105 3540 cognovimus;
3140 3483 3265 3522 nam
3299 3481 3457 3536 aeque
3483 3473 3539 3521 et
3570 3464 3671 3518 l'al-

2076 3580 2193 3619 sam
2229 3564 2453 3620 Sabellii
2485 3562 2892 3629 confusionem,
2920 3569 2976 3616 ct
3008 3561 3257 3614 insanam
3284 3558 3398 3613 Arii
3442 3556 3671 3611 divisio-

2080 3674 2206 3713 nem
2241 3657 2687 3711 abominabatur.
2721 3652 2991 3708 Constitit
3020 3659 3202 3705 autem
3233 3648 3289 3703 in
3322 3647 3523 3701 ﬁnibus
3550 3646 3667 3715 pie-

2078 3750 2209 3804 tatis
2239 3757 2403 3817 alque
2436 3747 2716 3816 religionis
2749 3764 2763 3799 :
2807 3744 2888 3800 sic
2922 3742 3127 3812 quippe
3157 3754 3345 3801 unam,
3392 3752 3499 3793 non
3528 3751 3665 3791 con-

2078 3842 2296 3904 fusam,
2348 3845 2871 3905 sacrosanctamque
2915 3833 3278 3893 Trinitatem.
3333 3838 3388 3885 et
3437 3840 3667 3882 numero

2081 3945 2444 4001 personarum
2493 3926 2799 3989 dividebat,
2844 3932 2899 3979 et
2934 3925 3143 3977 unitate
3176 3920 3502 3977 substantia:
3533 3932 3667 3972 con-

2076 4022 2343 4093 jungebat
2384 4038 2397 4073 :
2453 4028 2513 4073 ut
2565 4034 2744 4087 neque
2790 4017 3096 4070 divinitatis
3146 4014 3388 4083 inopiam
3440 4010 3667 4065 Judaice

2079 4110 2413 4168 contumelia
2464 4107 2724 4171 alliceret,
2767 4122 2950 4176 neque
3003 4105 3232 4157 deorum
3287 4100 3664 4164 multitudine,

2081 4217 2234 4256 more
2270 4199 2555 4270 gentilium
2583 4212 2647 4249 ac
2672 4210 3009 4266 paganorum
3031 4193 3483 4247 dcbaccharetur.
3508 4187 3666 4255 Quod

2080 4294 2191 4347 illis
2221 4292 2547 4359 contingere
2589 4286 3053 4358 deprehendimus
3076 4323 3090 4347 ,
3136 4284 3229 4354 qui
3265 4284 3318 4337 in
3352 4282 3667 4350 incompre-

2078 4384 2406 4439 hensibilem
2424 4380 2747 4435 Trinitatem
2778 4379 3087 4449 petulanter
3109 4374 3490 4431 contumeliosi
3511 4381 3659 4429 sunt.

391 4481 860 4536 Absurdissimam
888 4498 1049 4550 porro
1072 4481 1393 4551 Apollinarii
1417 4481 1731 4550 opinionem
1764 4482 1843 4535 sic
1876 4480 2272 4545 detestabatur,
2293 4488 2351 4531 ut
2380 4477 2529 4531 omni
2572 4483 2773 4530 conatu
2810 4482 2975 4543 atque
3012 4472 3386 4527 sollicitudine
3410 4468 3660 4524 eamdem

392 4589 458 4627 ex
494 4570 816 4641 quorumvis
842 4569 1285 4623 Christianorum
1317 4570 1519 4625 animis
1547 4570 1779 4624 evellere
1809 4572 2072 4624 studeret.

472 4661 633 4715 Ἀλλὰ
671 4660 776 4731 μὴν
823 4662 918 4713 καὶ
970 4660 1079 4713 τῶν
1129 4662 1422 4731 Ἀνομοίων
1471 4661 1557 4714 διὰ
1594 4660 1799 4713 πολλῶν
1832 4662 1959 4713 ἁπο-

2146 4659 2291 4725 Quin
2327 4666 2379 4713 et
2420 4657 2640 4720 futiles,
2671 4656 3075 4726 eﬂ'renatasque
3108 4656 3503 4709 Anommorum
3554 4654 3661 4709 lin-

389 4751 673 4806 δεικτικῶν
700 4768 759 4803 τε
791 4751 883 4803 καὶ
912 4751 1205 4819 Γραφικῶν
1243 4752 1437 4820 λόγων,
1476 4752 1545 4805 τά
1585 4751 1845 4805 ἀπύλωτα
1887 4753 1975 4804 ἐν-

392 4845 596 4915 έφραξε
634 4844 898 4912 στόματα,
926 4843 1190 4913 μεγίστην
1224 4843 1520 4911 ἀσφάλειαν
1550 4845 1681 4913 ἡμῖν
1711 4843 1778 4896 τά
1808 4842 1973 4897 αὐτοῦ

390 4940 703 4993 θεοδίδακτα
738 4936 912 4989 λιπὼν
942 4936 1117 5003 λόγια.
1152 4936 1396 4988 Νουάτου
1436 4936 1491 4989 δὲ
1537 4938 1584 4989 εἰ
1620 4936 1861 5006 βούλοιτό
1889 4954 1974 4999 τις

388 5031 483 5084 τοῦ
516 5030 851 5100 θρασυτάτου
891 5029 1111 5100 ἥττημα
1140 5028 1400 5089 κατιδεῖν,
1437 5031 1493 5081 ὲν
1527 5032 1593 5099 τῇ
1620 5029 1707 5081 διὰ
1748 5029 1857 5081 τῶν
1887 5028 1983 5080 λό⁵

390 5141 500 5191 γων
524 5123 619 5175 τοῦ
663 5120 904 5192 Ἐφραϊμ
936 5120 1080 5191 πάλῃ
1127 5119 1189 5171 τὸ
1214 5118 1309 5172 τοῦ
1354 5120 1591 5173 ἐναντίου
1623 5120 1824 5189 πτῶμα
1855 5120 1977 5189 βλε-

392 5216 559 5281 πέτω,
615 5208 736 5288 ὲνῇ
776 5213 1027 5267 τοσοῦτον
1079 5213 1300 5284 εὑρήσει
1332 5212 1393 5265 τὸ
1437 5212 1626 5283 περιὸν
1666 5213 1763 5283 τῆς
1814 5212 1973 5267 δυνά-

395 5324 538 5377 μεως
577 5306 671 5359 τοῦ
724 5305 993 5378 ἡμετέρου
1049 5304 1379 5357 Διδασκάλου
1434 5304 1491 5356 ἐν
1538 5306 1605 5374 τῇ
1660 5303 1754 5357 τοῦ
1813 5303 1970 5373 λόγου

394 5399 755 5467 παραστάσει,
785 5396 917 5465 ὅσην
964 5394 1155 5464 ἀνδρὸς
1186 5392 1626 5463 παγκρατιαστοῦ
1659 5393 1750 5446 καὶ
1786 5393 1973 5457 παιδὸς

391 5487 490 5540 οὐκ
537 5486 821 5551 εὐσθενοῦς
861 5488 928 5541 δι’
960 5488 1296 5556 ἁπαλότητα.
1329 5487 1402 5539 Ού
1449 5486 1607 5556 μόνον
1638 5486 1693 5539 δὲ
1725 5486 1822 5550 τὰς
1851 5489 1973 5540 κατ’

394 5582 570 5633 έκεῖνο
600 5580 790 5651 καιροῦ
822 5580 867 5651 ἢ,
893 5582 984 5633 καὶ
1014 5582 1247 5650 πρόσθεν
1272 5578 1601 5646 ἀναφυείσας
1630 5578 1735 5631 ὑπὸ
1758 5578 1850 5631 τοῦ
1874 5579 1972 5648 τῆς

396 5670 591 5732 κακίας
641 5670 885 5740 σπορέως
915 5670 1248 5735 ζιζανιώδεις
1278 5671 1537 5741 αἱρέσεις,
1570 5667 1648 5739 τῷ
1676 5667 1820 5738 ὀρθῷ
1867 5668 1968 5738 τῆς

396 5762 628 5824 πίστεως
674 5760 928 5832 ἐξήλεγξε
975 5762 1148 5833 λόγῳ·
1196 5763 1329 5815 ἀλλὰ
1370 5761 1461 5815 καὶ
1496 5760 1593 5825 τὰς
1625 5764 1703 5825 εἰς
1739 5760 1965 5832 ὓστερον

2078 4769 2215 4824 gnas
2250 4752 2417 4805 variis
2458 4750 2798 4821 argumentis
2824 4790 2839 4815 ,
2891 4748 3299 4818 Scripttlrzeque
3333 4748 3664 4803 testimoniis

2079 4845 2299 4914 penitus
2330 4844 2616 4913 repressit,
2651 4856 2977 4911 summeque
3008 4841 3161 4894 utilia
3193 4854 3257 4893 ac
3287 4840 3469 4893 divina
3504 4840 3665 4896 nobis

2076 4937 2369 4991 adversum
2416 4951 2512 4990 eos
2559 4944 2912 4989 monumenta
2956 4933 3198 5002 reliquit.
3264 4930 3322 4985 Si
3374 4932 3500 5002 quis
3532 4947 3663 4987 vero

2078 5031 2132 5084 iu
2176 5029 2233 5083 S.
2274 5028 2527 5098 Ephraam
2575 5027 3015 5097 disputationum
3061 5040 3186 5079 cum
3233 5023 3480 5089 Novato,
3520 5039 3659 5080 con-

2076 5122 2249 5187 ﬂictu,
2304 5121 2491 5191 cupiat
2538 5118 2895 5172 audacissimi
2944 5117 3065 5187 ejus
3110 5116 3363 5170 contueri
3399 5124 3659 5186 stragem,

2077 5213 2378 5269 adversarii
2412 5226 2601 5267 casum
2646 5209 2909 5279 respiciat
2940 5215 3174 5278 oportet.
3210 5207 3286 5261 lbi
3318 5206 3464 5260 enim
3486 5220 3664 5275 usque

2076 5305 2214 5360 adeo
2244 5303 2558 5373 superiores
2593 5301 2647 5354 in
2697 5302 2817 5370 ipso
2852 5298 3173 5354 certaminis
3220 5311 3520 5367 congressu
3558 5312 3660 5350 lm-

2075 5397 2176 5452 stri
2206 5396 2448 5451 doctoris
2477 5396 2621 5447 vires
2650 5392 2915 5454 inveniet,
2954 5398 3014 5444 ut
3058 5392 3204 5443 hunc
3232 5390 3659 5459 pancratiastem

2081 5500 2244 5559 atque
2284 5495 2611 5543 certatorem
2650 5484 2948 5544 invictum,
3000 5484 3153 5536 illum
3205 5489 3386 5536 autem
3440 5482 3656 5535 mollem

2078 5598 2143 5635 ac
2179 5589 2433 5649 tanquam
2464 5593 2691 5647 puerum
2724 5576 2966 5630 nomium
3007 5584 3165 5630 aetate
3207 5574 3481 5629 firmatum
3506 5574 3658 5625 dixe-

2076 5671 2164 5725 rit.
2204 5668 2391 5739 Neque
2430 5684 2557 5722 vero
2603 5669 2725 5722 illas
2776 5671 3067 5729 duntaxat,
3114 5681 3236 5736 quze
3268 5666 3353 5721 vel
3381 5676 3531 5726 tunc,
3570 5661 3652 5715 \el

2074 5773 2232 5817 antea
2268 5761 2603 5815 zizaniorum
2639 5760 2877 5815 haereses
2910 5776 2972 5814 ex
3014 5759 3231 5812 malitis:
3282 5758 3490 5812 semine
3536 5753 3655 5807 fuc-
