4132 6356
459 269 564 326 8Ξ7

1726 270 1783 328 S.
1822 271 2150 330 GREGORII
2191 272 2481 340 NYSSENI

3617 272 3724 329 ηε

460 396 586 443 rant
613 393 842 453 exortae,
887 386 1012 446 ﬁdei
1052 388 1383 451 rectitudine
1427 391 1769 464 propulsavit
1800 407 1815 443 :
1851 407 2038 446 verum

2155 395 2328 459 ιιακῶς
2351 394 2686 466 άναθαλῆσαι
2733 393 3034 466 μελλούσας
3073 393 3401 466 προφητικῷ
3451 392 3725 466 βλέμματι

460 489 518 535 et
539 495 635 535 eas
656 495 778 550 quae
807 481 861 536 in
897 482 1139 537 futurum
1170 482 1478 554 perniciose
1499 483 1766 554 pullulare
1791 491 2043 554 poterant

463 572 803 642 propheticis
855 573 1034 628 oculis
1085 573 1392 643 praevidens
1437 575 1706 645 praecidit.
1766 574 2045 646 Quotquot

465 663 612 717 enim
642 663 711 717 ab
743 679 811 719 eo
843 663 1157 734 conscripta
1205 672 1336 720 sunt
1371 665 1669 730 volumina,
1700 667 2047 724 demonstra-

465 753 710 809 tionibus
759 760 888 809 sunt
939 754 1118 824 plena.
1171 755 1462 826 Nunquam
1505 771 1636 828 ergo
1677 757 1925 824 veritatis
1958 759 2049 816 hic

467 844 633 909 illius,
658 845 726 899 ab
754 845 870 915 ipsa
898 843 1179 900 deﬂexerit
1206 848 1437 903 veritate
1462 865 1477 902 :
1501 863 1652 919 spem
1676 864 1806 906 vero
1826 865 2047 907 omnem

468 937 523 992 in
559 936 682 992 solo
724 935 834 991 Deo
881 936 1115 992 deﬁxam
1147 937 1358 1008 habuit,
1396 939 1454 995 in
1494 955 1607 1012 quo
1634 943 1730 1012 qui
1760 958 1891 1000 suas
1921 959 2047 1014 spes

466 1029 833 1093 constituunt,
871 1029 1096 1099 praemia
1127 1029 1392 1094 referunt.
1435 1031 1781 1106 Quapropter
1806 1044 1863 1091 et
1910 1036 2048 1094 illud

467 1117 668 1176 Psalmi
722 1119 778 1182 in
825 1120 1043 1178 cunctis
1087 1121 1209 1181 suis
1263 1121 1426 1181 factis
1470 1124 1749 1197 dictisque
1778 1143 2049 1199 usurpare

467 1212 716 1272 solebat:
739 1211 808 1271 In
835 1213 950 1284 ipso
967 1205 1200 1282 speravit
1227 1231 1320 1272 cor
1346 1232 1540 1282 meum,
1565 1227 1614 1274 et
1643 1218 1863 1289 adjutus
1881 1221 2046 1278 sum'.

468 1303 736 1371 Quoniam
777 1314 1070 1374 sperantem
1111 1307 1167 1360 in
1213 1305 1497 1362 Dominum
1532 1310 1903 1367 misericordia
1941 1313 2048 1366 cir-

467 1395 799 1453 cumdahit‘.
845 1395 911 1450 Et
943 1397 1143 1454 ﬁducia
1169 1397 1225 1453 in
1253 1397 1565 1466 Dominum,
1597 1403 1769 1456 monti
1803 1400 1936 1459 Sion
1973 1405 2048 1460 si-

469 1488 651 1543 milem
673 1487 885 1545 reddit:
913 1491 1076 1559 inque
1100 1506 1368 1546 summam
1393 1491 1784 1548 beatitudinem
1806 1511 1931 1551 eum
1952 1495 2048 1568 qui

471 1577 732 1647 possidet,
767 1580 1077 1646 constituit,
1118 1581 1262 1638 sicut
1293 1597 1360 1638 ex
1409 1583 1544 1653 ipsis
1585 1584 1871 1642 addiscere
1922 1587 2049 1642 licet

469 1669 778 1739 prophetis,
809 1687 934 1728 cum
982 1671 1129 1728 dicat
1164 1671 1332 1728 David
1365 1692 1380 1730 :
1421 1673 1620 1730 Beatus
1651 1677 1751 1740 vir,
1785 1677 1940 1749 cujus
1967 1688 2048 1734 est

471 1775 659 1814 nomen
692 1759 906 1820 Domini
955 1776 1071 1830 spes
1104 1761 1276 1831 ejus'.
1323 1761 1590 1821 Jeremias
1639 1780 1768 1821 vero
1809 1783 1828 1820 :
1875 1767 2043 1823 Bcne-
2077 1751 2119 1806 Β

470 1849 642 1908 dictus
689 1850 766 1909 vir
808 1852 898 1920 qui
937 1851 1152 1920 conﬁdit
1191 1850 1246 1906 in
1285 1851 1538 1919 Domino,
1571 1863 1622 1910 et
1659 1857 1757 1916 erit
1790 1856 2050 1918 Dominus

471 1940 672 2011 ﬁducia
703 1941 876 2019 ejus‘.
913 1941 980 1996 Ει
1007 1943 1112 1998 erit
1131 1943 1290 2015 quasi
1322 1944 1530 2016 lignum
1564 1949 1711 2018 quod
1739 1952 2051 2022 transplan-

473 2042 620 2086 tatur
646 2047 812 2102 super
843 2049 1050 2104 aquas,
1084 2035 1232 2106 quod
1265 2036 1333 2092 ad
1373 2039 1656 2094 humorem
1692 2040 1858 2095 mittit
1904 2043 2053 2098 radi-

474 2140 569 2180 ces
597 2141 748 2190 suas,
773 2135 828 2184 et
859 2143 966 2182 non
995 2127 1226 2193 timebit,
1251 2145 1377 2186 cum
1401 2132 1610 2187 venerit
1635 2135 1856 2190 aestus".
1884 2133 2054 2192 Isaias

475 2225 658 2271 autem
695 2217 993 2279 :Dominus
1027 2235 1120 2274 rex
1153 2230 1350 2287 noster,
1394 2222 1651 2280 Dominus
1692 2235 1930 2281 servator
1957 2245 2052 2282 no-

476 2317 584 2362 ster
616 2322 637 2362 :
675 2308 784 2379 ipse
810 2309 1035 2366 saltabit
1062 2313 1213 2367 nos'.
1254 2312 1389 2369 Ecce
1415 2313 1554 2370 Deus
1594 2315 1845 2372 Salvator
1883 2335 2050 2385 meus,

478 2399 801 2468 ﬁducialiter
829 2418 1005 2473 agam,
1038 2413 1088 2459 et
1119 2421 1222 2465 non
1253 2405 1441 2461 timebo
1465 2407 1506 2463 ’.
1554 2407 1697 2475 Quin
1745 2422 1799 2466 et
1849 2408 2054 2470 Paulus

479 2504 583 2546 uos
618 2490 894 2559 admonet,
926 2493 1114 2552 dicens
1151 2513 1165 2549 :
1223 2498 1506 2557 Teneamus
1547 2501 1657 2567 spei
1685 2511 1882 2556 nostra:
1928 2520 2052 2558 con-

479 2581 762 2652 fessionem
793 2600 812 2644 :
855 2585 1025 2654 ﬁdelis
1052 2589 1191 2646 enim
1220 2597 1320 2654 est,
1347 2591 1438 2659 qui
1461 2594 1837 2661 repromisit".

552 2675 744 2732 Divina
791 2677 958 2750 igitur
992 2681 1115 2748 hac,
1161 2690 1216 2738 et
1263 2685 1502 2754 reposita
1535 2701 1634 2756 spe
1674 2692 1949 2744 enutritus
1992 2689 2051 2744 S.

480 2766 753 2838 Ephrem,
797 2770 1034 2828 humana
1064 2789 1128 2828 ac
1160 2775 1475 2832 transitoria
1521 2793 1860 2850 quacunque
1905 2796 2058 2851 sper-

481 2877 640 2926 nens.
673 2864 1065 2936 sempiternam
1097 2867 1318 2924 assidue
1347 2871 1579 2940 gloriam
1607 2875 2053 2944 concupiscebat.

478 2952 736 3009 Amorem
770 2971 900 3012 vero
933 2958 988 3012 in
1013 2957 1182 3015 Deum
1213 2969 1269 3018 et
1301 2962 1611 3032 proximum
1645 2963 1785 3020 adeo
1815 2969 2056 3021 servavit

2143 482 2395 550 κατιδὼν,
2454 485 2887 559 προεξεθέρισεν.
2939 485 3050 540 Kal.
3091 486 3299 540 τούτων
3347 485 3564 558 πλήρης
3613 484 3725 539 τῶν

2143 576 2470 643 ἀποδείξεων
2514 579 2666 638 πᾶσα
2687 577 2876 631 τούτου
2923 578 3214 650 συγγραφή
3253 595 3312 632 τε
3346 579 3440 632 καλ⁵
3484 579 3721 650 ποίησις.

2145 667 2332 732 Οὕτως
2357 669 2418 722 οὐ
2456 667 2675 722 πώποτε
2707 668 2807 740 τῆς
2841 667 3102 740 ἀληθείας
3127 671 3157 723 ὁ
3184 669 3300 740 τῆς
3321 668 3578 740 ἀληθείας
3608 670 3724 733 υίὸς

2145 757 2503 832 ἑξεφρόνησεν
2517 775 2530 791 ·
2553 759 2707 824 ἐλπὶς
2729 758 2787 813 δὶ
2809 757 2986 830 τούτῳ
3005 761 3039 831 ή
3061 760 3142 822 είς
3165 759 3300 814 Θεὸν
3328 759 3488 831 μόνη,
3515 759 3574 825 ἐξ
3598 761 3722 814 ὅτου

2147 851 2213 913 ἂν
2239 849 2616 922 ἀποκειμένων
2659 850 2890 908 ἐλπίδων
2917 853 3030 916 τοῖς
3074 849 3261 917 ἀξίοις-
3288 851 3346 904 ai
3381 850 3622 922 χάριτες.
3651 851 3725 904 Τὸ

2144 943 2255 1016 γὰρ
2282 942 2552 1016 ψαλμικὸν
2579 943 2667 997 διὰ
2710 943 2826 1014 βίου
2849 943 2992 1015 λόγῳ
3030 959 3090 998 τε
3129 942 3225 1000 καὶ
3262 942 3458 1016 πράξει
3485 942 3724 1016 μελετῶν

2147 1034 2400 1105 ἔφασκεν·
2443 1036 2561 1094 Ἐπ’
2604 1032 2766 1100 αὐτῷ
2802 1033 3066 1106 ἤλπισεν
3109 1035 3149 1102 ἠ
3189 1034 3404 1105 καρδία
3446 1049 3590 1105 μου,
3625 1034 3723 1090 καί

2145 1125 2502 1196 ἐϐοηθήθην.
2531 1127 2634 1180 Διά
2677 1125 2952 1186 τοιοῦτον
2977 1125 3347 1191 ἐλπίσαντος
3394 1124 3582 1180 αὑτοῦ
3625 1124 3727 1180 ἐπὶ

2147 1218 2384 1287 Κύριον,
2417 1217 2591 1285 ἔλεος
2633 1217 2820 1276 αὑτὸν
2846 1216 3168 1273 κυκλώσει.
3200 1219 3313 1272 Καὶ
3351 1219 3386 1288 η
3433 1218 3513 1279 είς
3535 1216 3723 1270 ...αὑτὸν

2148 1309 2490 1382 πεποίθησις,
2520 1311 2638 1382 δρει
2679 1309 2866 1364 τοῦτον
2913 1307 3053 1370 Σιὼν
3092 1308 3413 1374 ἀπεικάζειν
3458 1307 3595 1362 ἀλλά
3631 1308 3726 1362 καὶ

2149 1403 2485 1475 ὑψηλοτάτου
2521 1401 2874 1475 μακαρισμοῦ
2903 1401 3054 1466 ἐντὸς
3079 1401 3170 1456 τὸν
3210 1400 3547 1473 κεκτημένον
3587 1400 3724 1454 καθ-

2149 1495 2352 1569 ίστησι,
2398 1495 2475 1560 ὡς
2505 1495 2653 1550 ἐστιν
2689 1494 2749 1561 ἐξ
2795 1494 2976 1550 αὐτῶν
3007 1494 3117 1552 τῶν
3153 1494 3450 1566 προφητῶν
3473 1511 3726 1565 καταμα-

2148 1588 2282 1654 θεῖν,
2315 1587 2480 1642 Δαδὶδ
2513 1587 2612 1659 μὲν
2641 1585 2918 1656 λέγοντος·
2950 1585 3252 1656 Μακάριος
3283 1586 3460 1655 ἀνὴρ,
3489 1581 3563 1642 οὗ
3591 1586 3725 1640 ἐστι

2148 1680 2216 1734 τὸ
2237 1679 2425 1750 ὄνομα
2451 1681 2671 1748 Κυρίου
2694 1677 2871 1745 ἐλπίς
2895 1677 3101 1733 αὑτοῦ.
3142 1677 3404 1749 Ἱερεμίου
3429 1676 3508 1731 δέ·
3535 1678 3726 1732 Εὐλο-

2150 1770 2408 1842 γημένος
2426 1770 2756 1838 ἅνθρωπος,
2779 1769 2949 1836 ὅστις
2968 1769 3254 1827 πέποιθεν
3273 1769 3372 1822 ἐπὶ
3404 1767 3485 1834 τῷ
3508 1771 3561 1822 Κ
3561 1768 3738 1836 υρίφ,

2150 1861 2251 1915 καὶ
2293 1860 2464 1914 ἔσται
2501 1860 2715 1930 Κύριος
2743 1859 2920 1926 ἐλπὶς
2953 1859 3170 1914 αὐτοῦ*
3207 1857 3306 1913 καί
3335 1855 3508 1913 ἔσται
3541 1858 3624 1925 ὡς
3659 1857 3727 1912 τὸ

2151 1951 2345 2016 ξύλον
2371 1949 2668 2019 εὐθηνοῦν
2688 1952 2825 2020 παρ’
2852 1950 3062 2014 ὕδατα,
3095 1949 3194 2004 καί
3218 1950 3316 2003 ἐπὶ
3355 1948 3574 2018 ἰκμάδα
3610 1948 3726 2014 ,βα-

2149 2041 2250 2095 λεῖ
2278 2039 2452 2109 ῥίζαν
2493 2039 2697 2096 αὐτοῦ.
2736 2040 2846 2094 Καὶ
2886 2038 3139 2092 Ἡσαΐου·
3170 2039 3386 2105 Κύριος
3427 2035 3728 2103 Βασιλεὺς

2151 2131 2340 2202 ἡμῶν,
2384 2132 2598 2200 Κύριος
2636 2131 2839 2199 Σωτὴρ
2879 2127 3069 2200 ἡμῶν,
3107 2128 3290 2196 αὐτὸς
3321 2126 3507 2182 σώσει
3546 2124 3726 2196 ἡμᾶς.

2164 2224 2310 2280 Ἰδοὺ
2339 2225 2373 2277 ὁ
2412 2224 2557 2290 Θεὸς
2582 2227 2614 2277 ό
2641 2222 2845 2291 Σωτήρ
2863 2240 2982 2292 μου
3007 2222 3240 2291 Κύριος,
3272 2217 3568 2284 πεποιθὼς
3587 2219 3728 2273 ἐσο-

2149 2332 2254 2385 μαι
2303 2315 2398 2368 ἐπ’
2439 2313 2599 2380 αὐτῷ
2642 2314 2739 2367 καί
2776 2313 3175 2383 θαρσήσομαι.
3218 2313 3326 2366 Τοῦ
3363 2310 3634 2384 μακαρίου
3671 2308 3730 2363 δὲ

2154 2407 2362 2462 Παύλου
2391 2406 2781 2481 παραινοῦντος
2808 2405 2902 2463 καὶ
2930 2405 3183 2474 λέγοντος
3201 2419 3214 2434 ·
3247 2401 3590 2473 Κατέχομεν
3615 2399 3731 2470 τὴν

2154 2499 2518 2571 ἐπαγγελίαν
2541 2497 2654 2568 τῆς
2691 2496 2940 2565 ἐλπίδος
2961 2512 2975 2528 ·
3005 2495 3222 2563 πιστὸς
3247 2494 3360 2566 γὰρ
3392 2498 3426 2551 ό
3459 2493 3730 2565 ἐπαγγει-

2154 2589 2415 2661 λάμενος
2441 2588 2606 2659 ἡμῖν.

2226 2681 2414 2754 Ταύτῃ
2453 2683 2522 2752 τῇ
2560 2680 2680 2752 θείᾳ
2723 2680 2817 2734 καὶ
2859 2677 3199 2752 ἀποκειμένη
3235 2676 3410 2731 ἐλπίδι
3453 2675 3732 2748 είστρεφό-

2158 2788 2341 2844 μενος,
2369 2769 2476 2824 τῶν
2504 2769 2782 2841 κοσμικῶν
2819 2770 3074 2824 ἀπάντων
3104 2767 3468 2841 περιεφρόνει,
3506 2767 3600 2820 καὶ
3630 2766 3730 2836 τῆς

2157 2866 2376 2920 αἰωνίου
2405 2863 2563 2935 δόξης
2593 2863 2828 2934 ἑκάστης
2861 2861 3121 2933 ἱμείρετο.
3167 2861 3411 2930 ’Λγάπην
3440 2857 3497 2911 δὲ
3524 2857 3621 2929 τὴν
3649 2858 3731 2922 εἰς

2161 2959 2293 3013 Θεόν
2320 2973 2380 3011 τε
2409 2959 2504 3011 καὶ
2545 2957 2637 3010 τὸν
2665 2955 2890 3026 πλησίον
2919 2954 3090 3016 οὕτως
3117 2951 3364 3025 ἀκριϐῶς
3407 2950 3730 3021 ἐφυλάξατο,

481 3046 746 3114 studiose,
778 3056 838 3102 ut
861 3064 928 3104 ex
961 3049 1061 3106 hoc
1087 3050 1358 3108 decedens
1385 3054 1610 3122 szeculo,
1643 3055 1758 3110 haec
1788 3058 1928 3113 inter
1957 3073 2054 3128 po-

2161 3051 2236 3116 ὡς
2263 3049 2424 3105 αὐτὸν
2447 3042 2621 3104 εἰπεῖν
2647 3049 2866 3114 οὑτωσὶ,
2902 3046 2996 3101 τοῦ
3045 3046 3161 3117 βίου
3201 3045 3535 3115 ἀπαίροντα·
3569 3043 3734 3098 καλὸν

481 3146 684 3194 strema
720 3139 947 3196 referret
984 3158 997 3202 ;
1030 3158 1127 3212 par
1153 3144 1300 3198 enim
1325 3155 1410 3202 est
1436 3146 1554 3218 ipsa
1586 3147 1752 3203 verba
1785 3150 1961 3204 sancti
1991 3151 2058 3204 il-

479 3228 592 3313 lius
629 3229 828 3299 Patris,
863 3241 1120 3303 tanquam
1153 3237 1303 3291 omni
1336 3237 1807 3295 demonstratione
1845 3241 2060 3310 potiora

483 3322 540 3378 in
572 3324 808 3383 medium
837 3326 1158 3395 producere.
1194 3328 1354 3384 Nullo
1383 3330 1544 3385 modo
1571 3329 1625 3384 in
1653 3339 1764 3386 tota
1787 3347 1903 3386 mea
1926 3334 2058 3398 vita,
2105 3379 2114 3388 ,

482 3413 680 3484 inquit,
729 3415 996 3473 adversus
1045 3416 1337 3474 Dominum
1381 3421 1814 3478 contumeliosus
1854 3424 2060 3490 exstiti,

482 3521 587 3562 nec
631 3523 815 3564 sermo
842 3510 1046 3566 stultus
1075 3526 1106 3566 e
1152 3511 1316 3568 labiis
1349 3511 1488 3567 meis
1517 3528 1774 3584 egressus
1806 3521 1912 3570 est.
1957 3513 2062 3570 Ne-

484 3599 688 3655 minem
723 3599 779 3655 in
809 3602 957 3656 omni
990 3603 1099 3658 vita
1133 3620 1252 3660 mea
1282 3605 1591 3660 maledictis
1634 3606 1858 3662 oneravi
1887 3623 1902 3673 ;
1957 3622 2060 3666 nec

484 3704 610 3743 cum
634 3690 746 3746 ullo
775 3692 932 3762 plane
955 3693 1272 3750 Christiano
1297 3694 1520 3750 homine
1545 3697 1947 3754 contentiosum
1977 3714 2063 3754 me

486 3782 714 3853 przebui.
775 3787 818 3838 Ο
853 3785 1062 3843 felicem
1098 3787 1361 3859 linguam,
1396 3803 1520 3858 qua:
1551 3789 1888 3845 conﬁdenter
1912 3790 2062 3860 ejus-

488 3871 633 3927 modi
662 3889 850 3932 vocem
881 3877 1084 3944 emisit,
1115 3894 1238 3949 quae
1273 3879 1407 3956 solis
1440 3880 1788 3950 potissimum
1830 3882 2060 3952 angelis,

489 3973 712 4038 propter
756 3968 924 4023 vitam
956 3970 1026 4024 ab
1070 3970 1220 4025 omni
1261 3971 1492 4026 materia
1536 3971 1946 4043 mutationeque
1974 3989 2065 4028 re-

489 4065 715 4124 motam,
738 4061 1017 4131 congruitl
1055 4060 1124 4114 At
1147 4061 1306 4116 nobis
1332 4061 1483 4116 carni
1509 4062 1894 4128 servientibus,
1921 4061 2061 4118 haud

491 4149 566 4204 ita
595 4153 879 4217 convenit,
928 4161 1239 4223 nostraeque
1273 4161 1481 4209 natura:
1524 4155 1671 4210 vires
1698 4154 1873 4224 magis
1899 4171 2065 4210 exsu-

490 4249 668 4312 perat,
697 4258 861 4312 quam
901 4252 959 4298 ut
992 4244 1151 4302 facile
1177 4245 1454 4315 exaequari
1484 4243 1645 4300 factis
1672 4255 1856 4315 queat.

567 4333 634 4389 Et
666 4343 726 4389 ut
757 4336 1053 4406 plurimum
1088 4337 1308 4393 labores
1331 4377 1346 4399 ,
1403 4337 1654 4408 vitasque
1704 4337 1921 4391 illorum
1970 4351 2066 4394 ex-

2161 3144 2270 3217 γάρ
2297 3143 2435 3204 αὐτὰ
2461 3143 2528 3200 τά
2556 3144 2777 3214 ῥήματα
2797 3141 2889 3194 τοῦ
2917 3141 3174 3211 θεοφόρου
3201 3140 3414 3211 Πατρὸς
3455 3140 3534 3202 είς
3569 3138 3731 3210 μέσον

2160 3239 2408 3306 ἀγαγεῖν,
2449 3235 2733 3308 κρείττονα
2780 3233 2962 3302 πάσης
3006 3230 3330 3297 ἀποδείξεως
3376 3230 3732 3301 τυγχάνοντα.

2121 3328 2444 3399 -οὑδαμῶς,
2491 3328 2676 3398 φησὶν,
2721 3327 2778 3379 ὲν
2823 3325 2971 3396 πάσῃ
3001 3327 3066 3395 τῇ
3115 3323 3226 3394 ζωῇ
3275 3340 3378 3393 μου
3421 3321 3734 3393 ἐλοιδόρησα

2160 3419 2384 3490 Κύριον,
2416 3420 2507 3474 καὶ
2555 3418 2712 3486 λόγος
2759 3418 2948 3488 ἄφρων
2987 3417 3048 3471 οὐ
3090 3415 3333 3486 παρῆλθε
3361 3415 3470 3467 τῶν
3510 3412 3734 3484 χειλέων

2165 3529 2288 3583 μου.
2338 3512 2428 3566 Ἐν
2476 3511 2626 3581 πάσῃ
2656 3512 2723 3581 τῇ
2758 3509 2869 3580 ζωῇ
2921 3525 3022 3580 μου
3071 3506 3470 3578 κατηρασάμην
3512 3505 3613 3558 οὐκ
3647 3504 3735 3557 οὑ-

2160 3602 2305 3666 δένα,
2336 3601 2458 3655 καθ’
2486 3601 2608 3655 ὅλου
2646 3617 2706 3653 τε
2735 3601 2851 3671 μετ’
2881 3599 3094 3663 οὐδενὸς
3123 3598 3315 3652 πιστοῦ
3345 3597 3731 3668 ὲμαχησάμην.

2161 3689 2232 3748 Ὦ
2266 3693 2511 3764 μακαρία
2555 3691 2797 3761 γλῶσσα,
2833 3692 2956 3762 ἥτις
2994 3690 3315 3762 θαρρήσασα
3355 3689 3610 3760 τοιαύτην
3641 3687 3734 3759 ερ-

2163 3785 2290 3856 ρηξε
2327 3785 2530 3856 φωνὴν,
2567 3785 2599 3855 ἢ
2651 3783 2832 3853 μόνοις
2880 3784 2992 3846 τοῖς
3024 3781 3276 3852 ἀγγέλοις
3305 3779 3733 3855 πρεπωδεστάτη

2161 3877 2440 3946 τυγχάνει,
2483 3874 2574 3929 διὰ
2607 3874 2668 3927 τὸ
2707 3874 2868 3929 άῦλον
2907 3875 3000 3927 καὶ
3037 3873 3401 3928 ἀστασίαστον
3441 3872 3539 3943 τῆς
3568 3871 3714 3943 ζωῆς

2173 3965 2334 4036 Ἥμῖν
2361 3964 2417 4017 δὲ
2437 3967 2547 4030 τοῖς
2571 3968 2638 4037 τῇ
2669 3965 2832 4037 σαρκὶ
2859 3963 3188 4030 δουλεύουσι,
3217 3963 3341 4035 ξένη
3365 3964 3459 4022 καὶ
3481 3962 3620 4033 ὑπὲρ
3638 3960 3737 4039 τὴν

2163 4057 2346 4128 φύσιν,
2379 4058 2474 4110 καὶ
2501 4055 2732 4132 χαλεπὸν
2753 4055 3184 4133 κατορθωθῆναι,

2235 4323 2344 4376 Καὶ
2377 4320 2545 4380 πολλά
2587 4321 2684 4391 μὲν
2733 4321 2928 4392 κάμοις
2971 4319 3117 4391 βίους
3161 4317 3463 4390 ἀνερευνῶν
3507 4317 3615 4372 τῶν
3654 4319 3740 4373 ἐπ’

491 4427 698 4497 plores,
737 4426 829 4496 qui
859 4427 1158 4482 virtutibus
1202 4426 1334 4481 clari
1365 4425 1616 4492 fuerunt;
1648 4426 1734 4480 vix
1761 4435 1938 4481 tamen
1975 4427 2052 4478 ul-

2165 4413 2386 4484 ἀρεταῖς
2425 4411 2783 4483 περιϐοήτων,
2819 4409 3055 4482 οὐδαμοῦ
3091 4408 3146 4463 δέ
3187 4427 3240 4463 τι
3271 4407 3509 4462 τοιοῦτον
3541 4408 3740 4480 εὕροις,

494 4518 605 4572 lum
638 4517 767 4574 huic
813 4517 990 4574 simile
1042 4533 1192 4589 purae
1235 4519 1572 4586 sincermque
1605 4517 1894 4572 cbaritatis
1925 4517 2064 4571 indi-

492 4609 639 4664 cium
697 4609 962 4678 reperias.
1027 4609 1086 4663 Si
1140 4610 1285 4664 enim
1349 4609 1491 4663 inter
1546 4616 1776 4663 etinctas
1836 4609 2064 4663 virtutes

494 4700 732 4756 maxime
778 4699 1035 4769 praecellit
1085 4700 1366 4766 cbaritas,
1414 4700 1557 4754 hanc
1607 4699 1682 4756 ita
1734 4707 1920 4754 noster
1975 4698 2066 4755 hic

491 4793 733 4850 excoluit
766 4791 1035 4863 prrzem,
1089 4800 1149 4846 ut
1189 4791 1374 4848 nullus
1403 4791 1543 4847 alitts
1575 4790 1749 4860 magis
1790 4806 1853 4846 ex
1886 4789 2064 4849 Patri-

493 4887 618 4943 bus.
653 4883 761 4942 Sed
791 4885 1050 4958 quoniam
1078 4884 1241 4954 digna
1271 4883 1505 4954 quisque
1534 4883 1772 4953 propriis
1799 4882 1959 4941 iactis
1983 4896 2068 4934 ac-

494 4988 754 5052 cepturus
786 4989 871 5037 est
895 4979 1199 5050 praemia",
1248 4994 1318 5033 ne
1346 4977 1541 5034 Patres
1574 4977 1831 5032 Patrihus
1878 4976 2067 5031 videa-

497 5091 620 5129 mur
648 5073 920 5140 conferre,
963 5073 1067 5128 ista
1095 5072 1220 5127 aliis
1245 5068 1642 5126 consideranda
1691 5069 1874 5139 potius
1903 5068 2070 5123 relin-

495 5179 750 5237 quemus.
794 5162 979 5236 Neque
1001 5163 1166 5218 etiam
1199 5163 1314 5217 haec
1344 5164 1460 5232 ipsa
1486 5161 1913 5230 comparationis
1935 5175 2068 5215 cau-

498 5272 559 5313 sa
585 5272 614 5308 a
647 5255 804 5311 nobis
853 5262 983 5310 sunt
1014 5253 1183 5319 dicta,
1216 5253 1308 5309 sed
1343 5262 1400 5307 ut
1428 5250 1629 5322 populo
1659 5250 1807 5302 clare
1834 5257 2068 5316 constet,

499 5355 750 5402 nostrum
783 5344 950 5416 hunc,
981 5351 1074 5397 aut
1120 5342 1306 5397 verius
1348 5341 1620 5396 universae
1665 5337 1924 5392 Ecclesia)
1966 5337 2070 5396 do-

499 5445 707 5493 ctorem
746 5435 803 5490 S.
837 5433 1108 5505 Ephrem,
1159 5434 1227 5489 ad
1255 5447 1574 5503 supremum
1615 5431 1842 5503 gradum
1875 5428 1930 5482 in
1958 5428 2072 5498 spi-

503 5529 645 5586 ritali
681 5529 940 5583 virtutum
967 5527 1114 5583 scala
1143 5525 1474 5599 pervenisse.

2166 4500 2278 4560 οἷον
2309 4504 2402 4557 ἐπὶ
2427 4504 2504 4574 τῷ
2538 4502 2878 4576 προκειμένῳ
2904 4501 3096 4573 Πατρὶ,
3125 4502 3204 4564 είς
3237 4500 3485 4575 διήγησιν
3521 4501 3744 4570 σημεῖον

2171 4597 2416 4666 καθαρᾶς
2444 4595 2534 4648 καὶ
2559 4593 2889 4666 ἀκηλιδώτου
2914 4591 3154 4669 ἀγάπης.
3194 4593 3256 4646 Ei
3291 4588 3382 4647 οὖν
3409 4592 3608 4664 μείζων
3641 4609 3745 4644 πα-

2171 4687 2280 4741 σῶν
2306 4687 2413 4740 τῶν
2442 4685 2651 4757 ἀρετῶν
2676 4687 2708 4752 ὴ
2740 4683 2926 4754 ἀγάπη
2945 4699 2957 4713 ·
2999 4682 3204 4754 ταύτην
3243 4683 3298 4736 δὲ
3338 4683 3413 4749 ὡς
3447 4683 3547 4736 οὐκ
3588 4681 3745 4745 ἀλλος

2168 4797 2252 4842 τις
2277 4779 2387 4833 τῶν
2416 4778 2670 4850 Πατέρων
2704 4776 3063 4849 κατώρθωσεν
3103 4776 3342 4848 Ἐφραῖμ
3364 4777 3393 4828 ὁ
3443 4773 3744 4848 μακάριος·

2137 4892 2145 4900 ·
2171 4870 2510 4943 ἀπολήψεται
2549 4869 2607 4924 δὲ
2636 4869 2865 4933 ἕκαστος
2901 4868 3045 4931 κατά
3075 4867 3146 4928 τὰ
3179 4867 3314 4938 ἔργα
3355 4865 3551 4929 αὐτοῦ·
3583 4866 3644 4918 τὸ
3680 4867 3746 4919 ὲκ

2167 4965 2372 5019 τούτων
2397 4962 2574 5027 ἄλλοις
2610 4961 2993 5032 συμπεραίνειν
3031 4959 3524 5031 παραχωρήσομεν.
3552 4958 3637 5011 ἵνα
3668 4958 3747 5031 μὴ

2168 5055 2408 5127 δόξωμεν
2461 5053 2828 5125 παραϐάλλειν
2879 5052 3124 5127 Πατράσι
3181 5051 3448 5126 Πατέρας.
3499 5049 3575 5103 υὺ
3638 5049 3744 5119 γὰρ

2170 5147 2504 5223 συγκρίσεως
2556 5146 2714 5218 χάριν
2755 5144 2816 5202 τὸ
2867 5142 3030 5215 ῥηθὲν
3075 5141 3517 5215 παρειλήφαμεν,
3557 5139 3632 5203 ὡς
3680 5139 3746 5193 ἂν

2169 5241 2225 5295 δὲ
2263 5241 2421 5311 μόνον
2455 5239 2546 5300 ὑπ’
2586 5237 2708 5306 ὄψιν
2750 5239 2863 5300 τοῖς
2907 5234 3120 5298 πολλοῖς
3169 5236 3630 5306 παραστήσωμεν,
3669 5233 3746 5296 ὡς

2175 5336 2264 5390 ἐπ’
2289 5331 2453 5387 αὑτοῦ
2497 5330 2592 5384 τοῦ
2637 5330 2805 5402 ἄκρου
2850 5328 3048 5398 ἔφθασε
3087 5328 3183 5397 τῆς
3225 5327 3594 5397 πνευματικῆς
3636 5325 3744 5376 τῶν

2167 5424 2374 5496 ἀρετῶν
2419 5423 2683 5492 κλίμακος
2730 5421 2759 5473 ὁ
2799 5421 3081 5500 ἡμέτερος,
3115 5417 3312 5489 μᾶλλον
3339 5418 3394 5471 δὲ
3440 5417 3536 5487 τῆς
3564 5418 3743 5470 οἰκου-

2174 5517 2339 5588 μένης
2368 5513 2684 5577 διδάσκαλος
2723 5511 2981 5583 Ἐφραῖμ.

576 5665 594 5696 ³
621 5662 765 5718 Psal.
809 5676 977 5715 xxrn.
1026 5660 1080 5712 'l.
1153 5659 1174 5692 ⁸
1211 5657 1353 5715 Psal.
1385 5673 1538 5716 xxxi.
1596 5656 1681 5713 10.
1754 5655 1776 5687 ⁸
1814 5653 1955 5708 P-eal.
1987 5669 2059 5707 cx‘

2173 5692 2187 5716 ,
2219 5653 2267 5706 Ι.
2346 5651 2366 5682 ⁸
2400 5646 2836 5718 l‘sal.xxxtx,1’g.
2913 5647 2932 5677 ⁷
2971 5645 3101 5718 Jer.
3129 5662 3274 5718 xm,
3329 5646 3382 5712 ῖς
3418 5643 3556 5698 Psal.
3607 5659 3645 5706 ι,
3683 5643 3738 5702 5.

574 5735 596 5768 ⁸
636 5736 951 5798 lsa.xxxnt,
982 5730 1072 5785 Q2.
1183 5731 1202 5761 ’
1239 5731 1340 5786 lsa.
1376 5743 1486 5794 xtl,
1527 5727 1582 5782 2.

1696 5724 1736 5757 '°
1767 5724 1930 5782 llebr.
1960 5740 2012 5790 κ,
2041 5723 2130 5782 25.

2244 5723 2280 5755 n
2315 5719 2502 5781 Matth.
2538 5716 2760 5785 “1,21.
2792 5715 2949 5774 liom.
2986 5733 3044 5783 ll,
3086 5715 3170 5777 16.
