4132 6356
365 330 473 388 829

1384 336 1472 391 DE
1515 336 1676 393 VITA
1715 339 1774 395 S.
1815 339 2070 398 PATRIS
2107 342 2416 401 EPHRZEM
2458 345 2640 404 SYN.

3519 336 3623 393 850

436 452 735 509 Εὐσέϐειαν
765 454 823 509 δὲ
850 456 909 511 ὲν
960 458 1027 528 τῇ
1072 457 1170 528 τῆς
1194 461 1362 523 ὅντως
1393 461 1586 532 κτήσει
1617 462 1810 532 σοφίας
1852 464 1948 536 ἐμ·

2124 467 2391 525 Pietatem
2421 485 2552 525 vero
2591 477 2757 540 atque
2806 466 3127 539 religionem
3161 481 3218 520 ιιι
3248 477 3374 519 vera
3407 461 3626 531 sapien-

367 545 770 621 πορευσάμενος
796 546 961 618 (κατά
986 547 1047 602 τδ
1075 550 1133 603 ὲν
1175 549 1295 603 Ἰὼϐ
1320 552 1606 623 εἰρημένον
1624 570 1638 584 ο
1679 554 1825 610 Ἰδοὺ
1849 569 1950 609 ευ-

366 637 567 692 σέϐειὰ
608 639 739 693 ἐστι
769 642 977 709 σοφία)
1026 640 1092 695 δι’
1125 641 1333 712 αὐτῆς,
1376 642 1452 708 ὡς
1498 645 1695 717 μικρὸν
1744 647 1953 702 ἀνωθεν

365 730 729 803 ἐδηλώσαμεν,
757 732 856 803 τῆς
890 733 1123 797 πίστεως
1156 732 1319 786 αὐτοῦ
1358 734 1416 787 τὸ
1448 736 1687 807 καθαρὸν
1718 738 1951 809 διαγρά-

368 842 574 892 φοντες,
610 826 687 888 εἰς
723 826 951 896 οὐρανὸν
986 828 1084 896 μὲν
1114 827 1316 898 τριτον,
1349 828 1493 883 κατὰ
1520 829 1752 895 Παῦλον,
1787 829 1952 902 ἀνῆλ-

366 916 490 983 θεν,
530 916 796 972 ἀθάνατον
838 918 894 972 δὲ
925 919 1024 990 τὴν
1068 923 1289 991 μνήμην
1331 921 1426 974 καὶ
1474 921 1674 993 διαρκῆ
1715 922 1816 993 τὴν
1863 922 1952 977 εύ-

367 1010 549 1063 κλειαν
581 1009 733 1081 παρά
765 1013 830 1081 τῇ
874 1011 1167 1083 Ἐκκλησία
1213 1013 1624 1085 πεπλούτηκεν·
1666 1016 1701 1085 ἡ
1752 1014 1951 1086 μελέτη

366 1101 423 1154 δὲ
449 1100 624 1171 τούτῳ
642 1101 751 1154 τῶν
780 1101 938 1156 θείων
958 1102 999 1155 Γ
1004 1104 1188 1177 ραφῶν
1218 1104 1280 1156 ὲκ
1318 1104 1415 1175 τῆς
1441 1104 1732 1175 Δαϐιδικῆς
1776 1105 1951 1175 ἀνῆψε

365 1189 665 1261 λαμπάδος,
703 1190 807 1245 Ἐν
834 1190 910 1260 τῇ
928 1192 1155 1262 μελέτῃ
1196 1211 1335 1261 μου,
1381 1196 1700 1263 φάσκοντος,
1734 1193 1951 1249 ἐκκαυ-

365 1281 610 1348 θήσεται
636 1282 774 1351 πῦρ.
813 1282 991 1356 Ἔρως
1024 1285 1131 1355 γάρ
1169 1284 1329 1338 αὑτὸν
1376 1286 1614 1356 πολήσας
1654 1301 1952 1356 πνευματι-

365 1375 470 1445 κῆς
496 1374 747 1444 θεωρίας,
764 1377 844 1440 εἰς
866 1376 1037 1445 φλόγα
1060 1377 1331 1447 μετέωρον
1354 1376 1445 1430 τὸν
1476 1376 1639 1430 πόθον
1669 1376 1947 1447 ἀνήγειρε.

368 1466 554 1521 Πᾶσαν
602 1467 712 1537 γὰρ
768 1466 1011 1521 Παλαιάν
1058 1483 1118 1520 τε
1174 1467 1268 1519 καὶ
1318 1466 1529 1537 Καινὴν
1580 1464 1953 1536 ἐκμελετήσας

367 1558 607 1632 Γραφὴν,
641 1559 736 1612 καὶ
757 1559 831 1622 ὡς
853 1559 953 1612 οὐκ
976 1558 1132 1622 ἀλλος
1161 1576 1245 1622 τις
1284 1560 1397 1620 τοῖς
1443 1556 1705 1620 τοιούτοις
1745 1555 1948 1628 θεωρή-

368 1666 533 1721 μασιν
575 1650 1063 1721 ὲμφιλοχωρήσας,
1118 1649 1245 1720 ὅλην
1292 1647 1535 1720 ἀκριϐῶς
1600 1648 1736 1719 πρὸς
1804 1647 1951 1714 λέξιν

364 1740 728 1811 ἠρμήνευσεν,
758 1741 865 1794 ἀπό
898 1758 957 1794 τε
986 1741 1083 1812 τῆς
1107 1739 1514 1810 κοσμογενείας,
1540 1739 1635 1793 καὶ
1664 1739 1823 1811 μέχρι
1850 1737 1952 1807 τῆς

2053 564 2142 615 tiae
2171 561 2521 630 possessione
2554 560 2917 632 comparavit,
2957 557 3259 615 secundum
3305 552 3440 609 illud
3466 552 3570 608 Job
3608 571 3623 608 :

2051 651 2189 706 Ecce
2221 652 2393 731 cultus
2424 650 2523 707 Dei
2554 662 2632 707 est
2667 652 3008 722 sapientia“.
3038 649 3141 705 Per
3171 649 3342 714 illam,
3375 654 3435 702 ιιι
3466 647 3628 718 paulo

2052 751 2200 808 ante,
2254 743 2401 798 illius
2446 744 2745 815 puritatem
2790 741 2915 798 ﬁdei
2960 740 3356 802 describentes,
3387 736 3631 793 ostendi-

2050 851 2194 897 mus,
2223 835 2500 905 quomodo
2540 833 2601 892 S.
2630 833 2835 890 Paulus
2862 834 2919 887 in
2968 832 3185 887 tertium
3227 828 3474 886 ascendit
3515 842 3630 883 cte-

2052 927 2162 981 lum
2183 926 2248 991 ¹³,
2281 934 2653 996 a-ternamque
2682 924 2786 981 sibi
2812 923 3049 979 nominis
3077 922 3306 994 gloriam
3348 921 3405 975 in
3437 919 3665 975 Eccle-“

2049 1017 2186 1073 siam
2212 1018 2442 1089 paravit.
2480 1017 2775 1072 Sacrarum
2816 1030 3034 1087 quoque
3067 1013 3475 1083 Scripturarum
3498 1010 3629 1067 huic

2048 1125 2115 1165 ex
2150 1109 2409 1165 Davidiea
2434 1109 2657 1166 lucerna
2702 1123 2935 1165 accensa
2974 1114 3059 1164 est
3088 1104 3392 1168 meditatio,
3426 1118 3627 1159 secun-

2049 1202 2179 1257 dutn
2214 1202 2361 1258 istud
2402 1221 2415 1257 :
2456 1200 2521 1256 In
2553 1202 2897 1256 meditatione
2926 1216 3041 1253 mea
3073 1196 3377 1253 exardescet
3404 1195 3540 1265 ignis
3559 1194 3626 1251 ¹³.

2050 1290 2331 1363 Siquidem
2353 1307 2530 1360 amor,
2547 1291 2787 1367 caelestis
2805 1287 3279 1359 contemplationis
3304 1286 3428 1358 igne
3450 1288 3628 1356 ipsum

2050 1384 2358 1441 accendens
2380 1423 2397 1451 ,
2454 1384 2771 1441 sublimium
2806 1396 2989 1438 rerum
3040 1380 3294 1436 ardorem
3329 1378 3627 1435 excitabat.

2048 1475 2184 1530 Nam
2210 1490 2425 1531 omnem
2452 1487 2506 1531 et
2531 1474 2825 1544 Antiquam
2847 1481 2902 1529 et
2923 1473 3127 1528 Novam
3159 1469 3503 1540 Seripturam
3531 1482 3628 1524 as-

2049 1567 2212 1624 siduo
2238 1568 2441 1632 studio,
2476 1576 2533 1621 ut
2569 1566 2754 1637 quivis
2778 1565 2942 1628 alius,
2975 1562 3223 1621 studiose
3256 1560 3518 1624 versavit,
3543 1574 3630 1613 ac-

2049 1668 2351 1730 curateque
2398 1658 2465 1714 ad
2495 1658 2722 1713 verbum
2752 1664 2835 1712 est
2882 1655 3296 1724 interpretatus,
3324 1663 3378 1707 et
3407 1650 3476 1705 ab
3507 1650 3626 1720 ipsa

2050 1751 2433 1824 procreatione
2483 1748 2695 1813 mundi,
2739 1762 2915 1818 usque
2962 1746 3029 1801 ad
3063 1754 3403 1816 postremum
3435 1741 3628 1811 gratia:

364 1830 672 1923 τελευταίας
694 1835 792 1903 τῆς
823 1833 1039 1904 χάριτος
1073 1831 1276 1902 βίϐλου,
1307 1831 1376 1884 τὰ
1407 1829 1547 1901 βάθη
1572 1829 1680 1884 τῶν
1714 1846 1948 1901 κεκρυμ-

2050 1845 2272 1908 librum,
2321 1858 2443 1914 qua:
2476 1842 2680 1907 abdita,
2722 1856 2951 1912 qumque
2987 1854 3188 1894 arcana
3233 1852 3300 1893 ac
3342 1833 3625 1892 recondita

366 1921 544 1991 μένων
578 1924 657 1987 εἰς
694 1922 1003 1992 τούμφανὲς
1046 1921 1270 1992 ἀγαγὼν
1321 1920 1693 1995 θεωρημάτων
1719 1959 1734 1983 ,
1771 1919 1950 1990 λύχνῳ

369 2013 707 2083 κεχρημένος
738 2012 817 2082 τῷ
851 2012 1154 2084 Πνεύματι.

432 2108 509 2160 Οὐ
542 2106 703 2177 μόνον
730 2105 787 2160 δὲ
811 2105 1015 2176 ταύτης
1042 2104 1143 2175 τῆς
1171 2102 1448 2175 ἡμετέρας
1473 2102 1568 2156 καὶ
1594 2099 1949 2155 θεοπνεύστου

364 2180 556 2268 σοφίας
607 2200 728 2252 ὅλον
779 2198 872 2251 τὸν
922 2196 1291 2269 πνευματικὸν
1337 2194 1589 2266 κρατῆρα
1636 2193 1947 2256 ὲκπέπωκε,

362 2292 455 2345 καὶ
480 2293 589 2354 τοῖς
620 2290 798 2354 ἄλλοις
833 2289 1133 2361 μετέδωκεν
1157 2304 1173 2318 ο
1200 2286 1336 2342 ἀλλά
1377 2288 1471 2339 καὶ
1502 2286 1601 2356 τῆς
1630 2285 1734 2351 ἔξω
1758 2300 1950 2353 κοσμι-

361 2385 487 2455 κῆς,
514 2385 612 2455 ὅση
639 2400 698 2440 τε
735 2383 863 2453 περὶ
887 2381 947 2435 τὸ
974 2379 1508 2450 κατεγλωττισμένον
1537 2378 1630 2431 καὶ
1668 2377 1827 2447 ὀρθὸν
1854 2374 1949 2428 τοῦ

361 2478 539 2547 λόγου,
569 2477 668 2547 ὅση
700 2492 757 2529 τε
787 2474 913 2546 περὶ
942 2474 1003 2527 τὸ
1026 2472 1135 2527 τῶν
1166 2472 1451 2543 νοημάτων
1480 2470 1662 2541 βάθος,
1690 2470 1771 2522 ὅτι
1803 2467 1948 2540 μάλα

362 2568 688 2637 ὲξασκήσας,
731 2567 854 2621 ὅσον
908 2564 1007 2635 μὲν
1068 2564 1339 2635 χρήσιμον
1384 2558 1749 2629 προσελάϐετο
1772 2574 1786 2588 ’
1825 2557 1949 2610 ὅσον

359 2660 403 2714 δ’
434 2660 715 2730 ἀνόνητον,
761 2655 1083 2721 ἁπεόάλετο,
1114 2652 1278 2725 ζυγῷ
1304 2650 1659 2722 δικαιοσύνης
1672 2650 1769 2705 καὶ
1807 2650 1949 2721 πρᾶ-

361 2752 442 2817 ξιν
490 2752 584 2805 καὶ
616 2750 851 2821 θεωρίαν
892 2750 1393 2820 ἐμπορευσάμενος.
1442 2744 1690 2813 Ἀγνείαν
1721 2742 1778 2795 δὲ
1817 2759 1948 2795 κατ-

358 2844 583 2915 ώρθωσε
615 2843 793 2913 ψυχῆς
830 2858 889 2895 τε
941 2840 1034 2893 καὶ
1069 2838 1338 2908 σώματος,
1371 2836 1503 2907 ὅσην
1536 2835 1570 2906 ἡ
1609 2834 1771 2903 φύσις
1810 2831 1948 2903 ὲχώο

362 2953 477 3008 ρει⁹
515 2935 715 3007 μᾶλλον
743 2933 800 2987 δὲ
832 2933 926 2986 καὶ
964 2932 1103 3001 ὑπὲρ
1139 2931 1237 3000 τὴν
1276 2927 1458 2998 φύσιν⁸
1490 2927 1709 2998 χάριτος
1743 2923 1851 2994 γὰρ
1886 2923 1949 2976 τὸ

358 3030 548 3101 δῶρον.
604 3027 741 3081 Οὔτε
798 3025 907 3096 γάρ
960 3024 1058 3096 τὴν
1094 3022 1271 3092 ψυχὴν
1316 3023 1415 3090 τῆς
1458 3019 1598 3072 κατά
1642 3019 1732 3071 τὸν
1788 3016 1947 3087 ὀρθὸν

359 3121 515 3188 λόγον
542 3118 707 3191 ἕξεως
730 3116 959 3170 ἐνεδίδου
998 3111 1442 3184 παρασφαλῆναι,
1468 3109 1581 3162 ἀλλ’
1608 3103 1676 3180 ἦν
1706 3106 1781 3170 ὠς
1810 3106 1946 3177 ἀλη-

2050 1944 2229 2000 erant,
2259 1934 2486 2006 spiritus
2518 1933 2741 2004 adjutus
2782 1933 3007 1998 lumine,
3046 1927 3456 1988 commentariis
3497 1926 3625 1982 illu-

2050 2029 2266 2086 stravit.

2121 2117 2311 2190 Neque
2364 2134 2496 2175 vero
2552 2117 2825 2173 duntaxat
2881 2113 3050 2186 hujus
3108 2120 3314 2169 nostrae
3358 2107 3627 2165 divinitus

2049 2224 2326 2267 concessa:
2358 2210 2644 2279 sapientia:
2676 2208 2868 2262 latices
2919 2206 3122 2269 hausit,
3155 2202 3385 2273 aliisque
3419 2201 3627 2270 imper-

2050 2302 2185 2356 titus
2224 2312 2333 2364 est,
2386 2302 2481 2357 sed
2527 2301 2693 2355 etiam
2728 2313 2845 2361 eas,
2877 2312 2998 2368 quae
3026 2294 3097 2350 ad
3130 2306 3277 2350 recte
3324 2300 3629 2361 ornateque

2048 2394 2269 2451 dicendi
2302 2395 2595 2455 rationem.
2628 2409 2692 2447 ac
2722 2391 2789 2446 ad
2825 2390 3088 2446 doctrina:
3110 2388 3467 2445 subtilitatem
3503 2397 3630 2454 per-

2049 2487 2245 2555 tinent,
2298 2498 2446 2544 artes
2497 2496 2663 2558 atque
2707 2484 3028 2555 disciplinas
3077 2492 3350 2551 quatenus
3394 2475 3629 2531 ducebat

2050 2580 2255 2646 utiles,
2298 2581 2517 2648 rejectis
2556 2577 2715 2634 vanis
2754 2577 3051 2644 stultisquc
3095 2574 3259 2628 rebus
3286 2610 3302 2635 ,
3347 2566 3629 2640 aequitatis

2048 2672 2205 2726 lance
2260 2672 2529 2727 actionem
2584 2669 3212 2739 contemplationemqtte
3274 2661 3626 2734 ponderans,

2047 2760 2312 2817 exercuit.
2359 2760 2536 2814 Animi
2585 2774 2748 2829 porro
2786 2756 3143 2827 corporisque
3179 2753 3478 2819 tnnnditia,
3527 2767 3627 2821 pro

2049 2851 2288 2906 hominis
2330 2858 2549 2914 natura,
2602 2851 2712 2905 imo
2745 2856 2801 2904 et
2829 2861 2997 2916 supra
3045 2844 3418 2900 conditionem
3464 2842 3628 2911 quasi

2049 2941 2342 2995 humanam
2376 2938 2523 3010 (eum
2557 2938 2628 2994 sit
2659 2937 2848 3008 gratia:
2873 2935 3095 3006 donum)
3117 2933 3391 2989 excelluit.
3418 2931 3630 2987 Revera

2047 3032 2196 3086 enim
2223 3029 2409 3085 animo
2437 3029 2659 3099 quidem
2692 3028 3017 3098 imperabat,
3047 3040 3279 3095 corpore
3322 3032 3504 3079 autem
3535 3039 3627 3078 re-

2049 3122 2387 3193 Splendehat,
2420 3121 3000 3191 perturbationemque
3027 3118 3304 3173 dominam
3331 3114 3627 3171 cireumfe-

359 3213 491 3278 θῶς,
514 3214 659 3283 ψυχῇ
707 3211 805 3281 μὲν
844 3207 1170 3285 βασιλεύων,
1227 3204 1440 3282 σώματι
1481 3202 1539 3261 δὲ
1590 3199 1947 3271 ἀγλαοφανῶς

2054 3216 2225 3271 rebat.
2260 3214 2416 3281 Quod
2461 3230 2525 3267 ex
2562 3210 2799 3277 insidiis,
2832 3227 2953 3281 qua:
2977 3211 3050 3274 ei,
3079 3210 3219 3265 sicut
3247 3206 3520 3261 memori:e
3544 3211 3631 3260 est

361 3303 765 3374 ἐξαστράπτων.
803 3302 913 3357 Καὶ
964 3301 1231 3372 μαρτυρεῖ
1282 3298 1394 3359 τοῖς
1435 3294 1748 3366 λεγομένοις
1778 3295 1812 3367 ἡ
1848 3292 1948 3361 τῆς

363 3396 749 3466 ἱστορουμένης
779 3394 983 3465 πόρνης
1024 3389 1318 3467 μεταϐολὴ,
1349 3389 1415 3461 ἢν
1460 3387 1596 3459 πρὸς
1628 3384 1825 3448 κακίας
1860 3384 1948 3437 δέ·

361 3488 492 3558 λεαρ
539 3488 567 3539 ὁ
598 3485 941 3557 βροτοκτόνος
990 3484 1333 3555 χρησάμενος
1369 3478 1567 3550 Βελίαρ
1612 3479 1691 3541 εἰς
1733 3476 1949 3545 ἀπάτην

360 3576 453 3630 τοῦ
481 3577 892 3649 πεφωτισμένου
921 3576 1133 3647 ἀνδρὸς,
1165 3573 1416 3635 τοσοῦτον
1439 3572 1645 3642 ἀπέσχε
1675 3570 1768 3623 τοῦ
1799 3568 1951 3622 ὲλπι-

364 3669 613 3734 σθέντος,
642 3671 716 3739 ὡς
768 3669 861 3729 καὶ
911 3668 1078 3740 αὐτὴν
1116 3668 1213 3739 τὴν
1263 3664 1574 3737 μοιχαλιδὴν
1617 3664 1737 3717 κατ’
1783 3658 1948 3713 αὐτοῦ

360 3764 569 3822 ἑκείνου
617 3762 710 3817 τοῦ
758 3761 1153 3835 ὑπερϐαλόντος
1210 3756 1625 3831 παρατάξασθαι
1679 3751 1943 3824 Πονηροῦ,

362 3859 456 3913 καὶ
506 3853 857 3927 παραινέσεσι
913 3852 1005 3906 καὶ
1051 3852 1318 3922 τροπαῖς,
1374 3850 1495 3910 ταῖς
1542 3864 1604 3900 τε
1644 3844 1752 3898 τῶν
1790 3841 1950 3896 θείων

360 3948 535 4017 λόγων
556 3945 787 4016 ἐπῳδαῖς
821 3941 1268 4016 μεταϐληθεῖσαν,
1313 3939 1407 3993 καὶ
1450 3938 1585 4010 πρὸς
1609 3936 1670 3990 τὸ
1703 3938 1950 4008 κρεῖττον

365 4036 854 4109 μεταπλασθεῖσαν,
894 4032 1146 4105 σώφρονα
1190 4031 1290 4101 μὲν
1331 4028 1452 4082 ἀντὶ
1495 4027 1816 4088 ἀκολάστου,
1858 4041 1949 4086 σε-

366 4130 494 4199 μνὸν
521 4128 578 4180 δὲ
603 4127 720 4180 ἀντὶ
759 4126 1015 4195 ἀσέμνου,
1043 4122 1138 4177 καὶ
1173 4118 1419 4199 καθαρὰν
1448 4119 1570 4172 ἀντὶ
1607 4115 1949 4191 μεμολυσμέ-

363 4237 461 4290 νης
499 4215 906 4287 ἀποδειχθῆναι.

435 4415 678 4486 Δάκρυον
700 4412 842 4468 δὲτὸ
873 4412 1094 4466 ἀένναον
1121 4412 1293 4465 εἰπεῖν
1328 4408 1535 4462 ἐκείνου
1567 4405 1781 4481 ῥεῖθρον
1816 4421 1949 4475 προ-

364 4507 659 4578 θυμηθέντι
714 4522 826 4579 μοι,
869 4503 1123 4574 δακρύειν
1166 4502 1335 4565 ὅντως
1372 4500 1697 4570 ἐπέρχεται·
1749 4497 1829 4550 ὅτι
1870 4496 1945 4567 μὴ

360 4600 482 4669 δίχα
507 4597 718 4660 τούτου,
754 4596 816 4650 τὸ
862 4596 958 4665 μὲν
983 4594 1090 4647 τῶν
1132 4588 1383 4664 δακρύων
1411 4589 1573 4643 αὐτοῦ
1612 4587 1843 4656 πέλαγος
1869 4586 1946 4661 τῷ

362 4694 505 4762 λόγῳ
556 4707 640 4753 τις
688 4688 1082 4747 διαπλεύσειεν.
1132 4687 1219 4749 Ὠς
1272 4685 1379 4755 γὰρ
1436 4684 1601 4737 πᾶσιν
1639 4680 1945 4755 ἀνθρώποις

365 4785 644 4855 σύμφυτον
673 4781 734 4835 τὸ
762 4781 1037 4843 ἀναπνεῖν,
1077 4778 1170 4831 καὶ
1198 4779 1283 4831 ἀεὶ
1323 4774 1711 4847 ἐνεργούμενον
1729 4790 1742 4804 ·
1773 4772 1945 4835 οὕτως

374 4873 615 4946 Ἐφραῖμ
642 4872 702 4926 τὸ
744 4873 1115 4943 δακρυρῤοεῖν,
1149 4870 1223 4923 Οὐ
1256 4871 1363 4939 γὰρ
1393 4868 1595 4943 ἡμέρα,
1636 4866 1699 4926 οὐ
1738 4865 1853 4937 νὺξ,
1881 4864 1943 4923 ού

366 4961 735 5033 μεσονύκτιον,
769 4961 867 5031 οὐχ
911 4960 1049 5029 ὥρα,
1099 4960 1160 5012 οὑ
1213 4959 1444 5028 στιγμῆς
1488 4957 1549 5010 τὸ
1598 4956 1944 5018 λεπτότατον,

362 5056 449 5108 ὅτε
480 5053 642 5125 ξηρὸς
668 5055 696 5106 ὁ
725 5052 911 5105 τούτου
944 5050 1276 5113 ἀνύστακτος
1313 5048 1588 5124 ὀφθαλμὸς
1628 5047 1944 5118 καθωρᾶτου

364 5146 441 5213 πῆ
478 5145 574 5216 μὲν
606 5145 673 5198 τά
702 5147 875 5216 κοινῇ,
909 5143 985 5215 πῆ
1022 5143 1077 5195 δὲ
1119 5140 1186 5195 τὰ
1218 5142 1361 5206 ἰδίως
1397 5140 1843 5208 ἀποκλαιόμενος,
1872 5137 1947 5201 ὡς

364 5236 567 5306 ἔλεγεν,
597 5237 953 5307 ἀτοπήματα·
990 5237 1311 5303 στεναγμοῖς
1339 5233 1395 5286 δὲ
1439 5234 1507 5287 τά
1546 5233 1654 5288 τῶν
1687 5231 1949 5305 ὀμμάτων

367 5330 544 5397 σοφῶς
570 5329 877 5400 ἐποχετεύει
899 5328 1118 5401 ῥεῖθραο
1148 5326 1347 5398 μᾶλλον
1375 5326 1431 5377 δὲ
1461 5325 1723 5395 χεύμασιν
1744 5319 1944 5392 ὀφθαλο

369 5418 484 5487 μῶν
521 5420 645 5484 τοὺς
680 5420 1015 5489 στεναγμοὺς
1042 5417 1365 5484 ἐξεκαλεῖτο.
1412 5416 1519 5473 Καὶ
1551 5411 1618 5485 ἦν
1648 5413 1947 5485 παράδοξος

365 5506 688 5577 ἀμφοτέρων
720 5510 753 5578 ἡ
782 5509 1025 5579 πρόοδος,
1073 5506 1167 5561 τοῦ
1210 5505 1395 5575 ἑτέρου
1440 5504 1586 5556 αἰτία
1623 5504 1716 5556 τοῦ
1758 5503 1946 5573 ἐτέρου

367 5600 710 5671 φαινομένου·
729 5599 937 5654 ἔτικτον
959 5599 1068 5669 γὰρ
1096 5598 1181 5653 ἐπ’
1213 5597 1359 5668 αὐτῷ
1387 5596 1594 5666 δάκρυα
1624 5595 1742 5665 μὲν,
1762 5611 1946 5648 στενα-

478 5777 518 5809 ¹²
542 5775 642 5833 Job
675 5793 744 5832 xu
771 5820 783 5843 ,
817 5778 909 5844 15;
946 5793 1131 5844 .\'.\\'lll,
1174 5779 1263 5835 ΞΒ.

1345 5780 1384 5807 ’⁸
1417 5777 1458 5834 ll
1485 5778 1609 5834 Cor.
1649 5792 1743 5843 xu,
1775 5776 1807 5830 Ξ).
1848 5791 1968 5850 sqq.

2052 3306 2351 3379 proditum,
2383 3306 2452 3359 ab
2493 3304 2768 3374 impudica
2797 3310 3019 3358 structae
3050 3309 3179 3357 sunt
3211 3298 3460 3362 muliere,
3492 3295 3631 3352 satis

2051 3401 2431 3456 conﬁrmatur.
2479 3397 2614 3452 Nam
2660 3413 2784 3453 eum
2822 3412 2887 3453 ea
2938 3406 3194 3466 tanquam
3234 3408 3361 3448 esea
3394 3391 3629 3462 quadam

2054 3492 2297 3556 malitia,
2328 3492 2393 3545 ad
2430 3490 2721 3547 fallendum
2756 3488 3022 3558 insignem
3059 3504 3124 3545 ae
3151 3502 3332 3541 rarum
3371 3484 3518 3539 hunc
3548 3482 3632 3538 vi-

2051 3599 2171 3639 rum
2201 3583 2473 3637 homicida
2501 3581 2668 3637 Belial
2701 3596 2838 3636 usus
2870 3589 3018 3635 esset
3050 3599 3063 3634 :
3096 3589 3303 3633 tantum
3332 3575 3527 3639 abfuit,
3571 3580 3633 3629 ttt

2050 3675 2194 3745 quod
2234 3682 2503 3744 sperarat,
2549 3680 2999 3743 consequeretur,
3033 3679 3091 3723 ut
3146 3671 3312 3724 etiam
3363 3667 3633 3722 adversus

2056 3767 2237 3835 ipsum
2279 3765 2684 3827 insidiatorem,
2710 3778 2828 3817 eam
2870 3761 2986 3831 ipse
3010 3760 3381 3819 decertantem
3416 3758 3470 3812 in
3497 3772 3633 3812 eon-

2051 3857 2200 3911 llietu
2251 3857 2600 3911 constituerit
2635 3871 2649 3907 :
2696 3853 2966 3923 siquidem
3007 3850 3502 3914 cohortationibus,
3546 3855 3633 3901 at-

2051 3965 2155 4020 que
2188 3947 2677 4008 admonitionibus,
2715 3944 3135 4014 divinarumque
3164 3942 3437 3995 rationum
3472 3938 3632 4009 quasi

2055 4038 2547 4101 incantationibus,
2608 4037 2783 4105 ipsam
2834 4048 3159 4089 conversam
3220 4031 3288 4087 ad
3347 4030 3630 4085 meliorem

2053 4130 2262 4201 frugem
2298 4125 2551 4196 perduxit
2586 4144 2599 4177 :
2636 4131 2690 4177 et
2717 4139 2782 4177 ex
2834 4122 3111 4196 impudica
3146 4120 3423 4191 pudieam,
3457 4132 3523 4173 ex
3552 4116 3633 4171 la-

2050 4222 2199 4277 sciva
2238 4234 2479 4291 gravem,
2514 4233 2582 4272 ex
2614 4216 2897 4285 inquinata
2933 4230 3122 4284 puram
3155 4220 3475 4281 castamque
3514 4209 3630 4264 red-

2048 4310 2210 4368 didit.

2118 4403 2241 4459 Jam
2270 4417 2400 4461 vero
2428 4400 2734 4458 ditlluentes
2767 4413 2831 4451 ac
2888 4406 3182 4468 perpetuas
3229 4392 3403 4464 ipsius
3457 4391 3631 4465 laery—

2051 4512 2168 4551 mas
2199 4494 2401 4550 referre
2435 4492 2660 4555 volenti,
2687 4506 2814 4546 vere
2838 4489 3167 4547 oboriuntur
3193 4486 3470 4561 lacrymm,
3501 4500 3626 4539 cum

2051 4588 2139 4642 vix
2178 4588 2387 4656 absque
2422 4585 2677 4657 lacrymis
2717 4583 2839 4648 ejus
2883 4582 3248 4653 laerymarum
3300 4578 3526 4650 pelagus
3562 4575 3629 4631 li-
3722 4598 3723 4601 η

2050 4686 2172 4734 ceat
2206 4679 2565 4733 transfretare
2612 4695 2625 4732 :
2680 4690 2803 4728 nam
2856 4673 3000 4728 sicut
3050 4669 3267 4726 cunctis
3312 4669 3629 4725 hominibus

2050 4768 2191 4831 citra
2220 4768 2681 4824 intermissionem
2709 4766 2962 4837 spiritum
2982 4763 3182 4817 ducere
3203 4768 3288 4817 est
3315 4760 3624 4832 proprium:

2054 4864 2127 4918 ita
2189 4862 2347 4917 beato
2381 4861 2630 4932 Ephraam
2683 4859 2903 4914 assidue
2952 4857 3225 4927 laerymas
3272 4852 3626 4923 profundere,

2052 4962 2251 5008 natura
2304 4950 2709 5022 quodammodo
2783 4947 3070 5003 videbatur
3144 4945 3389 5000 insitum.
3468 4940 3628 4995 Nulla

2053 5046 2255 5118 quippe
2289 5044 2431 5106 dies,
2471 5044 2620 5096 nulla
2652 5058 2782 5105 nox,
2816 5039 2966 5097 nulla
2997 5038 3104 5093 diei
3154 5037 3442 5106 noctisque
3475 5050 3626 5106 pars,

2054 5137 2377 5211 nullumque
2410 5132 2717 5190 brevissimi
2754 5130 3017 5201 temporis
3045 5137 3456 5183 monumentum
3503 5126 3625 5192 fuit,

2053 5228 2110 5286 in
2136 5242 2247 5299 quo
2281 5241 2391 5285 non
2425 5223 2617 5293 vigiles
2648 5223 2823 5298 ipsius
2861 5221 3007 5279 oculi
3042 5220 3301 5296 laerymis
3338 5219 3625 5289 conspice-

2053 5326 2244 5374 rentur
2272 5316 2483 5387 profusi
2532 5332 2545 5367 :
2594 5330 2741 5368 nunc
2770 5314 2914 5368 enim
2947 5328 3290 5375 communes,
3333 5327 3480 5366 nunc
3514 5311 3626 5380 pri-

2053 5419 2230 5468 vatas.
2269 5415 2328 5462 ttt
2360 5407 2560 5473 aiebat,
2582 5406 2918 5460 calamitates
2940 5403 3415 5475 absurditatesque
3441 5405 3627 5475 deplo-

2054 5500 2209 5556 rabat
2241 5516 2254 5552 :
2292 5498 2549 5569 suspiriis
2574 5513 2739 5568 porro
2765 5497 3050 5554 oculorum
3076 5494 3299 5552 ﬂumina
3329 5497 3626 5569 prudenter

2053 5592 2351 5657 inhibebat,
2385 5596 2478 5644 aut
2506 5591 2686 5661 potius
2718 5589 3004 5646 oculorum
3033 5588 3352 5647 (luminibus
3385 5589 3627 5661 suspiria

2049 5774 2093 5808 ί*
2130 5770 2277 5827 Psal.
2314 5785 2537 5838 xxxviii,
2572 5770 2624 5825 4.
