4132 6356
479 267 580 324 831

1749 283 1809 339 5.
1848 283 2178 343 GREGOBII
2216 289 2510 348 NYSSENI

3640 253 3750 349 852

481 385 774 442 excitabat.
810 386 1051 462 Eratque
1096 393 1175 449 rei
1210 394 1495 466 utriusque
1525 412 1852 468 progressus
1885 402 2058 456 admi-

2163 407 2336 475 γμοὺς
2354 445 2370 472 ν
2394 410 2686 481 στεναγμοὶ
2700 408 2756 464 δὲ
2781 411 2940 468 πάλιν
2959 412 3187 485 δάκρυσα
3213 411 3306 466 καὶ
3337 411 3398 466 τὸ
3431 411 3600 466 αἴτιον
3638 413 3751 476 τοῖς

481 475 695 542 rabilis,
726 477 855 533 licet
886 480 1129 551 alioquin
1179 491 1473 555 utrumque
1523 487 1750 544 alterius
1777 489 2056 546 videretur

471 566 672 622 causa.
707 567 1056 627 Proﬂuebant
1086 574 1287 644 quippe
1317 576 1420 645 ipsi
1450 577 1724 650 laerymae,
1761 581 2058 652 multisque

469 657 762 731 incognita
815 669 931 718 erat
985 678 1177 720 causa.
1256 665 1393 722 Cum
1455 667 1600 724 enim
1657 678 1875 742 tempus
1933 673 2059 730 illas

482 765 592 805 non
641 751 903 816 auferret,
935 757 1029 809 sed
1059 765 1248 811 mutua
1277 759 1514 827 quadam
1567 761 1969 828 vicissitudine,
2007 775 2062 822 et

481 843 737 915 lacrymaa
765 847 1026 917 suspiria,
1060 857 1114 904 et
1142 853 1379 920 suspiria
1409 853 1682 926 lacrymas
1719 856 2058 927 exciperent,

481 935 799 993 alterutrius
851 953 1020 996 causa
1079 942 1300 999 latebat.
1365 943 1502 1001 Illud
1553 962 1685 1003 vero
1743 957 2058 1020 cognoscet,

481 1029 736 1098 quisquis
765 1030 942 1101 ipsius
973 1034 1182 1104 scripta
1215 1037 1500 1094 evolverit.
1545 1038 1732 1111 Neque
1757 1043 1904 1099 enim
1939 1052 2063 1101 tan-

482 1121 789 1185 tummodo,
828 1123 921 1178 ubi
970 1125 1037 1179 de
1077 1127 1418 1196 poenitentia,
1455 1131 1524 1186 de
1570 1133 1836 1200 moribus,
1873 1136 1942 1192 de
1975 1153 2063 1196 re-

481 1212 586 1267 ctis
618 1213 740 1269 vitae
771 1215 1038 1272 institutis
1075 1219 1206 1288 agit,
1257 1221 1435 1290 ipsum
1465 1223 1812 1294 plangentern
1858 1243 1922 1285 ac
1968 1247 2064 1287 su-

481 1303 781 1372 spirantem
814 1307 1080 1376 inveniet;
1106 1327 1292 1365 verum
1317 1322 1368 1368 et
1395 1314 1448 1368 in
1477 1314 1608 1386 ipsis
1632 1317 2060 1389 laudationibus,

481 1408 621 1462 quas
654 1395 976 1469 plerumque
1007 1415 1199 1456 omnes
1226 1404 1395 1458 multa
1438 1421 1732 1476 aspergere
1765 1410 1944 1465 solent
1977 1411 2064 1466 hi-

483 1484 718 1540 laritate.
751 1485 848 1542 Hic
875 1504 1008 1543 vero
1037 1491 1290 1547 eumdem
1319 1509 1378 1548 se
1421 1495 1624 1566 ubique
1645 1498 1900 1568 praebuit,
1930 1503 2066 1558 assi-

480 1574 696 1647 dueque
725 1579 942 1650 lugendi
973 1598 1193 1650 munus,
1227 1592 1286 1638 ut
1319 1585 1542 1644 divitias
1572 1591 1853 1660 expetivit.
1906 1591 2064 1650 Unde

481 1675 535 1721 et
559 1685 706 1724 nunc
732 1670 845 1727 fere
877 1683 1107 1730 cunctos
1139 1677 1312 1745 ipsius
1342 1693 1656 1735 sermonum
1685 1683 1963 1740 auditores
1992 1687 2060 1742 ad

2160 493 2374 559 πολλοῖς
2393 497 2773 570 ἀγνοούμενον.
2807 504 3012 574 Χρόνου
3042 504 3148 577 γὰρ
3172 503 3346 559 ταῦτα
3377 505 3455 575 μὴ
3485 503 3754 578 διαιροῦν-

2158 601 2270 652 τος,
2288 586 2403 639 άλλ’
2421 587 2509 640 ἀεὶ
2527 589 2636 644 τῶν
2652 593 2969 664 στεναγμῶν
2984 595 3193 667 δάκρυα
3207 594 3617 667 διαδεχομένων,
3631 593 3753 651 εἶτα

2161 677 2322 731 πάλιν
2353 681 2557 738 τούτων
2589 687 2944 757 στεναγμοὺς,
2975 687 3070 742 καὶ
3101 686 3302 742 κύκλου
3339 687 3479 753 τινὸς
3502 688 3755 759 γιγνομὲο

2160 786 2276 834 νου,
2308 770 2502 844 ἄδηλος
2541 770 2610 846 ἦν
2643 777 2676 847 ἠ
2705 776 2868 848 ἀρχὴ,
2899 777 2993 830 καὶ
3025 776 3253 849 θατέρου
3304 778 3366 832 τὸ
3418 780 3609 832 αῐτιον.
3644 778 3755 833 Καὶ

2159 860 2318 916 τοῦτό
2361 881 2444 930 τις
2477 867 2766 938 κατόψεται
2809 871 2920 934 τοῖς
2965 869 3127 924 αὐτοῦ
3171 870 3578 942 προσομιλήσας
3625 887 3755 939 συγ-

2163 961 2502 1033 γράμμασιν.
2539 961 2615 1014 Οὐ
2658 961 2817 1031 μόνον
2862 961 2970 1032 γὰρ
3012 961 3440 1033 ἀποκλαιόμενον
3485 962 3649 1015 αὐτὸν
3694 962 3754 1016 ὲν

2162 1055 2275 1117 τοῖς
2317 1053 2445 1123 περὶ
2480 1053 2767 1124 μετανοίας
2811 1055 2903 1108 καὶ
2951 1053 3115 1126 ήθους
3158 1055 3253 1108 καὶ
3304 1053 3577 1118 πολιτείας
3613 1071 3753 1125 χρη-

2166 1143 2297 1215 στῆς
2325 1144 2545 1217 εὑρήσει
2587 1145 2796 1214 λόγοις,
2837 1146 2971 1199 ἀλλὰ
3015 1147 3110 1200 καὶ
3153 1148 3211 1200 ὲν
3253 1146 3432 1208 αὐτοῖς
3466 1148 3579 1210 τοῖς
3619 1163 3754 1200 παν·

2165 1238 2445 1307 ηγυρικοῖς
2492 1235 2658 1290 αὑτοῦ
2706 1235 2906 1306 λόγοις,
2957 1237 3087 1292 ἔνοα
3150 1237 3349 1308 πολλὴν
3397 1237 3654 1291 εἰώθασιν
3702 1238 3754 1291 οἱ

2165 1327 2405 1381 πλεῖστοι
2449 1327 2804 1399 περιχάρειαν
2845 1330 2902 1382 ἐν
2949 1331 3063 1392 τοῖς
3101 1327 3284 1398 λόγοις
3321 1328 3652 1382 δείκνυσθαι.
3696 1328 3755 1382 '0

2150 1408 2220 1470 ’δὲ
2255 1415 2528 1486 πανταχοῦ
2556 1417 2753 1480 ταύτὸς
2795 1412 2884 1487 ἦν,
2927 1415 3020 1469 καὶ
3062 1419 3160 1487 τῆς
3200 1413 3540 1481 κατανύξεως
3576 1413 3754 1483 διηνε-

2165 1506 2276 1571 κῶς
2323 1506 2572 1560 ἐπλούτει
2615 1508 2676 1560 τὸ
2723 1509 2987 1580 χάρισμα.
3023 1507 3214 1562 Ἔνθεν
3265 1507 3359 1561 κα)⁸
3409 1504 3504 1560 νῦν
3571 1503 3756 1576 σχεδόν

2165 1600 2376 1663 πάντας
2416 1600 2582 1654 αὐτοῦ
2618 1601 2741 1663 τοὺς
2785 1600 2894 1654 τῶν
2932 1601 3106 1668 λόγων
3152 1599 3429 1673 ἀκροατὰς
3478 1597 3614 1670 πρὸς
3657 1598 3756 1668 τὴν

2167 1691 2334 1754 ὅντως
2360 1690 2711 1744 ἀνακαλεῖται
2759 1690 2923 1762 ζωήν.
2967 1691 3247 1764 Τοσαύτην
3296 1691 3448 1761 ίσχὺν
3490 1691 3520 1742 6
3566 1688 3754 1743 τούτου

482 1773 666 1814 veram
697 1763 1128 1832 amplectendam
1158 1766 1322 1821 vitam
1359 1779 1580 1824 revocat
1611 1790 1624 1825 :
1653 1779 1860 1827 tantam
1884 1775 2060 1846 ipsius

2169 1783 2426 1852 κέκτηται
2455 1783 2810 1847 θεόπνευστος
2832 1747 2987 1852 λόγος
3027 1783 3256 1855 δάκρυσι
3289 1781 3753 1852 συγκεκραμένος.

482 1850 645 1905 mista
671 1851 926 1924 Iacrymis
959 1855 1066 1910 vim
1113 1858 1356 1914 continet
1390 1861 1588 1916 oratio.
1641 1863 1777 1929 Quis
1806 1866 1950 1921 enim
1984 1868 2060 1923 ita

478 1941 622 1996 duro
651 1950 706 1996 et
756 1943 1108 2002 adamantino
1137 1956 1222 2004 est
1253 1951 1440 2016 corde,
1477 1953 1571 2022 qui
1609 1955 1730 2023 ejus
1758 1957 1922 2012 verba
1963 1973 2062 2014 au-

480 2033 660 2096 diens,
709 2050 818 2089 non
850 2040 1193 2106 mansuetiat,
1228 2057 1551 2114 morumque
1590 2049 1887 2116 asperitate
1914 2051 2063 2120 abje-

480 2134 568 2179 cta
596 2165 613 2189 ,
673 2128 789 2183 suis
824 2128 999 2199 ipsius
1045 2132 1285 2201 peccatis
1332 2149 1398 2188 ex
1445 2136 1627 2190 animo
1678 2153 1789 2192 non
1839 2139 2064 2196 doleat?

481 2215 615 2282 Quis
645 2220 779 2274 adeo
810 2219 958 2276 ferus
987 2232 1072 2277 est
1118 2231 1173 2277 et
1207 2224 1454 2289 immitis,
1491 2227 1585 2295 qui
1617 2230 1913 2285 salutarem
1940 2231 2062 2301 ejus

480 2311 786 2366 doctrinam
818 2313 1045 2369 auribus
1077 2317 1385 2393 percipiens
1420 2319 1659 2390 (tempus
1683 2337 1794 2376 non
1818 2322 2065 2393 deploret

479 2404 626 2473 quod
658 2419 940 2476 perperam
989 2412 1254 2480 transegit
1272 2392 1310 2463 ’ί
1343 2411 1478 2478 Quis
1516 2413 1653 2470 adeo
1689 2392 1945 2473 immanis
1977 2425 2063 2472 at-

479 2480 588 2564 que
614 2497 854 2553 crudelis
880 2515 893 2551 :
923 2501 1014 2569 qui
1054 2502 1218 2556 simul
1245 2517 1309 2558 ac
1334 2505 1498 2559 verba
1527 2505 1648 2574 ejus
1677 2508 1874 2577 quovis
1901 2509 2063 2565 melle

479 2586 727 2642 dulciora
755 2591 1099 2659 gustaverit),
1130 2609 1237 2647 non
1274 2610 1332 2650 se
1358 2611 1480 2648 mox
1518 2597 1703 2651 mitem
1741 2599 2062 2654 amabilem-

479 2691 585 2746 que
615 2679 840 2733 omnino
868 2681 1156 2737 exhibeat?
1195 2684 1330 2750 Quis
1358 2686 1665 2743 abhorrens
1699 2703 1729 2742 a
1773 2689 2052 2760 lacrymis,

477 2769 553 2824 ita
587 2786 646 2825 se
673 2773 895 2828 tradidit
926 2775 1320 2844 voluptatibus,
1354 2779 1487 2847 quin
1525 2779 1608 2834 vel
1638 2781 1868 2838 modicis
1908 2783 2055 2840 illius

2164 1875 2322 1939 Ποῖος
2353 1874 2460 1944 γὰρ
2515 1875 2857 1945 ἀμείλικτος,
2908 1876 2940 1947 ἢ
2994 1879 3058 1947 τῇ
3104 1876 3297 1948 καρδίᾳ
3348 1875 3597 1946 λιθώδης,
3647 1873 3757 1948 τῶν

2165 1962 2352 2016 τούτου
2402 1964 2663 2034 ῥημάτων
2711 1962 3040 2025 ἐπακούσας,
3087 1962 3147 2014 ού
3201 1947 3630 2032 μαλαχθήσεται,
3662 1947 3756 2011 καὶ

2163 2055 2225 2109 τὸ
2257 2055 2490 2126 σκληρὸν
2517 2053 2612 2108 τοῦ
2641 2054 2805 2125 ἤθους
2834 2053 3140 2115 ἀποϐαλὼν,
3165 2055 3285 2114 ταῖς
3309 2050 3501 2105 ἑαυτοῦ
3537 2050 3754 2113 κακίαις

2165 2146 2592 2214 ὲπιστυγνάσεις
2648 2147 2806 2216 Ποῖος
2853 2143 3043 2216 ἄγριος
3090 2143 3150 2195 τὸ
3190 2139 3342 2214 ἦθος,
3392 2141 3426 2211 ἢ
3485 2138 3756 2210 θηριώδης

2163 2235 2255 2289 τὸν
2287 2236 2486 2306 τρόπον
2515 2235 2614 2306 τὴν
2650 2235 2941 2306 ψυχωφελῆ
2980 2233 3328 2289 διδασκαλίαν
3369 2231 3533 2285 αὐτοῦ
3571 2232 3758 2282 ἑνωτι-

2164 2328 2332 2392 σθεὶς,
2361 2330 2461 2382 οὐκ
2492 2329 2654 2392 εὐθὺς
2681 2328 2913 2400 χρηστὸς
2956 2329 3047 2381 καὶ
3081 2325 3348 2396 ἐπιεικὴς,
3377 2323 3466 2377 καὶ
3497 2324 3606 2384 τοῖς
3632 2321 3756 2391 τρό-

2163 2437 2285 2483 ποις
2314 2419 2464 2474 ἕσται
2498 2421 2828 2490 φιλάγαθος;
2867 2422 3024 2484 Ποῖος
3055 2419 3266 2490 χαίρειν
3291 2414 3605 2487 ὲμμελετῶν
3638 2414 3756 2476 ταῖς

2161 2512 2254 2566 τοῦ
2282 2512 2396 2583 βίου
2427 2512 2804 2583 ἡδυπαθείαις,
2843 2513 2936 2565 καὶ
2963 2513 3025 2565 τὸ
3053 2509 3305 2583 δακρύειν
3336 2505 3754 2578 ἀποστρεφόμε-

2161 2621 2271 2668 νοςο
2301 2604 2497 2674 ὁλίγων
2533 2605 2772 2670 ἀκούσας
2815 2606 3024 2659 ἐκείνου
3067 2603 3348 2676 ῥημάτων.
3393 2601 3454 2654 οὐ
3497 2599 3752 2672 θρηνήσεο

2152 2695 2256 2765 καὶ
2299 2695 2614 2760 κλαύσεται,
2655 2698 2748 2751 καὶ
2787 2698 2866 2761 εἰς
2911 2697 3214 2767 ὑπόμνησιν
3253 2693 3382 2768 ἔλθῃ
3420 2693 3526 2746 τῶν
3565 2689 3746 2761 βεϐιωο

2165 2788 2346 2858 μένων
2383 2789 2680 2860 μελλούσης
2709 2789 3116 2852 ἀνταποδόσεως
3139 2805 3154 2854 ἱ

479 2865 664 2920 verbis
693 2866 916 2927 auditis.
952 2870 1370 2926 retributionem
1408 2871 1577 2939 illam,
1607 2889 1772 2944 quam
1816 2891 1916 2946 pro
1949 2878 2058 2932 vita
2098 2889 2350 2938 anteacta
2380 2884 2658 2954 accepturi
2705 2898 2918 2947 sumus,
2948 2884 3002 2936 in
3066 2879 3386 2937 memoriam
3463 2877 3749 2936 reducens.

481 2969 590 3010 non
623 2958 953 3014 lamentetur
986 2976 1051 3016 ac
1078 2962 1299 3034 lugeat?

549 3045 609 3102 In
651 3050 820 3106 rebus
859 3051 973 3106 lieri
1002 3054 1429 3124 nequeuntibus,
1475 3057 1608 3112 illud
1656 3060 1861 3129 passim
1895 3079 2056 3117 usur—

2229 3061 2413 3119 Λίθον
2444 3061 2636 3130 tte-37¢,
2673 3062 2706 3133 ἡ
2739 3061 2846 3115 τῶν
2876 3060 2980 3128 ἔξω
3014 3060 3282 3132 παροιμία
3309 3062 3402 3114 ἐπὶ
3429 3061 3534 3116 τῶν
3558 3062 3741 3116 ἀδυνά-

479 3146 615 3211 pant
653 3143 965 3211 proverbii:
997 3143 1254 3215 Lapidem
1283 3162 1524 3217 coquere
1552 3149 1768 3205 niteris.
1809 3150 1880 3205 At
1913 3153 2056 3207 istud

483 3232 600 3287 ﬁeri
633 3249 797 3303 posse
819 3250 921 3292 nos
957 3239 1335 3307 experimento
1365 3240 1546 3297 edocti
1571 3241 1890 3300 didicimus.
1925 3246 2054 3300 San-

481 3329 609 3379 ctus
638 3325 841 3396 quippe
869 3327 958 3382 hic
989 3343 1181 3398 senex,
1208 3331 1423 3388 animos
1455 3349 1594 3403 quos
1625 3335 1696 3390 ob
1722 3337 1920 3391 malam
1963 3339 2061 3393 ob-

473 3414 856 3488 'stinatamque
887 3419 1142 3476 duritiem
1174 3423 1384 3493 lapides
1416 3425 1641 3482 dixeris.
1679 3430 1842 3497 plane
1889 3432 2062 3485 etnot-

473 3505 604 3561 ‘livit
631 3523 697 3564 ac
733 3509 912 3581 fregit,
949 3510 1205 3582 ﬂexitque
1240 3523 1301 3568 ut
1331 3517 1526 3572 voluit.
1577 3517 1714 3584 Quis
1763 3522 1908 3574 enim
1942 3522 2062 3592 ejus

483 3597 551 3653 de
580 3599 886 3658 humilitate
917 3605 1224 3662 orationem
1265 3607 1473 3679 legens,
1523 3625 1635 3666 non
1685 3627 1903 3668 omnem
1938 3631 2062 3671 mox

471 3688 552 3742 ‘de
588 3705 647 3746 se
685 3693 1170 3762 existimationem,
1207 3706 1262 3753 et
1297 3700 1523 3755 stultam
1555 3706 1926 3775 arrogantiam
1967 3709 2064 3762 de-

468 3777 671 3848 ponat,
700 3797 764 3836 ac
812 3799 874 3840 se
921 3787 1166 3841 omnium
1219 3790 1652 3860 abjectissimum
1684 3796 2061 3852 confiteatur?

483 3870 622 3937 Quis
653 3887 736 3940 ea,
768 3891 890 3946 quae
942 3877 1010 3932 de
1059 3878 1333 3936 charitate
1379 3885 1731 3956 conscripsit,
1783 3887 2061 3950 lectitatis,

485 3982 597 4020 non
630 3969 712 4024 sic
745 3971 1104 4042 accendatur,
1135 3983 1194 4030 ut
1239 3977 1310 4032 ad
1356 3978 1590 4048 quodvis
1621 3982 1782 4035 etiam
1823 3984 2064 4039 Subeun-

467 4056 616 4139 dum
667 4063 971 4129 periculum
1027 4075 1253 4134 paratus
1310 4069 1425 4126 sit?
1466 4069 1604 4137 Quis
1651 4073 1741 4127 illa
1781 4076 2062 4142 evolvens,

485 4149 689 4220 quibus
737 4153 1106 4224 virginitatem
1154 4158 1362 4225 laudat,
1416 4175 1528 4216 non
1579 4179 1640 4219 se
1687 4163 1797 4220 Deo
1849 4175 2062 4221 castum

2162 3171 2268 3207 των
2313 3153 2665 3224 παρείληφεν.
2719 3153 2879 3224 Ἡμῖν
2923 3151 2981 3204 δὲ
3022 3151 3181 3217 τοῦτο
3222 3153 3464 3224 ἐναργῶς
3504 3155 3537 3226 ἡ
3589 3157 3750 3220 πεῖρα

2164 3245 2494 3318 παρέστησε.
2549 3244 2660 3308 Τὰς
2711 3244 2819 3315 γὰρ
2890 3244 3186 3312 ἀτέγκτους
3245 3245 3338 3297 καὶ
3397 3245 3747 3310 ἀνυπείκτους

2161 3335 2358 3406 ψυχὰς,
2398 3335 2494 3390 κα)⁸
2534 3335 2895 3405 φυλάττεσθαι
2943 3338 3036 3389 καὶ
3071 3338 3301 3408 ὑπήκειν
3342 3338 3371 3390 6
3414 3335 3556 3400 θεῖος
3600 3331 3755 3402 οὗτος

2165 3426 2477 3498 πρεσϐύτης
2516 3425 2864 3497 παρέπειθεν.
2895 3427 2990 3491 Τίς
3028 3426 3266 3498 ἐντυχὼν
3300 3427 3464 3481 αὑτοῦ
3505 3428 3583 3500 τῷ
3621 3430 3751 3500 περὶ

2164 3518 2665 3590 ταπεινοφροσύνης
2701 3519 2864 3589 λόγῳ,
2907 3520 2966 3574 οὐ
3015 3521 3196 3574 πᾶσαν
3242 3520 3340 3590 μὲν
3385 3519 3545 3583 εὐθὺς
3576 3519 3753 3590 οἴησιν

2163 3608 2490 3680 ὲκμισήσει,
2538 3610 2652 3664 ἀλλ’
2701 3611 2823 3665 οὐδὲ
2883 3611 3082 3674 παντὸς
3129 3612 3509 3682 ταπεινότερον
3559 3611 3752 3665 ἑαυτὸν

2164 3701 2492 3773 ὲκκηρύξει;
2547 3703 2643 3766 Τίς
2681 3706 2794 3766 τοῖς
2852 3703 2979 3773 περὶ
3026 3703 3245 3773 ἀγάπης
3294 3703 3602 3769 ἐπιϐαλὼν,
3654 3704 3751 3774 οὐχ

2165 3792 2306 3864 ὑπὲρ
2364 3795 2587 3866 ἀγάπης
2638 3796 3086 3866 προκινδυνεῦσαι
3130 3797 3449 3860 σπουδάσει;
3494 3797 3591 3860 Τίς
3637 3799 3753 3859 τοῖς

2165 3886 2295 3954 περὶ
2343 3886 2644 3956 παρθενίας
2695 3888 3137 3958 προσομιλήσας,
3191 3888 3287 3957 ούχ
3349 3888 3512 3957 ἁγνὸν
3559 3887 3752 3942 ἑαυτὸν

2152 3977 2310 4049 ,ψυχῇ
2350 3995 2410 4031 τε
2449 3978 2542 4032 καὶ¹
2574 3977 2786 4048 σώματι
2827 3978 2945 4049 Θεῷ
2985 3979 3308 4046 ἁγωνίσεται
3363 3978 3747 4049 παραστῆσαι;

2166 4068 2261 4132 Τίς
2299 4071 2410 4132 τοῖς
2458 4069 2588 4141 περὶ
2621 4069 2873 4140 κρίσεως,
2903 4069 3018 4139 ἦτοι
3052 4069 3306 4138 δευτέρας
3335 4069 3569 4141 Χριστοῦ
3604 4070 3754 4124 ἐλεύ-

2168 4177 2304 4224 σεως
2326 4159 2593 4231 ἐγκύψας,
2635 4161 2696 4214 οὐ
2731 4160 3097 4233 παρίστασθαι
3133 4161 3210 4232 τῷ
3238 4163 3444 4217 ἐκεῖθεν
3482 4163 3750 4235 κριτηρίῳ

483 4256 720 4312 corpore
755 4245 1046 4318 animoque
1081 4249 1279 4308 oﬂ'erre
1305 4254 1644 4310 contendat?
1681 4256 1814 4324 Quis
1840 4260 2060 4315 audiens

2165 4251 2403 4320 νομίσει,
2461 4253 2556 4304 καὶ
2591 4251 2887 4324 σύντρομος
2929 4253 3252 4324 γενόμενος,
3296 4257 3394 4328 τὴν
3436 4256 3750 4310 τελευταίαν

485 4331 568 4384 vel
596 4333 783 4404 legens
813 4337 933 4406 ejus
971 4355 1281 4404 sermones,
1323 4345 1526 4414 quibus
1566 4346 1835 4415 judicium
1885 4359 2060 4405 extre-

2166 4342 2268 4412 ἤδη
2311 4343 2586 4411 ἀπόφασιν
2627 4345 2746 4396 κατ’
2783 4343 2949 4397 αὐτοῦ
3000 4346 3444 4417 ἐξενεχθήσεσθαι
3488 4348 3744 4418 δοκήσει;

471 4414 656 4487 nium,
697 4425 812 4480 sive
844 4430 1145 4485 secundum
1178 4432 1330 4487 illum
1371 4435 1574 4491 Christi
1622 4438 1914 4493 adventuum
1966 4441 2060 4495 dc-

2166 4435 2352 4500 Οὖτως
2380 4436 2489 4506 γὰρ
2523 4437 2830 4508 παρέστησε
2865 4438 2925 4491 τὸ
2961 4414 3288 4508 μέλλον-τοῦ
3335 4440 3469 4494 Θεοῦ
3495 4414 3748 4510 δικαστή-

483 4513 715 4584 scribit,
742 4533 851 4573 non
881 4520 954 4573 ita
981 4521 1145 4578 corde
1179 4532 1232 4578 et
1262 4525 1446 4581 animo
1475 4527 1763 4596 adiciatur,
1803 4531 1959 4600 quasi
1991 4531 2060 4587 ad

2169 4543 2284 4596 ριον
2315 4527 2344 4578 ό
2381 4527 2623 4598 ἀοίδιμος
2655 4528 2748 4582 καὶ
2783 4528 3265 4600 προφητικὼτατος
3292 4522 3446 4596 οὗτος
3473 4530 3641 4602 ἀνὴρ,
3673 4529 3749 4593 ὡς

483 4605 618 4658 illud
660 4605 929 4675 judicium
973 4610 1200 4680 jamjam
1250 4613 1530 4671 sistendus
1575 4619 1763 4672 esset?
1807 4627 2060 4690 metuque

2171 4617 2342 4689 μηθὲν
2383 4618 2482 4689 μὲν
2519 4619 2703 4690 ἕτερον
2741 4619 3126 4674 ὑπολείπεσθαι
3169 4621 3442 4690 γνώσεως,
3486 4623 3644 4693 μόνον
3691 4620 3748 4675 δὲ

484 4706 710 4767 repente
740 4701 821 4756 sic
847 4701 1221 4767 exhorrescat,
1256 4720 1320 4759 ac
1342 4707 1386 4760 si
1415 4705 1683 4764 adversus
1710 4710 1887 4779 ipsum
1929 4725 2056 4766 seu-

2163 4710 2243 4782 τῷ
2274 4711 2422 4782 ἔργῳ
2448 4709 2623 4781 τούτῳ
2655 4711 2749 4764 καὶ
2779 4713 2845 4781 τῇ
2877 4711 3044 4782 πείρᾳ
3076 4713 3428 4784 καταμαθεῖν.

484 4791 652 4847 tentia
678 4792 883 4866 judicis
909 4797 1153 4854 feratur?
1179 4797 1313 4852 Nam
1350 4799 1424 4853 ita
1476 4804 1718 4856 futurum
1751 4803 1900 4858 istud
1960 4803 2052 4858 Dei
2087 4804 2360 4874 judicium
2403 4813 2662 4861 accurate
2690 4820 2755 4860 ac
2785 4807 2946 4877 plene
2971 4808 3264 4876 expressit,
3313 4815 3368 4862 et
3425 4807 3496 4862 ob
3559 4807 3750 4863 oculos

482 4886 730 4941 omnium
758 4888 951 4943 statuit
983 4889 1278 4959 praeclarus
1309 4906 1376 4946 ac
1406 4899 1634 4948 sanctus
1659 4893 1747 4948 hic
1769 4895 1869 4958 vir,
1901 4904 1959 4949 ut
1993 4896 2060 4949 ad
2100 4896 2221 4966 ejus
2250 4897 2614 4967 cognitionem
2643 4897 2788 4952 aliud
2858 4897 2995 4954 nihil
3050 4897 3300 4954 videatur
3357 4901 3547 4955 deesse
3571 4940 3585 4964 ,
3640 4900 3747 4955 nisi

486 4990 546 5039 ut
571 4999 660 5038 res
694 4981 808 5053 ipsa
840 4991 1033 5054 agatur
1070 4997 1135 5038 ac
1173 4999 1359 5040 coram
1391 4984 1504 5040 ﬁat.

476 5067 482 5074 ’
555 5075 688 5129 Cum
743 5088 874 5142 ergo
924 5076 976 5127 in
1010 5073 1213 5131 talibus
1247 5076 1315 5131 de
1360 5076 1571 5147 judicio
1626 5076 2055 5147 cogitationibus

489 5168 684 5222 beatus
716 5166 831 5236 ipse
861 5176 1499 5238 semperoccuparetur,
1532 5168 1796 5223 mundum
1821 5177 1875 5225 et
1904 5186 2058 5240 quaa-

488 5272 707 5326 cunque
731 5257 784 5310 in
809 5272 874 5312 eo
905 5265 1055 5320 sunt,
1087 5256 1293 5328 cﬂ‘ugit.
1327 5258 1524 5314 Procul
1552 5275 1681 5315 vero
1712 5263 1944 5317 recessit
1974 5261 2060 5316 lu-

491 5347 664 5416 giens,
703 5347 846 5400 sicut
879 5347 1145 5417 scriptum
1177 5351 1468 5420 reperitur,
1497 5361 1552 5405 et
1593 5352 1797 5405 mansit
1827 5352 1883 5404 in
1931 5352 2063 5406 soli-

490 5437 696 5500 tudine,
727 5435 838 5490 Deo
866 5447 919 5492 et
969 5437 1073 5493 sibi
1125 5439 1230 5510 ipsi
1271 5457 1495 5508 vacans,
1531 5443 1764 5512 indeque
1799 5443 2059 5496 virtutum

490 5527 709 5597 praemia
747 5526 1010 5585 referens.
1048 5529 1219 5588 Recte
1246 5533 1390 5587 enim
1412 5534 1533 5603 jam
1567 5547 1813 5599 noverat,
1840 5552 1936 5593 cos
1967 5536 2060 5607 qui

494 5616 796 5671 solitariam
834 5619 1244 5689 amplectuntur
1283 5622 1473 5686 vitam,
1504 5639 1570 5677 cx
1608 5625 1939 5680 turbulentis
1968 5641 2063 5680 sa:-

493 5706 601 5762 culi
631 5707 796 5778 hujus
827 5709 1332 5780 perturbationibus
1358 5720 1521 5784 atque
1541 5715 1794 5784 procellis
1821 5716 2060 5781 liberari,

2234 5077 2366 5141 Ταῖς
2397 5076 2672 5141 τοιαύταις
2698 5079 2785 5132 ἀεὶ
2833 5081 2960 5151 περὶ
3007 5083 3237 5155 κρίσεως
3267 5085 3295 5136 ό
3325 5085 3590 5156 μακάριος
3629 5105 3748 5143 συντ

2168 5171 2421 5242 εχόμενος
2447 5171 2788 5240 φαντασίαις,
2814 5171 3011 5243 ἔφευγε
3053 5176 3147 5245 μὲν
3176 5176 3266 5228 τὸν
3311 5176 3511 5248 κόσμον
3548 5179 3641 5233 καὶ
3677 5182 3748 5236 τὰ

2169 5264 2228 5316 ὲν
2267 5261 2484 5332 κόσμῳο
2528 5262 2802 5333 ὲμάκρυνε
2834 5263 2892 5316 δὲ
2930 5264 3262 5333 φυγαδεύων,
3383 5283 3516 5338 φησι
3558 5269 3628 5323 τὰ
3665 5270 3748 5325 λόο

2167 5369 2281 5420 για,
2311 5351 2406 5406 καὶ
2429 5351 2676 5421 ηὐλίζετο
2698 5353 2757 5405 ὲν
2784 5355 2848 5424 τῇ
2876 5354 3085 5425 ἐρήμῳ,
3117 5355 3292 5425 ἑαυτῷ
3327 5355 3472 5428 μόνῳ
3507 5360 3598 5413 καὶ
3626 5360 3746 5433 Θεῷ

2169 5441 2471 5512 προσέχων,
2498 5443 2750 5496 κάκεῖθεν
2782 5442 2887 5496 τῶν
2915 5443 3124 5513 ἀρετῶν
3167 5443 3265 5508 τὰς
3308 5446 3573 5512 ἐπιδόσεις
3597 5451 3747 5521 δεχό-

2174 5551 2349 5604 μενος.
2380 5534 2533 5607 ’ῌδει
2555 5534 2662 5606 γὰρ
2697 5534 2936 5604 ἀκριϐῶς
2965 5535 3039 5599 ὡς
3068 5537 3305 5610 ὲρημικὴ
3334 5539 3610 5606 διαϐίωσις
3639 5543 3745 5596 τῶν

2169 5625 2447 5694 κοσμικῶν
2473 5625 2571 5696 μὲν
2601 5624 2870 5693 ἐλευθεροῖ
2911 5624 2999 5679 τὸν
3043 5625 3362 5698 βουλόμενον
3390 5630 3651 5702 θορύϐων,
3675 5638 3740 5706 τῇ

2169 5714 2368 5790 ἡσυχίᾳ
2409 5715 2465 5768 δὲ
2514 5714 2794 5785 συνόμιῒιον
2841 5718 2952 5780 τοῖς
2997 5718 3246 5787 ἀγγέλοις
3292 5726 3450 5780 ποιεῖ,
3509 5724 3589 5777 καὶ
3628 5728 3741 5784 ταῖς
