4132 6356
363 348 467 402 835

1385 350 1473 405 DE
1514 350 1675 406 VITA
1715 354 1773 409 S.
1823 354 2073 411 PATRIS
2110 356 2420 412 EPHIUEM
2456 357 2638 414 SYRI.

3528 367 3631 422 εει

364 466 493 534 περὶ
521 462 657 516 Θεοῦ
696 463 945 536 θεωρίαις
969 466 1064 521 τὸν
1102 469 1225 523 νοῦν
1265 471 1386 523 ὅσον
1432 473 1580 527 ἐστιν
1615 476 1841 545 εφικτὸν
1872 478 1929 531 ἀν

2060 487 2115 533 et
2165 479 2232 534 ad
2284 480 2487 550 quietis
2539 481 3065 554 tranquillitatisque
3128 492 3344 555 portum
3402 484 3632 541 feliciter

364 554 507 621 υψοῖ.
543 555 638 608 Ἐκ
659 555 838 610 τόπων
860 556 916 610 δὲ
945 559 1144 624 τόπους
1164 562 1433 632 ἀμείϐειν,
1459 565 1548 617 ὅτε
1583 566 1764 620 κινοῦν
1790 569 1954 621 αὐτὸν

364 639 587 712 Πνεῦμα
630 640 764 715 πρδς
808 647 1094 719 οίκοδομὴν
1134 650 1243 703 τῶν
1288 652 1494 706 πολλῶν
1532 655 1820 726 ᾠκονόμει,
1853 658 1953 711 οὐκ

361 732 606 801 ἠπείθει,
650 735 759 789 οὐδ’
805 737 1120 794 ἀντέτεινεν.
1156 738 1264 795 Ἦν
1307 745 1405 815 γὰρ
1460 748 1740 801 κελεύσεσι
1782 749 1951 814 θείαις

363 824 659 895 πειθήνιος,
682 829 741 881 -εί
770 830 864 882 καί
889 847 973 894 τις
1008 831 1187 897 ἄλλος.
1226 836 1502 891 Ἐντεῦθεν
1528 838 1625 910 τὴν
1652 842 1951 911 ἐνεγκαμέ-

363 932 481 984 νην,
528 916 604 978 ὡς
641 918 669 969 ό
712 917 865 982 Θεῖος
908 922 1116 986 ἐκεῖνος
1162 924 1473 991 κελευσθεὶς
1524 930 1805 1000 Ἀϐραὰμ,
1851 933 1948 1001 τὴν

376 1002 656 1058 Ἐδεσινῶν
688 1007 952 1061 κατέλαϐε
996 1010 1177 1064 πόλιν
1210 1013 1416 1067 δίκαιον
1451 1017 1559 1088 γὰρ
1586 1020 1685 1071 οὐκ
1729 1014 1799 1090 ἦν
1842 1021 1952 1073 ὑπὸ

362 1093 469 1162 γῆν
510 1098 671 1166 μέχρι
701 1096 896 1152 πολλοῦ
926 1100 1017 1154 τὸν
1046 1102 1193 1172 ἥλιον
1230 1107 1726 1177 κατακρύπτεσοαι.
1757 1111 1860 1163 Δύο
1888 1112 1944 1164 δὲ

363 1187 521 1256 χάριν
552 1192 761 1255 αἰτιῶν,
792 1191 884 1244 τοῦ
914 1210 972 1245 τε
1009 1194 1077 1248 τὰ
1109 1196 1284 1249 ἐκεῖσε
1332 1200 1761 1269 περιπτύξασθαι
1788 1203 1942 1271 ἅγια,

361 1279 455 1329 καὶ
506 1279 612 1349 πρό
649 1296 710 1348 γε
751 1282 939 1334 τούτου
992 1283 1156 1355 λογίῳ
1202 1292 1531 1357 περιτυχεῖν,
1583 1293 1677 1345 καὶ
1731 1295 1945 1363 καρπὸν

361 1370 612 1438 γνώσεως
643 1373 675 1444 ἦ
707 1374 907 1438 λαϐεῖν,
940 1375 972 1446 ἦ
1007 1378 1343 1446 μεταδοῦναι.

2058 574 2369 639 pervenire,
2420 574 2511 626 ubi
2554 575 2955 630 consuetudine
2997 575 3348 646 perfruantur
3406 581 3628 648 angelo-

2057 677 2220 727 rtun;
2266 663 2654 733 mentibusque
2684 665 2970 731 sublimes,
3018 670 3285 736 quantum
3325 668 3473 732 licet,
3510 670 3627 739 rapi

2055 753 2125 807 ad
2177 754 2695 823 contemplationem
2742 756 2863 810 Dei.
2903 757 3133 822 Quando
3166 772 3331 827 porro
3388 756 3628 829 Spiritus

2055 845 2208 899 illum
2239 846 2760 913 commonefaciens,
2796 847 2862 901 ad
2892 849 3183 903 tnultorum
3211 850 3625 906 aedificationem

2056 934 2138 989 sic
2168 935 2518 1004 disponebat,
2554 946 2611 990 ut
2667 938 2790 991 loca
2842 947 3103 1002 mutaret,
3160 956 3270 995 non
3312 944 3622 1009 resistebat,

2054 1027 2152 1082 sed
2222 1027 2504 1083 humiliter
2568 1030 3013 1099 obsequebatur:
3066 1043 3187 1087 erat
3245 1036 3390 1089 enim
3454 1037 3627 1105 jussis

2052 1116 2437 1187 mandatisque
2460 1120 2573 1183 Dei,
2601 1121 2646 1176 si
2679 1122 2804 1191 quis
2834 1123 2995 1185 alius,
3031 1125 3436 1195 obtemperans.
3469 1127 3627 1182 Unde

2051 1209 2306 1276 patriam,
2374 1211 2516 1265 sicut
2550 1226 2779 1281 magnus
2819 1214 2909 1269 ille
2958 1216 3254 1281 Abraham,
3314 1218 3625 1289 relinquere

2046 1298 2240 1368 jussus
2266 1302 2330 1364 ’⁸,
2362 1302 2764 1357 Edessenorum
2801 1307 2988 1359 urbem
3026 1307 3177 1375 petiit
3213 1328 3226 1362 :
3267 1325 3442 1378 neque
3478 1312 3622 1364 enim

2055 1391 2440 1456 conveniebat,
2473 1402 2532 1446 ut
2564 1394 2667 1449 sub
2693 1406 2838 1449 terra
2868 1397 3077 1450 diutius
3114 1399 3197 1453 sol
3225 1404 3622 1456 occultaretur.

362 1463 526 1520 llisce
559 1481 685 1521 vero
715 1467 783 1522 de
814 1471 1003 1525 causis
1035 1486 1102 1526 eo
1132 1475 1427 1537 concessit,
1462 1485 1521 1530 ut
1552 1478 1674 1534 loca
1705 1479 1777 1535 ibi
1810 1490 2004 1537 Sancta
2039 1483 2326 1549 inviseret,
2386 1493 2500 1541 tum
2562 1496 2621 1541 ut
2651 1489 2952 1558 sapientem
2995 1490 3230 1560 aliquem
3307 1499 3623 1552 conveniret

360 1560 560 1624 virum,
599 1575 663 1615 ac
690 1564 1021 1632 cognitionis
1052 1567 1169 1635 ipse
1200 1568 1440 1624 fructum
1471 1573 1554 1627 vel
1588 1586 1830 1643 caperet,
1866 1579 1950 1633 vel
1978 1578 2104 1634 aliis
2131 1580 2415 1648 praeberet.

442 1650 530 1703 Ἐν
561 1646 662 1714 οἷς,
696 1652 771 1716 ὡς
814 1656 1113 1728 ἱστόρηται,
1143 1661 1208 1729 τῇ
1265 1662 1413 1715 πόλει
1456 1665 1809 1734 παραϐαλὼν,
1841 1673 1929 1739 τήν

2119 1646 2201 1724 Ad
2228 1687 2347 1725 eam
2381 1673 2548 1743 igitur
2574 1673 2703 1728 dum
2736 1676 3038 1745 appulisset
3070 1677 3369 1741 civitatem,
3402 1688 3457 1734 et
3503 1679 3619 1749 jam

358 1760 419 1795 τε
471 1743 625 1796 πόλιν
676 1745 1084 1817 ὑπερχόμενος,
1137 1753 1311 1826 πόρνῃ
1358 1756 1466 1808 τινὶ
1528 1760 1929 1831 συναπήντηκεη

2048 1770 2258 1833 portam
2290 1765 2565 1828 introiret,
2594 1766 2715 1821 loco
2742 1743 3007 1836 sapientis
3036 1768 3161 1833 viri,
3183 1786 3347 1839 quem
3377 1781 3616 1839 aptarat,

356 1834 475 1888 ἀνθ’
505 1830 564 1889 οὗ
598 1834 877 1906 φιλολόγου
918 1840 1188 1912 ἐπηύχετο
1235 1850 1591 1917 προστυχεῖνο
1631 1849 1707 1914 ὡς
1740 1851 1797 1905 δὲ
1834 1830 1929 1924 τῆς

2048 1830 2292 1908 scortum
2325 1855 2431 1910 sibi
2461 1855 2684 1910 obvium
2714 1830 2937 1912 habuit:
2983 1858 3037 1913 in
3065 1830 3214 1929 quod
3246 1830 3619 1931 spectaculum

357 1928 683 1998 προσδοκίας
716 1930 899 2000 ἕτερον
932 1929 999 2005 ἦν
1039 1934 1100 1987 τὸ
1136 1936 1326 2005 φανὲν,
1356 1938 1601 2012 θλιϐερὺν
1643 1943 1791 2013 αὐτῷ
1835 1946 1929 1998 ἀπ·

2049 1946 2437 2014 permolestum
2461 1961 2585 2001 cum
2609 1958 2803 2017 prater
2822 1928 3294 2021 exspectationem“
3313 1954 3617 2017 incidisset,

358 2017 457 2088 έϐη
485 2019 546 2071 τὸ
579 2020 934 2092 συναντῆσαν.
966 2025 1058 2077 Διὸ
1090 2028 1184 2079 καὶ
1231 2030 1626 2099 προσατενίσας
1657 2033 1733 2104 τῷ
1760 2051 1947 2106 πορνιε

357 2108 474 2178 δίῳ,
499 2109 575 2173 ὡς
607 2111 704 2182 τῆς
736 2112 945 2178 ἐλπίδος
974 2115 1227 2185 ψευσθεὶς
1258 2122 1503 2190 ἀπήγετο
1522 2126 1537 2145 ⁸
1561 2140 1575 2154 ο
1601 2126 1635 2195 ή
1668 2125 1724 2179 δὲ
1756 2126 1944 2180 τοῦτον

359 2198 601 2272 θεωμένη
643 2206 1095 2274 προσατενίζοντα
1132 2210 1324 2285 ταύτῃ,
1362 2216 1457 2269 καὶ
1495 2216 1631 2288 αὑτὴ
1670 2218 1945 2289 ἐπιμελῶς

354 2292 516 2346 αὑτὸν
549 2292 820 2364 βλέπουσα
875 2301 1221 2358 κατεσκόπει.
1276 2304 1354 2375 Τῇ
1400 2305 1459 2359 δὲ
1500 2309 1530 2360 ό
1569 2308 1761 2378 σοφός’
1802 2310 1942 2378 Λέγε

356 2405 466 2458 μοι,
504 2390 686 2458 γύναι,
718 2391 863 2455 τίνος
900 2394 1058 2465 χάριν
1113 2397 1309 2469 μικρὸν
1355 2400 1697 2467 ἀπατενίζεις
1730 2420 1841 2474 μοι.
1875 2404 1942 2458 Ἦ

351 2480 430 2544 δὲ,
477 2481 804 2547 ’Δκολούθως
836 2484 947 2553 ἐγὼ
978 2487 1072 2539 καὶ
1105 2490 1456 2560 πρεπόντωςο
1484 2494 1550 2546 ἐκ
1599 2493 1692 2547 σοῦ
1718 2494 1825 2566 γὰρ
1855 2493 1942 2548 λέ-

350 2572 566 2645 λημμαι
595 2575 687 2629 τοῦ
714 2577 926 2648 ἀνδρὸς,
960 2580 1023 2633 σὺ
1048 2580 1105 2634 δὲ
1134 2582 1207 2652 μή
1237 2600 1303 2653 με
1326 2584 1681 2652 κατασκόπει,
1710 2587 1808 2657 τὴν
1832 2586 1939 2658 γῆν

348 2665 405 2717 δὲ
439 2666 657 2734 μᾶλλον,
686 2667 744 2733 ἐξ
779 2665 846 2739 ἦς
879 2670 1138 2741 ἐλήφθης.
1173 2674 1344 2728 Τοῦτο
1373 2676 1525 2746 παρὰ
1554 2678 1881 2751 προσδοκίαν
1910 2681 1939 2733 ό

351 2758 511 2825 σοφὸς
543 2758 874 2823 ἐπακούσας.
919 2763 1170 2831 μεγάλως
1206 2766 1306 2836 μὲν
1351 2768 1617 2837 ὡμολόγει
1646 2770 1936 2841 ὠφεληθῆ-

349 2863 465 2901 ναιο
499 2848 592 2900 τοῦ
620 2850 753 2903 θεοῦ
781 2851 838 2903 δὲ
871 2853 969 2922 τὴν
997 2855 1377 2926 ἀκατάληπτον
1408 2859 1767 2929 ύπερεδόξασε
1787 2860 1938 2916 δύνα-

351 2954 465 3004 μιν,
501 2938 560 3001 ὃς
590 2939 658 2993 τὰ
693 2940 792 3011 τῆς
815 2941 1027 3007 ἐλπίδος
1056 2946 1151 2998 καὶ
1186 2946 1272 2998 διὰ
1318 2947 1427 3001 τῶν
1456 2952 1585 3020 παρ’
1620 2949 1807 3004 ἐλπίδα
1836 2969 1935 3022 χα-

351 3023 578 3095 (ίζεται.
1076 3059 1085 3067 ~

416 3118 590 3182 Δύσας
613 3136 676 3173 τε
714 3120 920 3174 ἐκεῖθεν
957 3124 1050 3176 ἐπὶ
1089 3125 1187 3196 τὴν
1234 3131 1333 3198 τῆς
1366 3130 1757 3198 Καππαδοκίας
1796 3137 1932 3191 Και-

2046 2046 2303 2107 tanquam
2338 2054 2435 2110 spe
2488 2054 2586 2093 sua
2628 2040 2899 2111 dejectus,
2949 2043 3141 2099 oculos
3199 2046 3499 2101 avertebat.
3548 2047 3619 2101 At

2045 2136 2262 2191 contra,
2291 2129 2543 2200 improba
2579 2130 2778 2186 femina
2802 2131 2998 2189 deﬁxis
3029 2134 3085 2189 in
3129 2150 3252 2190 eum
3300 2136 3475 2191 oculis
3530 2139 3618 2192 in-

2042 2220 2328 2289 spiciebat.
2362 2223 2461 2277 Cui
2489 2223 2739 2295 Ephrem
2762 2244 2776 2279 :
2803 2224 2849 2280 O
2878 2227 3092 2290 mulier,
3126 2228 3325 2297 inquit,
3349 2228 3437 2283 dic
3463 2230 3613 2296 mihi,

2044 2326 2146 2365 cur
2177 2328 2263 2367 me
2297 2316 2611 2384 usqueadeo
2647 2315 2917 2372 intueris?
2943 2318 3011 2372 At
3037 2318 3130 2373 illa
3156 2328 3438 2390 prompte:
3468 2319 3617 2386 Quo-

2042 2402 2214 2469 niam,
2249 2403 2456 2474 ihquit,
2494 2421 2560 2459 ex
2588 2414 2644 2461 te
2673 2408 2795 2461 viro
2826 2422 2929 2478 ego
2951 2422 3070 2463 sum
3096 2427 3109 2462 :
3134 2416 3191 2463 tu
3221 2418 3402 2464 autem
3432 2426 3517 2466 me
3546 2427 3615 2467 ne

2041 2493 2274 2562 respicis
2306 2496 2548 2565 quidetn,
2584 2497 2678 2552 sed
2713 2497 2768 2552 in
2799 2506 2998 2553 terram
3024 2515 3089 2555 ex
3116 2516 3222 2571 qua
3251 2513 3500 2573 sumptus
3527 2521 3612 2571 es,

2039 2585 2232 2640 oculos
2270 2594 2396 2642 tuos
2440 2596 2747 2659 retorques.
2784 2589 2958 2657 Quam
3003 2592 3223 2661 quidem
3272 2595 3614 2665 inexspecta—

2039 2681 2149 2729 tam
2180 2679 2593 2748 respertsionem
2650 2682 3005 2738 vehementer
3045 2684 3150 2739 sibi
3194 2688 3491 2754 profuisse,
3526 2692 3612 2743 vir

2035 2778 2260 2823 sanctus
2286 2784 2348 2823 ac
2376 2772 2612 2839 prudens
2641 2774 3037 2829 confitebatur:
3061 2787 3398 2848 quapropter
3423 2781 3629 2835 inlini-«-

2039 2868 2146 2911 tam
2182 2858 2277 2913 Dei
2314 2864 2611 2930 potentiam
2649 2865 2910 2928 laudavit,
2937 2867 3031 2937 qui
3063 2868 3340 2926 interdum
3366 2887 3451 2937 ea,
3487 2890 3611 2943 quze

2035 2962 2343 3018 speramus,
2374 2962 2569 3021 praeter
2596 2969 2748 3026 spem
2778 2957 2941 3013 nobis
2969 2958 3253 3030 elargitur.

2103 3125 2234 3185 Inde
2266 3127 2571 3184 Caesaream
2602 3130 2967 3202 Cappadocia:
3008 3135 3197 3189 divino
3244 3136 3443 3195 ductus
3492 3130 3623 3211 Spi?

350 3209 596 3281 σάρειαν,
645 3212 749 3264 ὑπὸ
790 3211 884 3265 τοῦ
938 3215 1253 3287 Πνεύματος
1298 3220 1392 3273 τοῦ
1434 3222 1588 3290 ἁγίου
1626 3225 1929 3298 ὁδηγηθεὶς,

2036 3220 2145 3273 ritu
2174 3236 2299 3273 cum
2339 3220 2644 3290 petivisset,
2678 3225 2857 3293 ipsum
2881 3223 2953 3279 ibi
2981 3240 3044 3281 os
3067 3226 3347 3294 Ecclesiae,
3380 3246 3604 3288 auream

346 3299 439 3351 τὸν
472 3300 645 3370 μέγαν
673 3302 918 3355 κατεῖδεν
946 3304 1243 3368 Βασίλειον.
1275 3309 1335 3363 τὸ
1370 3313 1541 3382 στόμα
1566 3315 1665 3385 τῆς
1707 3318 1933 3392 Ἐκκλη-

350 3389 492 3453 σίας,
521 3393 621 3460 τὴν
656 3392 762 3445 τῶν
801 3394 1085 3465 δογμάτων
1124 3401 1334 3470 χρυσῆν
1378 3404 1576 3473 ἀηδόνα
1600 3424 1612 3436 ·
1641 3407 1701 3461 ὃν
1735 3389 1931 3465 θεασά-

351 3497 509 3551 μενος
538 3483 565 3534 ὁ
612 3484 947 3555 πρεσϐύτης,
1000 3488 1219 3554 πολλαῖς
1266 3496 1682 3568 καταγεραίρειν
1729 3501 1931 3572 ἤρξατο

347 3572 662 3643 εὐφημίαις.
716 3577 1015 3649 Διορατικῷ
1044 3578 1152 3650 γὰρ
1177 3582 1277 3652 τῆς
1308 3584 1485 3655 ψυχῆς
1522 3588 1746 3658 ὄμματι,
1776 3608 1930 3663 περι-

348 3663 544 3734 στεράν
574 3665 889 3738 άγλαοφανῆ
937 3671 1272 3743 ἐφεζομένην
1311 3677 1443 3745 πρὸς
1475 3678 1564 3732 τὸν
1604 3680 1775 3745 δεξιὸν
1807 3683 1928 3736 τού-

344 3772 437 3809 του
461 3755 682 3810 ἓϐλεπεν
712 3753 880 3829 ὦμον,
907 3762 1098 3830 λόγους
1124 3765 1271 3836 αὑτῴ
1298 3767 1642 3835 διδασκαλίας
1668 3773 1927 3844 χορηγοῦν

346 3860 463 3908 σαν,
491 3848 739 3903 κάκεῖνον
770 3849 991 3915 τούτους
1038 3853 1505 3926 διαπορθμεύοντα
1543 3861 1622 3931 τῷ
1663 3862 1795 3933 λαῷ.
1831 3866 1927 3929 Ὃς

344 3936 448 3992 ὑπὸ
495 3938 595 4010 τῆς
641 3941 998 4014 διδασκούσης
1042 3946 1192 4015 αὐτῷ
1244 3950 1445 4020 σεπτῆς
1499 3954 1727 4026 μυηθεὶς
1766 3973 1922 4026 περι.

343 4030 557 4099 στερᾶς,
588 4031 684 4101 τῆς
716 4050 776 4085 τε
802 4034 1094 4106 ἐπιδημίας
1121 4036 1333 4107 ᾔσθετο,
1368 4042 1461 4093 καὶ
1497 4021 1731 4115 Ἐφραίμ
1764 4021 1926 4101 αὐτὸν

340 4116 479 4176 εἶναι
511 4124 601 4177 τὸν
635 4126 803 4198 Σύρον
832 4131 1133 4199 ἐπέγνωκε.
1172 4134 1280 4186 Καὶ
1314 4134 1376 4207 δὴ
1404 4144 1773 4212 πνευματικῆς
1806 4145 1925 4197 ἐπι-

340 4213 533 4283 καίρου
580 4216 745 4285 ἄμφω
793 4222 1080 4286 συναυλίας
1116 4224 1411 4293 ἠξίωνται·
1439 4228 1610 4294 οὕτως
1657 4234 1757 4287 οὐκ
1804 4235 1924 4288 ἑπι-

340 4300 537 4374 ζήμιος
572 4306 648 4377 τῷ
683 4310 919 4383 Ἐφραῒμ
946 4315 975 4365 ὁ
1006 4315 1241 4386 σκυλμὸς
1276 4319 1663 4391 ἐχρημάτισεν.

422 4397 486 4451 Ἦ
514 4399 571 4452 δὲ
593 4400 687 4455 τοῦ
720 4402 835 4473 βίου
866 4409 1066 4479 φυσικὴ
1099 4412 1447 4483 ἀκεραιότης,
1472 4414 1580 4467 τῶν
1609 4417 1920 4473 ἐπιϐλαϐῶν

338 4485 436 4556 τὴν
470 4490 647 4560 φυγὴν
690 4493 838 4565 αὐτῷ
881 4499 1236 4569 παρεδείκνυε
1264 4520 1278 4534 υ
1310 4504 1371 4556 τό
1412 4520 1469 4558 τε
1506 4505 1600 4559 τοῦ
1628 4508 1915 4577 κρείττους

2033 3309 2246 3365 scilicet
2282 3309 2430 3362 illam
2478 3309 2748 3365 doctrinm
2802 3313 3117 3380 lusciniam,
3156 3314 3415 3372 Basilium
3468 3323 3605 3376 vidit

2031 3408 2199 3469 atque
2229 3400 2524 3469 cognovit:
2564 3417 2726 3472 quem
2758 3418 2924 3459 senex
2963 3406 3212 3473 intuitus,
3242 3412 3427 3466 multis
3485 3412 3603 3467 fau-

2031 3488 2133 3542 stis
2163 3488 2331 3558 cmpit
2364 3491 2614 3544 venerari
2667 3492 2920 3549 vocibus.
2966 3492 3246 3565 Siquidem
3303 3503 3602 3572 perspicaci

2029 3575 2230 3628 mentis
2273 3576 2466 3641 oculo,
2527 3580 2816 3648 conspexit
2873 3581 3229 3653 refulgentem
3293 3590 3601 3644 columbam

2028 3665 2259 3720 humero
2308 3667 2483 3737 ipsius
2520 3669 2845 3727 insidentem
2896 3673 3144 3742 dextero,
3193 3680 3468 3749 verbaque
3522 3698 3604 3737 sa-

2029 3758 2245 3827 pientiae
2284 3761 2817 3829 subministrantem,
2867 3775 3031 3837 atque
3077 3769 3253 3839 ipsum
3304 3787 3367 3826 ea
3401 3776 3602 3843 populo

2028 3850 2456 3918 depromentem.
2486 3851 2565 3906 Ex
2608 3867 2670 3906 ea
2710 3854 2928 3922 quidem
2970 3857 3139 3911 ardua
3173 3874 3239 3913 ac
3291 3864 3599 3917 veneranda

2026 3941 2277 3995 columba
2305 3943 2611 3998 instructus
2645 3944 2759 4008 ille,
2793 3948 2973 4002 sancti
3003 3949 3167 4017 hujus
3199 3949 3379 4006 Patris
3397 3968 3601 4024 cogno-

2025 4042 2178 4087 verat
2218 4036 2732 4104 peregrinationem,
2756 4054 2991 4109 eumque
3013 4056 3136 4097 esse
3159 4042 3409 4112 Ephrazm
3443 4047 3595 4101 illum

2026 4122 2246 4192 Syrum.
2282 4123 2699 4194 Peropportune
2740 4129 2907 4199 igitur
2935 4131 3095 4185 ambo
3141 4144 3329 4187 mutua
3365 4135 3509 4191 inter
3537 4152 3598 4192 se

2024 4212 2349 4269 fruebantur
2400 4220 2842 4286 consuetudine;
2899 4222 2971 4276 ita
3044 4230 3103 4277 ut
3162 4224 3433 4281 laboriosa
3503 4228 3593 4282 illa

2023 4304 2393 4373 peregrinatio
2425 4306 2529 4375 ipsi
2584 4305 2835 4377 Ephmm
2889 4311 3100 4367 inutilis
3130 4327 3239 4367 non
3297 4315 3593 4373 exstiterit.

2092 4395 2373 4453 Naturalis
2404 4413 2568 4467 porro
2625 4403 2752 4455 vitae
2783 4401 3120 4468 innocentia,
3172 4406 3441 4461 malorum
3488 4408 3593 4478 ipsi

2023 4489 2348 4545 ostendebat
2380 4490 2563 4561 fugam
2590 4510 2603 4545 :
2636 4506 2764 4546 nam
2793 4508 2859 4548 ex
2892 4510 2956 4549 ea
2988 4496 3237 4551 discebat
3267 4505 3323 4553 et
3368 4499 3594 4555 meliora

338 4559 716 4650 προορατικὸν,
746 4559 838 4638 καὶ
880 4586 940 4640 τὸ
962 4559 1060 4643 τοῦ
1091 4592 1307 4663 χείρους
1349 4559 1685 4664 φυλακτικὸν

2032 4578 2333 4647 prospicere
2359 4587 2414 4633 et
2436 4559 2715 4637 deteriora
2746 4583 2974 4650 evitare,
3011 4593 3178 4657 atque
3208 4588 3331 4644 illas
3368 4598 3592 4646 senten-

338 4676 560 4724 σκουσα,
586 4664 826 4731 ἐκείνους
858 4686 917 4722 τε
948 4671 1055 4724 τῶν
1110 4673 1385 4747 λογισμῶν
1412 4681 1752 4751 προσίεσθαι,
1785 4687 1911 4751 τοὺς

336 4750 625 4842 ἐγκρίτους
653 4757 747 4810 καὶ
780 4758 1072 4832 καθαροὺς,
1109 4766 1204 4818 καὶ
1236 4768 1371 4839 πρὸς
1400 4750 1610 4842 αἵρεσιν
1639 4750 1910 4830 λυσιτελεέ

336 4840 560 4933 στέρους
580 4844 765 4912 καλοῦ,
794 4848 909 4903 ὅσοι
926 4851 1157 4922 μάλιστα
1187 4857 1322 4928 πρὸς
1341 4859 1438 4928 τὴν
1452 4840 1549 4933 τῆς
1560 4863 1908 4931 διδασκαλίας

333 4931 682 4999 ἐμποδίζουσι
711 4939 918 5010 χρείαν.
952 4944 1197 5013 Δαψιλῶς
1224 4947 1332 5019 γὰρ
1355 4931 1532 5007 δέδοτο
1577 4956 1729 5026 παρὰ
1768 4958 1906 5027 Χρι-

335 5022 460 5077 στοῦ
620 5026 750 5099 θείῳ
801 5033 1081 5107 πρεσϐύτῃ
1132 5037 1199 5089 τὸ
1230 5038 1322 5092 τοῦ
1367 5042 1525 5111 λόγου
1568 5022 1848 5115 τάλαντον,
1878 5050 1907 5103 ὃ

331 5113 687 5172 καταϐάλλειν
713 5118 772 5172 ἓν
793 5123 909 5185 ταῖς
943 5123 1049 5177 τῶν
1089 5128 1299 5183 πολλῶν
1335 5133 1433 5203 τῆς
1460 5135 1683 5206 καρδίας
1704 5113 1908 5208 τραπέ-

332 5200 452 5266 ζαις
476 5206 583 5276 πρὸ
610 5209 824 5264 πάντων
855 5214 1004 5285 αὑτῷ
1038 5217 1147 5271 τῶν
1194 5221 1369 5276 ἄλλων
1391 5200 1758 5294 -ὲπωξρείλετοί
1798 5231 1907 5284 Καὶ

330 5294 488 5348 τοῦτο
514 5298 612 5367 μὲν
634 5302 792 5366 αὐτὸς
824 5305 953 5375 περὶ
984 5308 1178 5363 ἑαυτοῦ
1221 5313 1467 5380 φαίνεται
1495 5316 1687 5383 λέγων,
1715 5321 1906 5392 ὅτιπερ

329 5385 451 5456 ἄρτι
476 5389 572 5458 τῆς
607 5392 865 5465 παιδικῆς
886 5396 1099 5467 ἡλικίας
1124 5402 1184 5454 τὺ
1205 5403 1410 5459 ἁπαλὸν
1439 5406 1700 5477 ὑπερϐὰς,
1727 5385 1903 5464 τεθέα-

328 5494 415 5568 ται
458 5483 736 5549 μυστικῶς
767 5489 902 5557 πρὸς
927 5492 992 5561 τῇ
1020 5491 1241 5567 γλώσσῃ
1258 5495 1334 5559 ὡς
1352 5497 1579 5568 ἀνῆλθεν
1595 5499 1758 5553 αὐτοῦ
1784 5500 1904 5556 λίαν

328 5567 602 5641 εΰκαρπος
627 5572 891 5643 ἄμπελος,
924 5581 1217 5653 αὐξηθεῖσα
1255 5567 1511 5643 τοσοῦτον
1532 5630 1547 5657 ,
1585 5589 1711 5643 ὅσον
1762 5588 1898 5661 πλη-

422 5745 469 5777 ¹⁸
491 5744 627 5803 Gen.
660 5764 757 5814 ιιι,
787 5750 809 5803 1
839 5766 961 5822 sqq.

2018 4670 2124 4725 tias
2152 4685 2214 4725 ac
2246 4672 2492 4729 rationes
2533 4675 2758 4746 eligere,
2789 4691 2912 4748 qua:
2948 4693 3098 4748 pura:
3120 4690 3328 4746 essent,
3359 4697 3591 4753 qumque

2017 4759 2083 4815 ad
2109 4761 2468 4818 excolendam
2509 4764 2850 4823 honestatem
2892 4767 3228 4835 conferrent,
3261 4779 3315 4826 et
3354 4773 3587 4830 docendi

2015 4868 2178 4907 usum
2207 4868 2552 4926 nequaquam
2590 4858 2941 4928 impedirent.
2994 4860 3351 4918 Abundanter
3384 4865 3587 4935 quippe

2014 4953 2207 5000 sancto
2257 4947 2372 5000 seni
2423 4960 2746 5003 consessum
2792 4965 2823 5003 a
2875 4949 3096 5007 Christo
3136 4960 3255 5007 erat
3311 4957 3585 5012 sermonis

2014 5036 2299 5099 talentum,
2336 5037 2481 5107 quod
2522 5054 2645 5092 cum
2686 5039 2755 5093 ad
2784 5055 3004 5096 mensas
3041 5043 3288 5098 cordium
3333 5045 3585 5114 plurimis

2012 5129 2411 5199 impertiretur,
2450 5129 2501 5185 ei
2534 5140 2713 5185 tamen
2741 5146 2863 5186 cum
2897 5132 3090 5201 primis
3119 5133 3345 5204 profuit.
3388 5135 3587 5192 Fertur
3616 5176 3621 5181 ‹

2014 5229 2192 5275 autem
2216 5220 2331 5275 haec
2364 5221 2482 5291 ipse
2519 5220 2588 5275 de
2608 5236 2668 5276 se
2702 5221 2949 5278 dixisse:
2999 5220 3139 5289 Sibi,
3175 5239 3299 5279 cum
3346 5227 3584 5297 primum

2012 5326 2044 5368 e
2074 5321 2260 5368 tenera
2283 5313 2373 5367 illa
2394 5312 2686 5369 excederet
2715 5321 2874 5369 atate
2904 5315 3173 5383 pueritiae,
3209 5331 3411 5374 arcana
3435 5320 3585 5390 ejus-

2009 5406 2158 5461 modi
2191 5406 2489 5477 contigisse
2517 5406 2656 5461 visa.
2693 5406 2801 5477 Ipsi
2852 5409 3054 5464 etenim
3095 5411 3252 5481 juxta
3313 5413 3579 5486 linguam,

2009 5498 2303 5556 admodum
2355 5499 2637 5555 fructifera
2686 5501 2873 5558 enasci
2918 5502 3209 5560 videbatur
3245 5506 3402 5572 vitis,
3459 5524 3583 5579 qua:

2005 5591 2224 5661 quidem
2266 5592 2340 5646 ita
2394 5591 2770 5661 excrescebat,
2829 5603 2890 5650 ut
2945 5597 3266 5661 universum
3307 5607 3581 5657 terrarum
