4132 6356
497 317 608 374 8ἲὸ

1687 315 1746 372 8.
1786 313 2113 374 GREGORII
2151 314 2446 372 NYSSENI

3651 313 3758 370 830

500 434 738 505 repleret
781 431 994 488 orbem.
1025 432 1236 487 Cuncta
1287 439 1469 487 autem
1502 433 1628 489 cali
1685 433 1929 490 volatilia
1965 435 2071 490 ad-

2193 435 2348 490 νῶσαι
2374 437 2476 507 τὴν
2499 435 2625 506 γῆν,
2660 437 2768 490 πᾶν
2795 435 2851 488 δὲ
2880 435 3121 489 πετεινὸν
3151 433 3247 488 τοῦ
3265 429 3503 504 οὐρανοῦ
3530 432 3764 504 ἐρχόμε-

501 525 818 591 ventabant,
844 535 900 580 et
928 523 997 579 de
1028 523 1209 578 fructu
1240 523 1360 594 ejus
1393 523 1794 580 comedebant:
1830 528 1948 596 ipsa
1977 540 2078 580 auc

500 627 609 673 tem
645 617 795 680 vitis,
831 623 1042 686 quanto
1075 616 1262 686 plures
1284 617 1539 672 volucres
1580 616 1936 688 decerpentes
1962 615 2079 672 tru-

499 719 625 766 ctus
645 709 979 778 excipiebat.
1021 715 1174 762 tanto
1205 709 1442 777 amplius
1479 707 1719 764 racemis
1741 707 2080 763 abundabat.

502 801 636 857 llud
667 809 927 872 praeterea
953 800 1100 870 quod
1125 799 1195 854 ad
1227 800 1406 870 ipsum
1435 801 1754 870 pertineret,
1777 801 1919 858 alius
1952 802 2080 872 qui-

501 894 652 958 dam,
677 895 844 948 homo
875 892 1187 962 perspicax,
1220 907 1282 948 se
1302 893 1662 963 conspexisse
1688 901 1924 951 testatus
1952 903 2036 951 est
2061 909 2079 952 ε

502 985 827 1057 angelorum
872 984 1088 1040 scilicet
1131 983 1347 1054 copiam
1382 983 1808 1041 descendentem
1841 1001 1873 1041 e
1915 987 2079 1052 coelo,

502 1080 761 1134 volumen
791 1078 947 1134 intus
980 1091 1045 1132 ac
1082 1076 1220 1133 foris
1265 1078 1642 1148 conscriptum
1677 1077 1930 1135 detinere
1972 1094 2083 1134 ma-

503 1172 689 1228 nibus.
723 1169 816 1226 Sic
842 1185 970 1226 vero
999 1177 1244 1226 sanctam
1276 1169 1426 1224 illam
1471 1170 1708 1241 colloqui
1748 1172 1920 1227 visam
1958 1186 2084 1228 esse

448 1314 450 1317 .
505 1266 700 1322 aciem.
731 1263 891 1330 Quis,
925 1271 1109 1334 putas,
1140 1263 1399 1319 volumen
1432 1263 1579 1318 istud
1611 1264 1667 1319 in
1701 1278 1902 1321 manus
1939 1264 2084 1320 acci-

504 1357 666 1428 piet?
696 1355 760 1410 Et
794 1356 896 1412 bos
922 1356 1144 1425 quidem
1181 1355 1348 1419 hunc,
1379 1355 1523 1411 alios
1552 1355 1730 1420 illum,
1763 1355 1904 1412 alios
1950 1371 2083 1412 vero

506 1449 680 1518 alium
721 1464 785 1504 ex
833 1447 1308 1517 praestantioribus
1337 1463 1404 1502 eo
1464 1457 1714 1518 tempore
1766 1447 2082 1504 hominibus

480 1530 880 1608 respondisse.
911 1535 1116 1592 Deinde
1146 1545 1328 1592 autem
1354 1544 1474 1606 post
1499 1537 1744 1594 omnium
1779 1537 2084 1606 subjecisse

509 1627 928 1704 probationem:
955 1625 1088 1682 tlsti
1116 1625 1336 1696 quidem
1370 1627 1546 1681 sancti
1567 1666 1580 1688 ,
1615 1641 1678 1681 ac
1718 1627 1954 1681 ministri
1985 1625 2082 1681 Dei

508 1731 672 1775 sunt:
733 1721 828 1774 sed
872 1718 974 1786 Mc
1039 1719 1292 1772 volumen
1341 1718 1395 1771 in
1443 1732 1638 1772 manus
1681 1717 1931 1786 accipere
1987 1732 2084 1772 ne-

2180 547 2270 584 νον
2324 528 2383 595 ἐξ
2436 527 2608 599 αὐτῆς
2658 526 3077 599 ἐμπίμπλασθαι
3108 525 3332 597 τροφῆς.
3373 523 3554 594 Αὐτὴν
3581 524 3638 576 δὲ
3662 525 3764 592 τὴν

2179 620 2423 692 ἄμπελον
2444 622 2502 674 ὲν
2529 617 2604 692 τῷ
2635 618 3044 691 ἀποκείρεσθαι,
3074 617 3168 671 καὶ
3196 617 3301 670 πᾶν
3327 614 3529 686 πτηνὸν
3560 613 3764 678 δεξιοῦ-

2181 713 2326 776 σθαι,
2382 712 2583 783 μᾶλλον
2626 713 2875 767 πλουτεῖν
2921 711 3032 765 τῶν
3065 700 3327 782 βοτρύων.
3369 707 3541 762 Τοῦτο
3582 707 3640 760 δὲ
3671 699 3766 760 καὶ

2178 804 2338 868 ἄλλος
2367 805 2496 878 περὶ
2523 804 2688 858 αὑτοῦ
2737 804 2848 858 τῶν
2876 805 3019 858 πάνυ
3067 800 3390 874 διορατικῶν
3431 803 3554 854 τότε
3595 814 3767 870 προσ-

2180 896 2563 969 εμαρτύρησεν
2583 913 2597 928 ·
2648 895 2850 950 ἰδέσθαι
2879 896 3054 964 λέγων
3089 894 3336 964 ἀγγέλων
3369 883 3600 963 πληθὺν,
3633 906 3767 944 κατ-

2184 989 2367 1043 ιοῦσαν
2397 988 2457 1054 ἐξ
2485 987 2740 1061 οὒρανοῦ,
2790 988 2954 1059 τόμον
2984 987 3076 1040 ἐπὶ
3125 988 3314 1057 χεῖρας
3363 982 3759 1056 βαστάζουσαν,

2181 1081 2378 1147 ἔξωθέν
2413 1099 2473 1136 τε
2509 1082 2604 1135 καὶ
2649 1081 2850 1136 ἔσωθεν
2896 1077 3365 1151 ἐγγεγραμμένον.
3401 1076 3594 1145 Ἔλεγε
3638 1074 3694 1128 δὲ
3730 1075 3764 1144 ἡ

2181 1176 2411 1243 φανεῖσα
2461 1173 2583 1228 θεία
2630 1173 2815 1244 ὲκείνη
2865 1171 3005 1242 πρὸς
3055 1169 3254 1242 ἑαυτὴν
3307 1166 3633 1240 παράταξις.
3669 1165 3768 1229 Ἰἰς

2183 1266 2290 1340 ἀρα
2343 1264 2546 1335 ὀφείλει
2579 1263 2728 1318 τόνδε
2759 1264 2852 1318 τὸν
2893 1263 3058 1335 τόμον
3086 1260 3524 1334 ὲγχειρισθῆναι;
3563 1256 3654 1321 Ἐξ
3691 1248 3769 1308 ὧν

2181 1357 2592 1430 ἀποκριθέντες,
2624 1358 2674 1411 οἰ
2697 1356 2797 1428 μὲν
2812 1356 2960 1412 τόνδε
2982 1355 3331 1426 προέκριναν,
3360 1354 3410 1406 oi
3440 1352 3496 1405 δὲ
3527 1351 3640 1403 τὸν.
3668 1348 3764 1402 καὶ

2182 1449 2332 1505 ἄλλοι
2357 1449 2563 1522 ἕτερον,
2597 1449 2690 1513 οὓς
2717 1450 2746 1503 ὁ
2765 1450 2956 1521 χρόνος
2981 1449 3186 1511 ἐκεῖνος
3214 1442 3326 1518 εἶχε
3355 1445 3606 1514 λογάδας·
3633 1437 3768 1496 Εἶτα

2185 1540 2327 1613 μετά
2341 1540 2437 1611 τὴν
2452 1540 2681 1611 δοκιμὴν
2703 1541 2910 1604 πάντας
2925 1541 3116 1593 εἰπεῖν·
3143 1557 3162 1589 ι
3195 1537 3435 1607 Ἀληθῶς
3456 1535 3600 1604 ἆγιοι
3619 1526 3767 1588 οὗτοι

2182 1633 2275 1686 καὶ
2316 1632 2491 1687 δοῦλοι
2537 1632 2711 1686 Θεοῦ·
2763 1632 2900 1703 πλὴν
2927 1633 2988 1685 οὐ
3023 1631 3276 1686 δύνανται
3297 1628 3445 1683 τόνδε
3479 1627 3570 1680 τὸν
3601 1629 3768 1698 τόμον

2183 1724 2608 1796 ἐγχειρισθῆναι.
2651 1745 2668 1775 ι
2715 1725 2804 1788 Ὦς
2832 1725 2886 1778 δὲ
2918 1723 3146 1787 πολλοὺς
3175 1722 3284 1775 τῶν
3305 1722 3422 1776 τότε
3448 1721 3617 1789 ἁγίων
3643 1721 3766 1772 ἐπι-

508 1819 741 1880 queunt.
781 1830 800 1864 ι
835 1810 1088 1879 Cuium
1127 1810 1243 1880 jam
1291 1809 1476 1865 varios
1506 1825 1572 1864 ex
1609 1819 1741 1864 tunc
1773 1809 2082 1864 viventibus

2193 1816 2537 1888 μνησθέντες,
2569 1817 2628 1872 ὲν
2651 1817 2832 1878 αὐτοῖς
2863 1816 2962 1870 οὐκ
2985 1813 3281 1886 εὐδόκησαν
3300 1831 3314 1845 ·
3345 1813 3517 1876 τέλος,
3539 1829 3602 1866 συ
3611 1829 3766 1883 μφωο

509 1905 913 1967 uominassent,
962 1917 1160 1970 neque
1185 1900 1474 1974 quisquam
1529 1916 1595 1956 ex
1646 1900 1715 1954 iis
1764 1900 2083 1972 placuisset,

508 1996 728 2052 demum
751 1995 1029 2050 communi
1064 1995 1320 2049 omnium
1343 2009 1622 2050 me
1650 1994 1712 2048 in
1729 2008 1852 2048 eam
1883 1993 2092 2063 pariter

509 2098 891 2144 convenerunt
932 2086 1285 2152 sententiam,
1323 2093 1380 2140 ut
1410 2085 1679 2150 dicerent,
1720 2099 1750 2140 a
1786 2085 1940 2140 nullo
1979 2084 2087 2140 alio

510 2183 656 2240 istud
683 2182 941 2238 volumen
973 2181 1029 2236 in
1085 2196 1279 2236 manus
1312 2196 1471 2250 posse
1507 2180 1682 2245 sumi,
1724 2189 2085 2250 praeterquam

509 2277 581 2330 ab
612 2273 860 2343 Ephrem
896 2271 1056 2342 Syro.
1081 2271 1348 2342 Tuncque
1379 2272 1638 2328 ctelestes
1679 2271 1904 2342 angelos
1943 2271 2086 2326 idem

510 2365 869 2436 conspexisse
901 2363 1095 2427 fertur,
1131 2363 1380 2434 Ephrmm
1413 2363 1667 2418 volumen
1713 2361 1952 2422 tradere.
1984 2377 2090 2416 no-

511 2465 713 2526 ctuque
753 2469 984 2525 surgens
1019 2453 1084 2506 ad
1113 2452 1430 2512 ecclesiam.
1476 2452 1652 2506 visum
1703 2450 1834 2506 illud
1874 2449 2092 2520 conspi-

511 2550 704 2612 ciens,
753 2546 1103 2616 perrexisse.
1155 2544 1454 2613 auditoque
1505 2543 1627 2612 ipso
1674 2541 1945 2612 Ephraem,
1995 2541 2087 2611 qui

513 2647 650 2695 tunc
700 2637 975 2708 insignem
1016 2635 1304 2706 gratiaque
1341 2634 1555 2704 plenam
1594 2633 1830 2689 habebat
1879 2633 2089 2689 oratio-

512 2746 663 2794 nem,
714 2729 846 2799 quid
899 2729 1075 2784 visum
1127 2725 1261 2780 illud
1333 2726 1692 2796 designaret,
1743 2725 2089 2796 cognovisse,

514 2821 795 2890 Deumque
843 2818 1206 2883 collaudasse,
1253 2827 1308 2873 et
1341 2827 1450 2872 tam
1503 2817 1827 2887 praaclarum
1872 2813 2090 2870 dicendi

513 2913 717 2968 donum
745 2910 865 2965 viro
893 2917 1088 2965 sancto
1112 2909 1301 2963 datum
1336 2908 1665 2985 admiratum
1703 2906 1894 2962 fuisse.
1937 2904 2091 2960 Tan-

511 3012 625 3061 tam
651 3004 798 3060 enim
829 3002 1111 3074 sapientia:
1138 3000 1524 3058 abundantiam
1573 3001 1803 3072 largitus
1837 3001 1912 3055 illi
1950 2999 2093 3056 Deus

515 3097 714 3160 fuerat,
749 3105 809 3150 ut
841 3095 1190 3165 quantumvis
1219 3093 1270 3149 ei
1305 3093 1550 3164 perpetui
1595 3094 1755 3163 quasi
1799 3093 2090 3148 verborum

517 3187 696 3243 fontes
729 3191 1102 3256 suppeterent,
1130 3183 1296 3238 rebus
1331 3191 1512 3238 tamen
1556 3182 1896 3254 explicandis
1931 3196 2091 3253 pares

514 3293 860 3349 nequaquam
892 3286 1096 3332 essent.
1133 3274 1379 3344 llludquc
1407 3281 1650 3328 nontam
1687 3273 1887 3343 linguae
1921 3272 2094 3328 tardi-

517 3378 650 3434 tate,
675 3384 837 3440 quam
866 3366 1215 3438 cogitationis
1255 3365 1535 3420 celeritate
1556 3364 1841 3419 accidebat
1866 3381 1880 3419 :
1906 3364 2093 3434 lingua

515 3459 661 3520 enim
693 3457 974 3528 cogitandi
1034 3455 1268 3509 aliorum
1325 3452 1432 3505 vim
1469 3450 1816 3522 exaequabat,
1851 3459 2091 3505 attamen

517 3549 728 3605 tardior
755 3554 876 3604 erat
907 3561 1072 3618 quam
1103 3553 1164 3600 ut
1194 3543 1370 3614 ipsius
1388 3542 1690 3598 sententias
1711 3541 1931 3613 assequi
1960 3554 2092 3610 pos-

519 3652 624 3700 set.
655 3641 811 3699 Unde
840 3653 1073 3710 magnus
1104 3651 1293 3701 senex,
1316 3635 1594 3704 singulare
1619 3633 1890 3703 quoddam
1921 3647 1952 3686 a
1982 3630 2093 3686 Deo

517 3731 811 3805 eloquendi
829 3732 1034 3787 donum
1057 3727 1406 3800 efﬂagitabat,
1430 3726 1583 3781 hisce
1601 3725 1819 3780 verbis:
1845 3723 2092 3795 Largire,

521 3825 774 3892 Domine,
828 3823 1053 3878 ﬂumina
1093 3819 1281 3891 gratia:
1313 3825 1442 3872 tute.
1496 3815 1777 3886 Siquidem
1833 3815 2095 3871 doctrinae

389 3912 409 3930 ’
522 3917 890 3990 profunditas,
920 3914 1160 3984 linguam
1201 3910 1375 3980 ipsius
1420 3906 1771 3969 absorbebat,
1817 3913 1878 3960 ut
1932 3918 2094 3961 sensa

523 4009 690 4066 animi
742 4008 936 4065 eﬂ'erre
975 4006 1259 4076 nequiret,
1307 4018 1433 4059 cum
1474 4002 1686 4058 muneri
1735 4001 2098 4057 concionandi

524 4105 892 4160 instrumenta
941 4099 1008 4154 ad
1044 4099 1247 4156 diserte
1279 4095 1576 4154 dicendum
1616 4101 1924 4166 opportuna
1961 4091 2097 4149 deli-

525 4211 688 4252 ceren
695 4205 736 4250 ῑο

591 4287 900 4344 Conciones
926 4299 1090 4356 porro
1119 4284 1313 4355 ipsius,
1349 4283 1495 4338 aliud
1541 4280 1679 4336 nihil
1715 4279 1821 4336 nisi
1853 4277 2098 4350 precatio

525 4378 951 4446 interpellabat:
1001 4376 1476 4444 precationemque
1522 4373 1718 4427 iterum
1778 4368 2093 4430 conciones,

2185 1909 2450 1978 νήσαντες
2477 1903 2650 1964 εἶπον.
2680 1906 2869 1971 Οὐδεὶς
2897 1907 3117 1961 δύναται
3145 1906 3332 1960 τοῦτον
3364 1904 3768 1976 ἐγχειρισθῆναι

2184 1997 2484 2068 τὸντόμον,
2518 1997 2570 2050 εἱ
2603 1997 2680 2068 μὴ
2730 1997 2990 2068 Ἐφραίμ..
3023 1986 3138 2050 lia}
3169 1995 3238 2067 δὴ
3269 1993 3543 2048 καὶτοῦτο
3569 1993 3770 2047 θεάσαο

2187 2087 2312 2142 σθαι
2342 2087 2371 2140 ό
2405 2087 2619 2158 βλέπων
2648 2088 2854 2150 ἐκεῖνος
2877 2086 3098 2156 λέγεται
3146 2087 3272 2150 τοὺς
3301 2084 3480 2148 θείους
3505 2084 3772 2153 ἀγγέλους

2187 2176 2518 2240 ἐπιδιδόντας
2556 2175 2649 2229 τὸν
2700 2176 2867 2247 τόμον
2912 2174 2992 2246 τῷ
3035 2175 3304 2246 Ἐφραῒμ·
3351 2175 3684 2229 Ἀναστάντα
3712 2175 3770 2226 ἐν

2186 2267 2413 2338 νυχαλίᾳ
2437 2269 2518 2330 εἰς
2558 2265 2884 2336 Ἐκκλησίαν
2928 2266 3224 2336 ἀφικέσθαι
3274 2265 3368 2321 τὸν
3405 2281 3769 2338 μυσταγωγη-

2189 2356 2351 2411 θέντα
2375 2355 2473 2428 τὴν
2517 2357 2728 2428 ὅρασιν,
2762 2356 2992 2410 ἀκοῦσαι
3019 2357 3363 2421 διδάσκοντος
3394 2355 3490 2410 τοῦ
3535 2350 3772 2427 Ἐφραῒμ

2188 2447 2247 2499 ὲν
2279 2446 2422 2517 λόγῳ
2461 2446 2674 2516 δαψιλεί
2718 2447 2813 2500 καὶ
2839 2446 3021 2518 χάριτι
3053 2446 3341 2518 ἠρτυμένῳ
3366 2463 3380 2476 ·
3417 2442 3514 2515 τὴν
3545 2446 3603 2499 δὲ
3634 2447 3769 2517 ὁρα-

2189 2537 2373 2593 θεῐσαν
2403 2537 2668 2591 ὀπτασίαν
2696 2540 2900 2592 ἐκεῖνον
2939 2540 3307 2608 ὲπικρίνοντα,
3347 2537 3568 2605 δοξάσαι
3601 2554 3659 2590 τε
3680 2536 3771 2590 τὸν

2188 2627 2341 2693 Θεὸν,
2375 2628 2470 2682 καὶ
2500 2626 2597 2698 τὴν
2623 2627 2867 2682 δοθεῖσαν
2887 2629 2965 2700 τῷ
2989 2629 3127 2699 ἀγίῳ
3148 2628 3486 2699 ἐκπλαγῆναι
3511 2629 3770 2683 πλουσίαν

2188 2719 2284 2774 τοῦ
2311 2719 2468 2788 λόγου
2499 2718 2728 2791 δωρεάν.
2757 2720 3026 2774 Τοσοῦτον
3055 2720 3164 2792 γὰρ
3185 2721 3246 2774 το
3274 2721 3463 2792 περιὸν
3495 2721 3644 2790 αύτῷ
3669 2721 3770 2791 τῆς

2193 2813 2384 2882 σοφίας
2435 2814 2746 2884 κεχάριστο,
2804 2812 2880 2877 ὡς
2919 2813 3180 2877 ἀεννάους
3216 2813 3316 2884 μὲν
3336 2808 3476 2867 εἶναι
3505 2815 3631 2878 τοὺς
3661 2814 3771 2867 τῶν

2189 2903 2364 2972 λόγων
2425 2903 2646 2974 ὀχετούς
2665 2920 2678 2934 ·
2721 2904 2934 2974 βραδεῖς
2963 2904 3020 2957 δὲ
3053 2905 3191 2976 πρὸς
3219 2905 3318 2976 τὴν
3347 2905 3455 2959 τῶν
3485 2906 3770 2976 νοημάτων
3800 2925 3804 2930 ’

2193 2995 2522 3065 φανέρωσιν,
2557 2995 2619 3048 οὐ
2648 2997 2712 3066 τῇ
2751 2994 2849 3065 τῆς
2898 2993 3144 3066 γλώττης
3179 2995 3504 3069 ναρκότητι,
3540 2997 3675 3052 ἀλλὰ
3701 2999 3768 3068 τῇ

2190 3087 2300 3142 τῶν
2321 3087 2718 3158 ἐνθυμημάτων
2744 3088 3070 3159 πυκνότητι·
3097 3087 3238 3142 ὥστε
3260 3089 3358 3160 τὴν
3381 3088 3632 3158 γλῶσσαν
3657 3086 3773 3144 ἶσον

2199 3180 2298 3252 μὲν
2330 3179 2588 3234 δύνασθαι
2630 3179 2710 3250 τῷ
2733 3179 2888 3251 τάχει
2938 3180 3049 3234 τῶν
3088 3179 3219 3253 παρ’
3256 3174 3433 3245 ἄλλοις
3459 3181 3774 3254 ιτένθυμημιιὶ⁴

2195 3287 2326 3335 των,
2354 3263 2516 3342 ἦττον
2541 3270 2598 3323 δὲ
2625 3269 2733 3323 τῶν
2763 3270 2980 3325 οίκείων
3013 3271 3405 3343 θεωρημάτων.
3435 3272 3526 3326 Διὸ
3556 3274 3650 3326 καὶ
3673 3273 3774 3327 αὐ⁴

2195 3363 2286 3428 τὸς
2324 3364 2453 3434 περὶ
2471 3362 2666 3417 ἑαυτοῦ
2687 3365 2716 3417 δ
2745 3363 2920 3435 μέγας
2949 3363 3263 3436 πρεσϐύτης
3299 3363 3432 3418 Θεὸν
3461 3364 3774 3436 ἐξαιτούμε-

2198 3472 2308 3520 νος,
2342 3455 2434 3508 ὲπὶ
2458 3457 2524 3526 τῇ
2556 3456 2720 3527 ἀνοχῇ
2753 3454 2854 3525 τῆς
2874 3455 3246 3528 ἀκατασχέτου
3271 3457 3378 3511 τῶν
3407 3458 3647 3528 λογάδων
3673 3459 3778 3513 δω-

2200 3552 2330 3622 ρεᾶς
2347 3549 2568 3606 τοιαῦτα
2582 3551 2800 3619 λέγεται
2818 3551 3005 3621 φάναι·
3031 3554 3212 3617 Ἀνες,
3242 3547 3287 3607 ὧ
3309 3553 3574 3618 Δέσποτα,
3595 3553 3664 3608 τά
3677 3551 3776 3624 τῆς

2197 3641 2420 3712 χάριτός
2461 3658 2554 3696 σου
2605 3642 2846 3714 κύματα.
2888 3644 3024 3697 Ὑπὸ
3057 3645 3164 3716 γὰρ
3194 3645 3292 3716 τὴν
3334 3645 3648 3716 γλῶσσανὴ
3677 3645 3776 3716 τῆς

2197 3731 2544 3796 διδασκαλίας
2596 3732 2830 3798 ἄϐυσσος
2867 3735 3250 3804 πελαγίζουσα,
3299 3737 3486 3807 φέρειν
3517 3735 3667 3806 αὐτῷ
3706 3735 3777 3790 τὰ

2199 3822 2308 3876 τῶν
2338 3823 2626 3894 νοημάτων
2651 3823 2750 3877 οὐκ
2792 3826 3093 3896 ἐπέτρεπεν
3118 3825 3495 3898 ἀλλεπάλληλα
3525 3827 3770 3900 κύματα,

2199 3917 2267 3987 τῇ
2290 3917 2804 3990 κατεσπουδασμένῃ
2849 3919 3160 3993 λειτουργίᾳ
3193 3921 3304 3976 τῶν
3344 3922 3480 3995 πρὸς
3514 3920 3577 3977 τὸ
3601 3921 3779 3993 λέγειν

2199 4007 2444 4080 ὀργάνων
2467 4009 2567 4080 οὐχ
2597 4009 3011 4081 ὑπουργούντων

2287 4278 2617 4332 Ἑπέκοπτεν
2650 4277 2707 4332 δὲ
2732 4279 2856 4343 τοὺς
2883 4277 3072 4348 λόγους
3101 4279 3286 4351 ἕτερον
3317 4279 3413 4350 μὲν
3436 4279 3610 4346 οὐδὲν,
3644 4280 3778 4353 εὐχὴ

2202 4369 2258 4423 δὲ
2294 4370 2450 4441 μόνη,
2484 4371 2577 4425 καὶ
2601 4372 2805 4444 ταύτην
2831 4374 2880 4426 οἱ
2907 4373 3073 4442 λόγοι,
3108 4376 3202 4428 καὶ
3225 4374 3444 4438 τούτους
3463 4377 3530 4430 τὰ
3545 4375 3776 4447 δάκρυα,

525 4467 627 4522 has
659 4467 932 4536 lacrymte.
960 4466 1229 4536 lacrymas
1251 4479 1468 4519 rursum
1497 4477 1688 4533 preces
1713 4459 2090 4530 excipiebant;

2203 4461 2297 4515 καὶ
2349 4460 2522 4517 ταῦτα
2565 4463 2726 4518 πάλιν
2759 4464 2914 4535 εὐχή.
2964 4466 3074 4520 Καὶ
3111 4461 3180 4537 ἦν
3219 4466 3247 4519 ό
3281 4466 3436 4536 λόγος
3465 4466 3556 4521 τοῦ
3593 4467 3775 4536 λόγου,

525 4566 756 4627 eratque
802 4571 986 4612 sermo
1033 4555 1343 4621 sermonis;
1379 4563 1493 4614 aut,
1542 4561 1602 4606 ut
1651 4551 1825 4620 magis
1878 4549 2097 4620 proprie

525 4651 729 4712 dicam,
764 4648 820 4704 in
863 4662 1137 4709 sermone,
1177 4647 1399 4703 assidue
1446 4645 1499 4699 in
1551 4643 1862 4698 divinarum
1916 4657 2095 4697 rerum

527 4740 987 4810 contemplatione
1044 4744 1364 4807 occupatus.
1425 4734 1562 4788 Nam
1630 4734 1810 4804 ipsum
1874 4731 2096 4802 quidem

526 4845 731 4900 corpus
760 4829 832 4884 ita
866 4827 1200 4887 confecerat.
1233 4835 1291 4880 ut
1325 4825 1522 4880 rationi
1549 4825 1708 4894 quasi
1738 4823 1974 4878 dominae
2000 4822 2100 4876 ob-

527 4930 861 4992 temperans.
895 4934 1001 4973 non
1049 4918 1244 4988 magis,
1277 4931 1439 4987 quam
1472 4915 1516 4970 si
1569 4923 1879 4970 emortuum
1927 4922 2096 4977 esset,

528 5013 827 5084 voluptatis
877 5011 1046 5066 ullttm
1096 5024 1318 5064 sensum
1368 5007 1610 5063 haberet.
1646 5006 1893 5075 Cumque
1935 5007 2001 5059 atl
2035 5021 2098 5059 ea

527 5121 650 5174 qua:
679 5119 785 5159 non
811 5103 1030 5164 decent,
1060 5100 1334 5164 obeunda,
1361 5098 1539 5154 inedia
1571 5109 1733 5167 atque
1767 5098 2098 5152 abstinentia

529 5196 682 5266 [rius
707 5193 994 5251 domitum,
1025 5190 1302 5244 immobile
1329 5189 1725 5259 languesceret,
1759 5187 1866 5242 illis
1921 5195 2098 5242 tamen

528 5301 650 5356 qua:
673 5285 977 5339 animarum
1003 5284 1296 5336 conferunt
1320 5281 1506 5342 saluti,
1538 5279 1883 5349 perficiendis
1901 5279 2102 5335 robore

533 5377 838 5450 prastabat.
881 5375 1069 5441 Quid?
1093 5373 1238 5442 quod
1270 5388 1338 5427 ne
1368 5381 1558 5428 noctes
1587 5372 1833 5440 quidem,
1859 5371 2102 5425 somnio-

530 5487 650 5525 rum
701 5467 1013 5524 simulacris
1069 5475 1235 5535 atque
1279 5465 1607 5535 imaginibus
1650 5479 1792 5529 sa‘pe
1821 5463 2100 5532 decipien-

532 5573 634 5627 ια,
665 5559 714 5615 ei
746 5558 964 5614 virtutis
996 5573 1059 5611 ac
1090 5555 1306 5626 pietatis
1335 5571 1560 5612 cursum
1594 5555 1647 5609 in
1682 5556 1791 5610 ullo
1815 5556 2102 5611 internun-

532 5651 772 5723 pehant?
819 5665 942 5705 nam
980 5663 1144 5718 quem
1193 5647 1574 5718 aggredientes
1618 5656 1950 5717 exceperant
2009 5661 2100 5701 so-

533 5741 752 5807 brium,
801 5739 1048 5796 eumdem
1095 5737 1410 5795 recedentes
1466 5737 1777 5804 vigilantem
1833 5737 2101 5809 relinqvo-

2202 4555 2378 4606 εἰπεῖν
2404 4553 2461 4607 δὲ
2485 4554 2684 4625 μᾶλλον
2707 4555 3052 4624 οἰκειότερον.
3087 4556 3146 4611 ὲν
3169 4557 3328 4629 λόγῳ,
3347 4561 3466 4622 ταῖς
3494 4558 3622 4631 mp‘t
3643 4554 3779 4612 Θεοῦ

2201 4644 2289 4698 διὰ
2318 4644 2534 4699 πάντων
2556 4645 2760 4700 τούτων
2800 4647 3053 4718 θεωρίαις
3081 4648 3318 4720 συνεχῶς
3363 4649 3778 4720 ἀσχολούμενος.

2203 4737 2277 4790 To
2301 4737 2410 4806 γὰρ
2439 4737 2595 4808 σῶμα
2619 4739 2899 4806 νεκρὼσας
2927 4741 3065 4811 μετὰ
3092 4741 3199 4794 τῶν
3219 4741 3441 4811 ἡδονῶν,
3473 4743 3567 4797 καὶ
3597 4741 3781 4798 δοῦλον

2203 4828 2608 4900 δι’ὲγκρατείας
2634 4830 2710 4901 τῷ
2744 4831 2973 4903 ἡγεμόνι
2993 4833 3472 4905 κατεργασάμενος
3499 4832 3744 4904 λογισμῷ
3762 4873 3779 4898 ,

2205 4919 2457 4990 ἀκίνητον
2485 4921 2585 4991 μὲν
2616 4918 2728 4991 εἶχε
2772 4923 2908 4994 πρὸς
2942 4925 3010 4978 τὰ
3046 4925 3119 4996 μὴ
3158 4925 3343 4978 δέοντα
3374 4925 3558 4997 ἀσιτίᾳ
3577 4925 3781 4998 προδα-

2209 5009 2413 5080 μασθὲν
2430 5049 2447 5074 ,
2507 5013 2732 5083 στερῤδν
2781 5013 2838 5067 δὲ
2884 5014 3022 5085 πρὸς
3047 5015 3116 5068 τὰ
3143 5014 3399 5086 λυσιτελῆ
3426 5015 3520 5069 καὶ
3546 5013 3782 5086 ψυχικὴν

2208 5099 2482 5170 σωτηρίαν
2511 5101 2820 5173 πορίζοντα.
2854 5104 2992 5158 Ἀλλ’
3013 5105 3134 5160 οὐδὲ
3161 5105 3351 5165 νύκτες
3383 5105 3533 5177 αὐτῷ
3563 5107 3652 5160 τὸν
3681 5104 3782 5175 τῆς

2205 5192 2405 5263 ἀρετῆς
2433 5193 2632 5264 δρόμον
2662 5195 2972 5259 ὲνέκοπτον,
3018 5198 3137 5261 ταῖς
3169 5196 3228 5263 ἐξ
3267 5195 3435 5252 ὕπνου
3462 5198 3782 5267 φαντασίαις

2206 5282 2368 5336 αὑτὸν
2407 5284 2810 5350 φενακίζουσαι.
2864 5287 3120 5357 Νήφοντα
3148 5287 3253 5360 γὰρ
3293 5288 3352 5354 ἐξ
3382 5287 3606 5361 ἡμερῶν
3631 5285 3782 5358 δεχό-

2212 5388 2393 5441 μεναι,
2424 5373 2804 5443 γρηγοροῦντα
2864 5375 3264 5446 κατελίμπανον
3319 5379 3782 5450 παρατρέχουσαι.

2205 5465 2362 5520 τοῦτο
2385 5469 2920 5538 πραγματευόμενον,
2971 5468 3058 5522 ἵνα
3106 5470 3178 5540 μὴ
3220 5469 3500 5542 καταλάϐῃ
3527 5471 3716 5525 τοῦτον
3751 5472 3785 5538 ἡ

2207 5559 2328 5630 χεὶρ
2359 5557 2454 5612 τοῦ
2492 5559 2750 5630 ἄρχοντος
2781 5558 2877 5612 τοῦ
2918 5560 3140 5624 σκότους
3189 5561 3378 5616 τούτου
3437 5561 3783 5616 καθεύδοντα.

2210 5651 2420 5704 ’Ύπνου
2446 5650 2502 5704 δὲ
2529 5651 2905 5721 μετελάμϐανε
2951 5653 3224 5720 τοσοῦτον,
3263 5655 3387 5709 ὅσον
3435 5653 3570 5724 πρὸς
3600 5654 3660 5708 τὸ
3689 5654 3787 5721 ζῇν

2212 5739 2390 5793 ἱκανόν
2417 5757 2430 5770 ·
2461 5740 2608 5804 ὅπως
2639 5739 2715 5812 μὴ
2753 5740 2852 5811 τῆς
2889 5742 3120 5814 φυσικῆς
3153 5743 3425 5808 παντελῶς
3469 5740 3790 5812 ἀκολουθίας
