4132 6356
396 324 499 379 857

1388 326 1475 381 DE
1514 327 1678 383 VITA
1718 326 1776 383 S.
1819 326 2067 384 PATRIS
2106 331 2411 389 EPHRA‘IM
2450 331 2631 387 εγιιι.

3546 332 3651 392 858

392 443 820 515 ἀνατραπείσης,
874 442 1028 497 λύσιν
1081 442 1253 513 βίαιον
1307 444 1574 517 ὑπομείνῃ
1621 445 1681 497 τὸ
1730 445 1970 517 σαρκίον.

2082 447 2246 514 bant;
2293 448 2533 518 illudque
2566 446 2757 503 sedulo
2779 452 3084 516 curantem,
3123 461 3191 507 ne
3215 464 3412 507 manus
3446 451 3651 523 princi-

410 536 696 605 Ἀνέτρεπε
749 535 805 587 δὲ
856 534 1063 596 τοῦτον,
1095 535 1187 587 καὶ
1238 534 1347 588 τῶν
1389 534 1680 605 ὀφθαλμῶν
1723 535 1975 600 ὲξεδίωκε

398 625 568 677 πολλὰ
597 626 695 694 μὲν
725 625 816 677 καὶ
838 624 996 689 ἄλλα,
1018 624 1251 695 μάλιστα
1279 626 1335 679 δὲ
1365 627 1633 697 χαμευνία
1656 629 1750 681 καὶ
1782 629 1978 700 σκληρ-

397 719 632 787 αγωγία,
669 718 762 770 καὶ
804 720 837 788 ή
881 717 1110 770 παντοία
1137 717 1231 771 τοῦ
1267 718 1517 789 σώματος
1546 720 1811 785 κάκωσις.
1836 721 1942 774 Τού
1961 752 1974 761 -

398 828 508 874 τοις
547 809 656 879 γὰρ
698 809 932 881 μάλιστα
973 808 1033 861 τὸ
1062 808 1155 861 τοῦ
1210 809 1378 863 ’ύπνου
1427 811 1595 875 πάθος
1640 811 1975 883 ὲξορίζεσθαι

396 903 656 970 πέφυκεν.
708 901 1119 973 Ἀκτημοσύνην
1146 902 1203 955 δὲ
1242 902 1506 974 τοσαύτην
1537 906 1821 975 ἐκτήσατο,
1845 906 1977 977 ὅσην

395 993 537 1064 ἔχειν
568 994 694 1057 τοὺς
725 993 901 1057 θείους
932 994 1259 1058 ἀποστόλους
1284 994 1524 1059 ἀκούεις.
1558 996 1649 1048 Διὸ
1680 997 1775 1049 καὶ
1805 996 1859 1049 εῐ
1890 1015 1977 1061 τις

392 1086 578 1139 τοῦτον
598 1086 1048 1156 ἀκτημονούντων
1076 1088 1380 1157 ἀρχέτυπον
1407 1086 1645 1152 καλέσει,
1664 1088 1763 1158 ούχ
1793 1088 1974 1161 ἀμαρ-

394 1177 547 1246 τήσει
569 1175 662 1228 τοῦ
697 1176 924 1238 δέοντος.
957 1174 1133 1228 Αύτοῦ
1158 1175 1266 1247 γάρ
1283 1176 1489 1229 ἐκείνου
1515 1176 1610 1247 τὴν
1630 1177 1975 1249 γλυκυτάτην

392 1269 487 1321 καὶ
515 1266 787 1338 μακαρίαν
808 1266 1003 1336 ἔχομεν
1038 1267 1241 1337 φωνὴν,
1278 1267 1451 1339 ἥνπερ
1485 1268 1694 1338 μέλλων
1721 1269 1974 1339 ἀπαίρειν

396 1358 531 1427 πρὸς
562 1358 629 1411 τά
643 1346 889 1428 οὐράνια,
922 1359 1054 1426 ἡμῖν
1080 1358 1290 1425 ἀφῆκεν
1320 1358 1705 1429 ἀκτημοσύνης
1727 1359 1974 1414 διδάσκα·

390 1447 502 1511 λον,
535 1442 638 1501 ὧδέ
672 1466 787 1510 πως
822 1447 1071 1518 ῑχουσαν·
1111 1450 1222 1518 Ούχ
1249 1448 1457 1520 ὑπῆρξε
1490 1448 1820 1520 τῷἙφρατμ
1844 1467 1972 1505 ποτε

394 1539 691 1609 βαλάντιον.
726 1540 787 1592 ού
823 1539 1036 1611 ῥάϐδος,
1080 1540 1140 1592 ού
1172 1542 1342 1611 πήρα.
1380 1540 1516 1593 Οὔτε
1556 1541 1661 1611 μὴν
1688 1542 1968 1613 ἀργύριον,

390 1633 513 1684 οὔτε
541 1633 782 1703 χρυσίον,
834 1632 948 1685 ἀλλ’
983 1633 1103 1686 οὐδέ
1135 1649 1256 1685 τινα
1305 1633 1497 1702 κτῆσιν
1527 1634 1718 1704 ἑτέραν
1756 1634 1846 1686 ἐπὶ
1872 1634 1973 1705 τῆς

390 1726 493 1793 γῆς
523 1726 860 1795 ἐκτησάμην.
890 1722 995 1777 Τοῦ
1025 1725 1133 1797 γάρ
1157 1725 1360 1793 ἀγαθοῦ
1390 1724 1661 1787 Βασιλέως
1690 1725 1896 1795 ηκουσα
1913 1727 1970 1778 ὲν

2080 540 2163 608 pis
2212 539 2373 593 istius
2440 539 2788 595 tenebrarum
2837 540 3015 612 ipsum
3085 556 3279 599 somno
3326 557 3650 613 oppressum

2077 630 2531 701 deprehenderet.
2570 626 2807 686 Tantum
2851 646 2983 689 vero
3027 635 3292 705 temporis
3341 634 3515 705 quieti
3549 635 3653 690 tri-

2078 723 2304 785 buebat,
2340 731 2611 792 quantum
2644 724 2769 778 vita
2796 724 3050 794 degenda
3084 726 3454 781 necessarium
3482 731 3653 783 duce-

2078 813 2195 873 bat.
2226 829 2296 868 ne
2333 813 2569 867 naturali
2597 814 2818 884 penitus
2845 817 3059 870 sublata
3094 816 3496 885 vicissitudine,
3519 833 3651 873 caro

2077 906 2373 960 viola-utam
2429 904 2850 960 dissolutionem
2904 907 3224 963 sustineret.
3264 907 3401 962 Cum
3464 915 3648 963 autem

2078 994 2228 1047 varia
2266 1001 2453 1048 essent
2484 1009 2606 1062 qua
2646 996 2715 1048 ab
2747 996 2924 1050 oculis
2955 997 3075 1067 ejus
3117 1014 3369 1054 somnum
3409 1000 3647 1071 depelle-

2080 1084 2231 1149 bant,
2263 1093 2377 1139 tum
2409 1086 2542 1141 illud
2578 1087 2869 1157 imprimis,
2894 1089 3039 1159 quod
3072 1106 3319 1161 asperam
3355 1106 3419 1145 ac
3452 1092 3646 1149 duram

2076 1175 2241 1229 vitam
2271 1190 2458 1243 agens,
2506 1177 2801 1247 multisque
2848 1179 3025 1234 modis
3082 1196 3281 1250 corpus
3319 1198 3476 1237 suum
3509 1180 3648 1235 allii-

2076 1280 2230 1333 gens,
2266 1264 2417 1319 humi
2463 1266 2627 1319 etiam
2659 1268 2926 1321 cubaret:
2961 1282 3085 1321 nam
3118 1268 3270 1323 hisce
3305 1268 3644 1339 potissimum

2076 1354 2404 1420 rationibus,
2442 1356 2618 1408 somni
2650 1356 2867 1410 ail‘ectio
2912 1357 3092 1411 excuti
3148 1358 3304 1413 solet.
3349 1359 3645 1427 Pauperta-

2076 1450 2185 1497 tem
2218 1459 2385 1513 porro
2425 1451 2633 1497 tantam
2662 1446 2935 1508 servabat,
2975 1453 3239 1516 quantam
3293 1448 3378 1501 vel
3437 1448 3644 1501 sanctis

2074 1535 2211 1605 ipsis
2265 1535 2427 1590 audis
2474 1536 2645 1591 fuisse
2692 1538 2978 1606 apostolis.
3030 1537 3374 1608 Quapropter
3422 1538 3466 1593 si
3520 1538 3645 1607 quis

2074 1642 2197 1681 cum
2232 1634 2607 1697 paupertatem
2654 1627 2949 1680 colentium
3000 1628 3279 1696 exemplar
3334 1626 3641 1696 appellarit,

2074 1719 2494 1789 haudquaquam
2513 1734 2543 1772 a
2562 1719 2791 1773 veritate
2809 1720 2999 1774 aberra
3010 1719 3097 1773 rit.
3115 1718 3493 1775 Dulcissimam
3512 1734 3644 1774 sane

388 1789 500 1878 τοίς
537 1789 889 1885 Εὐαγγέλίοις
940 1789 1215 1888 maxime
1271 1819 1379 1879 τοῖς
1424 1816 1615 1869 ἑαυτοῦ
1678 1789 1967 1887 μαθηταῖς,

2073 1825 2413 1892 prorsusque
2438 1812 2650 1865 beatam
2701 1811 2845 1864 illam
2894 1811 3052 1866 nobis
3081 1827 3291 1879 vocem,
3335 1811 3478 1865 velut
3509 1825 3642 1880 pau-

393 1910 558 1979 μηδὲν
588 1910 682 1962 ἐπὶ
718 1909 816 1980 τῆς
850 1910 953 1980 γῆς
1003 1909 1326 1980 κτήσασθαι.
1359 1908 1520 1961 Ὅθεν
1555 1908 1676 1961 οὐδὲ
1707 1907 1970 1979 ἐμπαθῶς

390 2003 548 2072 ἔσχον
576 2001 712 2073 πρός
741 2019 793 2054 τι
818 2000 1074 2055 τοιοῦτον.
1108 2000 1294 2065 Οῦτως
1323 1996 1414 2054 οῦν
1442 1999 1599 2072 δόξης
1636 2016 1695 2053 τε
1726 1999 1817 2052 καὶ
1844 2015 1974 2070 χρηι

393 2094 575 2163 μάτων
622 2093 900 2164 ὀλίγωρος,
948 2093 1148 2157 παντὸς
1206 2092 1263 2146 δὲ
1303 2092 1503 2163 μᾶλλον
1540 2089 1633 2144 τοῦ
1685 2090 1972 2162 ἀμείνονος

389 2186 644 2256 ἐραστὴς.
676 2184 754 2255 τῷ
775 2186 874 2243 τσω
916 2184 1210 2239 κάντεῦθεν
1250 2187 1362 2248 τοῖς
1384 2183 1703 2246 ἀποστόλοις
1735 2179 1971 2254 ἁμιλλώ-

392 2296 551 2349 μενος
576 2279 781 2352 δρόμῳ.

2075 1902 2303 1972 pertatis
2352 1903 2690 1971 magistram,
2733 1902 2865 1957 hinc
2903 1904 2956 1957 in
3009 1905 3208 1958 calum
3250 1905 3641 1975 emigraturus,

2073 1980 2313 2064 reliquit,
2341 2009 2449 2064 qua
2488 1994 2663 2050 aiebat
2697 2014 2710 2050 :
2744 1994 2856 2051 Nec
2905 2011 3188 2060 crumena,
3240 2012 3341 2053 nec
3389 1996 3641 2058 baculus.

2070 2102 2173 2142 nec
2204 2104 2332 2158 pera
2349 2087 2597 2158 Ephram
2616 2104 2858 2158 unquam
2890 2090 3071 2144 fuit".
3105 2088 3394 2160 Nunquam
3421 2104 3641 2151 aurum,

2071 2192 2165 2237 aut
2225 2193 2533 2252 argentum,
2580 2192 2675 2236 aut
2718 2182 2887 2237 ullam
2949 2198 3063 2238 rem
3136 2182 3299 2236 aliam
3369 2181 3422 2235 in
3495 2192 3642 2235 terra

2067 2273 2311 2345 possedi.
2344 2273 2479 2327 Nam
2511 2273 2714 2328 bouum
2750 2289 2935 2344 regem
2987 2274 3055 2329 ad
3084 2289 3216 2329 suos
3242 2274 3515 2329 dicentem
3544 2272 3644 2327 di—

402 2378 649 2444 scipulos
683 2375 866 2430 audivi
904 2374 959 2428 in
994 2372 1499 2443 Evangeliozﬁihil
1570 2371 1625 2426 in
1693 2381 1841 2427 terra
1899 2369 2279 2442 possederitis.
2349 2370 2719 2437 Quamobrem
2765 2370 2918 2425 nulla
2985 2386 3073 2426 me
3123 2385 3304 2425 rerum
3369 2369 3639 2439 ejusmodi

391 2470 538 2537 cepit
565 2467 857 2537 cupiditas.
886 2464 1086 2519 Gloria
1116 2466 1305 2535 igitur,
1335 2473 1390 2520 et
1422 2466 1670 2537 pecunia
1717 2470 2064 2531 contemptor
2102 2471 2423 2529 cumesset,
2489 2477 2555 2517 ac
2614 2461 2991 2534 prastantiora
3064 2469 3307 2528 amaret;
3373 2460 3441 2515 ad
3491 2460 3641 2530 ipsos

389 2560 671 2627 apostolos
706 2560 761 2612 in
786 2573 851 2613 co
883 2571 983 2611 suo
1016 2571 1181 2610 cursu
1226 2573 1391 2626 quam
1431 2557 1676 2625 proxime
1703 2556 1969 2611 accedere
2002 2553 2296 2609 nitebatur.

459 2651 523 2703 Τί
557 2651 613 2703 δὲ
662 2651 791 2722 περὶ
832 2650 1325 2721 ταπεινοφροσύνης
1358 2648 1507 2720 αύτῷ
1541 2650 1968 2721 προσμαρτυρή-

392 2757 608 2812 σωμεν·
647 2741 783 2793 ὅπου
840 2757 905 2808 γε
951 2739 1248 2812 διαρρήδην
1305 2740 1449 2803 ἆπας
1486 2739 1650 2794 αὑτοῦ
1692 2739 1846 2809 λόγος
1872 2739 1968 2793 καὶ

392 2835 729 2906 σύγγραμμα
756 2833 957 2903 ταύτην
1005 2832 1117 2903 ἔχει
1166 2832 1266 2903 τὴν
1289 2832 1490 2902 ἀρετὴν
1533 2831 1965 2903 κηρυττομένην,

390 2928 591 2996 καίπερ
617 2925 763 2995 αὐτῷ
804 2923 1137 2995 διωκομένην
1168 2926 1232 2977 ὲκ
1280 2924 1474 2977 πολλοῦ
1510 2924 1604 2977 τοῦ
1647 2924 1965 2995 περιόντοςς

391 3020 525 3073 Πότε
558 3020 665 3091 γὰρ
694 3021 721 3072 6
743 3019 952 3090 δάκρυα
980 3018 1455 3089 προσκαλούμενος
1493 3018 1743 3090 δάκρυσι,
1777 3018 1967 3072 σποδόν

387 3128 446 3164 τε
469 3111 599 3163 ὡσεὶ
632 3110 794 3181 ἄρτον
827 3108 1041 3171 ἐσθίων,
1059 3108 1120 3161 τὸ
1137 3109 1309 3179 τραχὺ
1326 3108 1421 3177 τῆς
1445 3107 1673 3177 διαίτης,
1710 3108 1804 3161 καὶ
1832 3108 1966 3176 ἀνή-

2148 2646 2289 2711 Quid
2323 2660 2452 2700 vero
2487 2644 2652 2698 animi
2704 2644 2877 2715 ipsius
2930 2643 3350 2700 submissionem
3400 2657 3641 2697 comme-

2077 2750 2282 2793 morem
2309 2749 2473 2808 atque
2504 2739 2900 2806 humilitatem;
2925 2753 3050 2794 cum
3083 2755 3142 2794 ea
3176 2740 3291 2808 ipsa
3323 2738 3497 2790 virtus
3520 2748 3644 2805 pas-

2075 2830 2178 2885 sim
2224 2830 2278 2884 in
2314 2830 2530 2884 cunctis
2571 2831 2692 2899 ejus
2743 2831 3087 2886 sermonibus
3141 2845 3204 2885 ac
3254 2828 3474 2897 scriptis
3521 2840 3645 2881 sese

2074 2919 2430 2988 singulariter
2466 2920 2533 2975 ab
2580 2936 2648 2976 eo
2700 2921 2873 2976 fuisse
2921 2921 3193 2976 excultam
3240 2916 3643 2990 quodammodo

2073 3009 2362 3064 clamitet?
2410 3009 2642 3076 Quando
2688 3012 2833 3065 enim
2884 3025 3125 3081 unquam
3179 3011 3245 3063 ad
3293 3008 3641 3080 arrogantia,

2074 3103 2445 3173 elationisque
2483 3102 2716 3175 lapidem
2750 3116 2847 3174 pes
2893 3104 3013 3173 ejus
3043 3102 3289 3169 oll‘endit,
3320 3103 3412 3173 qui
3466 3102 3643 3172 lacry-

388 3202 557 3264 δόνον,
584 3172 748 3254 καίτὸ
773 3200 921 3270 πόμα
954 3198 1153 3271 κιρνῶν
1174 3172 1327 3270 ’μετὰ
1348 3172 1649 3269 κλαυθμοῦ,
1736 3216 1869 3270 φησι
1901 3172 1968 3252 τὰ

2076 3211 2193 3251 mas
2216 3196 2477 3267 lacrymis
2509 3197 2860 3265 provocabat,
2896 3211 2959 3249 ac
2990 3197 3226 3250 cinerem
3254 3204 3513 3264 tanquam
3548 3208 3647 3263 pa-

389 3291 565 3358 λόγια,
628 3289 762 3361 πρὸς
820 3290 1104 3360 έπάρσεως
1130 3290 1163 3361 ἢ
1190 3291 1418 3359 οἰήσεως
1450 3289 1585 3361 λίθῳ
1618 3288 1709 3343 τὸν
1740 3289 1970 3359 ψυχικὸν

390 3380 525 3433 πόδα
585 3380 1046 3451 προσκρού’σειεν;
1079 3381 1148 3433 Ἢ
1186 3382 1215 3433 6
1255 3380 1353 3451 τὴν
1384 3380 1729 3452 ἀνθρωπίνην
1754 3379 1969 3433 ἅπασαν

389 3471 862 3541 ἀποστρεφόμενος
883 3469 1059 3535 δόξαν,
1094 3471 1187 3523 καὶ
1230 3471 1436 3543 περιὼν
1472 3473 1572 3543 μὲν
1594 3472 1674 3525 ἔτι
1710 3470 1853 3526 κατὰ
1879 3471 1970 3525 τὸν

391 3562 525 3631 βίον,
549 3561 692 3623 τινὸς
725 3560 1091 3626 ἐπαινοῦντος,
1136 3562 1409 3632 ἀσχαλᾶΝ,
1437 3562 1530 3615 καὶ
1556 3560 1683 3615 ἄλλο
1706 3578 1766 3615 τε
1801 3560 1969 3632 ἀλλην

388 3655 665 3709 ἀλλάττων
712 3654 922 3725 χροιὰν,
979 3652 1202 3706 κύπτων
1249 3671 1307 3705 τε
1339 3654 1419 3717 εἰς
1467 3654 1590 3724 γῆν,
1623 3653 1717 3706 καὶ
1758 3652 1969 3718 στάζων

389 3746 572 3819 ίδρῶτι
599 3744 801 3815 λεπτῷ,
836 3746 929 3798 καὶ
956 3745 1100 3814 δεινῇ
1120 3743 1485 3816 κρατούμενος
1512 3744 1744 3814 ἀφωνία,
1780 3743 1967 3815 ὥσπερ

385 3838 488 3909 τῆς
509 3838 767 3908 αἰσχύνης
788 3836 953 3891 αὐτοῦ
978 3836 1076 3907 τὴν
1106 3836 1355 3905 γλῶσσαν
1382 3835 1678 3907 ἀργούσηςς

474 4104 749 4176 Ἀπαίρων
795 4102 852 4156 δὲ
921 4101 1058 4174 προς
1103 4100 1203 4169 τὴν
1270 4099 1545 4171 μακαρίαν
1590 4098 1688 4152 καὶ
1733 4096 1966 4169 ἄληκτον

388 4197 553 4267 ζωὴν,
586 4195 719 4250 αύτδ
744 4193 901 4247 τοῦτο
933 4193 1094 4248 πάλιν
1128 4191 1263 4263 μετὰ
1289 4190 1523 4261 σφοδρᾶς
1542 4190 1822 4261 ἀπείργων
1841 4190 1965 4243 ἐπι⁶

386 4289 680 4358 τιμήσεως.
710 4285 803 4339 καὶ
828 4284 1004 4353 λέγων
1023 4300 1037 4313 θ
1074 4282 1163 4353 Μὴ
1209 4281 1375 4353 ᾇσητε
1410 4277 1559 4351 ᾆσμα
1588 4282 1677 4334 ἐπὶ
1703 4280 1961 4352 Ἐφραῒμ,

390 4380 465 4450 μὴ
489 4375 891 4447 ὲγκωμιάσητε,
932 4375 1005 4445 μή
1048 4390 1115 4444 με
1158 4371 1439 4425 πολυτελεῖ
1478 4370 1745 4441 ὲνθάψητε
1784 4372 1966 4441 ἱματι-

390 4469 532 4541 σμῷ,
594 4468 670 4539 μὴ
725 4467 829 4538 ἰδίᾳ
878 4466 957 4536 τῷ
991 4465 1203 4537 σώματί
1262 4482 1365 4534 μου
1406 4463 1577 4532 τάφον
1613 4461 1959 4533 ἐργάσησθεο
1991 4502 2037 4558 D

387 4561 543 4628 λόγον
572 4559 681 4630 γὰρ
710 4558 817 4629 ἔχω
845 4558 984 4629 μετά
1037 4555 1193 4618 Θεοῦ,
1229 4554 1548 4625 αὑλισθὴναί
1606 4570 1673 4624 με
1719 4554 1815 4607 σὺν
1846 4557 1959 4617 τοῖς

390 4653 578 4719 ξένοις.
602 4652 787 4715 Ξένος
820 4649 934 4718 ἐγὼ
955 4649 1057 4702 καὶ
1074 4646 1501 4717 παρεπίδημος,
1522 4647 1713 4710 καθὼς
1737 4644 1960 4713 πάντες

386 4748 441 4801 οι
468 4742 719 4812 πατέρες
744 4758 884 4810 μου.
912 4740 1091 4808 Ἔχεις
1112 4736 1399 4809 τοιγαροῦν
1430 4739 1492 4791 ὲκ
1521 4735 1835 4808 περιουσίας
1867 4736 1961 4790 καὶ

384 4836 588 4905 ταύτης
608 4834 705 4905 τῆς
732 4833 951 4903 ἀρετῆς,
985 4829 1127 4882 καθὰ
1153 4829 1216 4899 δὴ
1245 4830 1339 4882 καὶ
1367 4828 1474 4882 τῶν
1498 4826 1719 4891 λοιπῶν,
1755 4827 1962 4900 εναργῆ

385 4928 457 4983 τὰ
506 4926 800 4997 τεκμήρια.
846 4923 957 4995 Τῆς
995 4921 1363 4992 ὲλεημοσύνης
1388 4921 1444 4974 δὲ
1486 4921 1580 4974 καὶ
1618 4921 1963 4992 συμπαθείας

384 5021 448 5075 ού
473 5018 700 5091 ποιητὴν
729 5016 908 5087 μόνον,
933 5012 1066 5067 ἀλλὰ
1089 5014 1182 5067 καὶ
1208 5011 1524 5066 διδάσκαλον
1549 5011 1739 5065 τοῦτον
1765 5011 1965 5083 ἐπιψηο

391 5116 596 5184 φιεῖται
627 5112 657 5163 6
680 5109 778 5180 τῆς
804 5106 1061 5178 ἀληθείας
1080 5105 1205 5175 ὄρος
1230 5104 1323 5158 καὶ
1342 5102 1523 5173 νόμος.
1547 5103 1625 5174 Τῇ
1652 5102 1761 5173 γὰρ
1782 5103 1964 5175 τελείᾳ

388 5203 761 5276 ἀκτημοσύνῃ,
809 5200 872 5253 τὸ
914 5198 1174 5269 παρέχειν
1204 5197 1317 5260 τοῖς
1352 5196 1628 5265 δεομένοις
1666 5196 1766 5249 οὐκ
1800 5194 1962 5265 ἔχων,

388 5302 445 5353 έν
495 5296 572 5367 τῷ
638 5296 761 5358 τοὺς
796 5292 991 5354 ἄλλους
1023 5289 1309 5360 διεγείρειν
1354 5286 1489 5361 πρὸς
1539 5287 1685 5340 ἔλεον
1732 5290 1961 5353 πυκναῖς

386 5390 759 5463 παραινέσεσι,
809 5385 909 5454 τὴν
951 5381 1320 5455 ἐλεημοσύνην
1361 5380 1681 5450 μετήρχετο.
1710 5375 1819 5433 Ἶιν
1848 5380 1961 5452 γὰρ

383 5482 458 5545 ὡς
487 5478 701 5549 ἀληθῶς
723 5481 751 5531 6
780 5476 968 5531 τούτου
988 5476 1164 5544 λόγος,
1192 5473 1286 5527 καὶ
1313 5471 1434 5542 δίχα
1463 5471 1561 5542 τῆς
1590 5470 1785 5540 ὅψεως,
1815 5473 1963 5537 κλεὶς

388 5571 794 5642 θεοχάλκευτος,
826 5569 955 5633 τοὺς
985 5568 1095 5622 τῶν
1129 5566 1399 5620 πλουσίων
1429 5564 1735 5637 θησαυροὺς
1765 5563 1964 5619 διανοί-
2006 5608 2007 5611 η

464 5748 505 5782 ⁸⁸
532 5745 719 5801 Matth.
747 5761 803 5812 κ,
826 5745 880 5811 9,
929 5744 1025 5811 l0;
1103 5744 1233 5801 Luc.
1267 5760 1343 5812 ιι,
1377 5745 1432 5800 4.
1511 5743 1554 5777 ⁸⁷
1593 5742 1741 5800 Psal.
1772 5757 1861 5809 et,
1899 5740 1985 5797 10.

2072 3300 2195 3339 nem
2241 3283 2631 3351 mauducabat,
2665 3291 2721 3339 et
2763 3299 2956 3354 aspera
3011 3292 3175 3353 atque
3214 3284 3485 3337 inamaua
3531 3286 3643 3335 vita

2072 3383 2131 3430 ut
2169 3390 2328 3431 sacra
2366 3374 2458 3429 illa
2489 3383 2787 3446 personant
2825 3374 3014 3453 verba,
3052 3374 3306 3444 poculum
3348 3387 3472 3427 cum
3514 3371 3644 3427 ﬂetu

2070 3467 2334 3522 miscebat
2362 3466 2446 3520 ‘7?
2491 3465 2708 3538 Quique
2758 3465 2830 3520 ab
2872 3465 3019 3520 omni
3064 3480 3225 3530 vana,
3275 3473 3438 3535 atque
3476 3477 3641 3518 mun-

2068 3561 2211 3614 dana
2233 3559 2538 3615 abhorrens
2554 3558 2749 3631 gloria,
2764 3574 2888 3613 cum
2922 3559 2977 3612 in
3010 3558 3109 3612 hac
3124 3557 3299 3612 adhuc
3322 3556 3641 3628 peregrina-

2072 3661 2220 3706 retur
2248 3654 2379 3716 vita,
2404 3652 2502 3729 sia
2526 3665 2803 3723 quoquam
2834 3666 2893 3706 se
2916 3651 3125 3704 laudari
3150 3649 3651 3715 animadvertebat,

2066 3760 2212 3817 agro
2233 3745 2417 3800 animo
2451 3745 2655 3807 ferens,
2678 3745 2955 3814 aliumque
2974 3743 3112 3799 alias
3132 3744 3369 3799 colorem
3393 3743 3639 3814 capiens,

2067 3843 2233 3906 atque
2263 3835 2454 3890 oculos
2484 3834 2538 3889 in
2569 3843 2770 3889 terram
2811 3834 3130 3901 demittens,
3166 3835 3317 3890 tenui
3348 3849 3414 3891 ac
3453 3834 3639 3890 subtili

2068 3927 2321 3982 madebat
2341 3927 2564 3991 sudore,
2600 3927 2821 3997 altoque
2844 3927 3065 3981 silentio
3083 3936 3343 3997 tanquam
3371 3942 3639 3983 verecun-

2066 4014 2156 4068 dia
2184 4014 2425 4086 linguam
2464 4013 2851 4085 prapediente,
2878 4015 3301 4085 corripiebatur.

2136 4104 2256 4161 Jam
2301 4114 2482 4160 autem
2525 4104 2653 4159 hinc
2701 4105 2766 4159 ad
2810 4105 3026 4160 beatam
3066 4106 3459 4177 calestemque
3486 4106 3635 4163 illam

2066 4198 2434 4269 emigraturus
2462 4196 2655 4260 vitam,
2696 4196 2845 4265 gravi
2884 4194 3123 4267 quodam
3170 4196 3465 4252 interdicto
3502 4197 3637 4254 illud

2066 4289 2247 4361 ipsum
2284 4294 2495 4351 vetans,
2536 4286 2795 4341 dicebat:
2834 4284 2992 4339 Nulla
3030 4283 3278 4355 Ephram
3326 4286 3638 4343 cecineritis

2065 4381 2342 4441 carmina,
2386 4378 2701 4449 nullamque
2740 4377 3108 4433 laudationem
3143 4376 3527 4444 adhibueritis,
3570 4394 3639 4436 ne

2065 4489 2153 4529 me
2183 4488 2307 4527 cum
2335 4472 2576 4543 pretioso
2602 4469 2966 4541 sepeliveritis
2988 4470 3336 4535 vestimento,
3361 4485 3499 4529 neve
3526 4473 3641 4543 pri-

2066 4564 2232 4619 vatim
2281 4562 2499 4633 eorpori
2543 4578 2665 4617 meo
2698 4561 3099 4618 constitueritis
3149 4563 3461 4618 tumulum:
3502 4564 3637 4620 mihi

2064 4654 2211 4711 enim
2246 4668 2371 4708 cum
2406 4652 2518 4708 Deo
2555 4652 2834 4721 convenit,
2868 4662 2928 4707 ut
2960 4652 3105 4708 inter
3138 4653 3459 4724 peregrinos
3488 4670 3640 4711 com-

2066 4760 2269 4801 morer.
2304 4745 2516 4800 Advena
2540 4745 2742 4816 quippe
2773 4761 2889 4800 sum
2915 4761 3031 4816 ego,
3059 4756 3108 4800 et
3140 4747 3466 4817 peregrinus,
3499 4749 3639 4803 sicut

2067 4854 2246 4894 omnes
2272 4846 2453 4905 patres
2500 4838 2602 4892 mei
2634 4838 2698 4891 ".
2730 4836 2887 4893 Sicut
2912 4852 3046 4909 ergo
3080 4838 3311 4892 aliarum
3344 4838 3635 4904 virtutum,

2069 4930 2145 4985 ita
2179 4929 2345 4999 hujus
2371 4930 2539 4985 etiam
2574 4929 2771 4985 eximia
2806 4937 2972 4999 atque
3010 4930 3271 5000 praclara
3298 4929 3466 4986 habes
3494 4932 3641 4986 iudi-

2067 5020 2173 5075 cia.
2213 5016 2413 5075 Eorum
2446 5020 2593 5075 enim
2624 5035 2745 5091 qua
2775 5020 2843 5074 ad
2872 5020 3293 5093 eleemosynam,
3330 5031 3383 5078 et
3413 5025 3641 5079 commi-

2069 5111 2363 5167 serationis
2388 5110 2642 5167 an'ectum
2684 5112 2985 5182 pertinent,
3015 5111 3163 5168 hunc
3191 5128 3297 5167 non
3329 5112 3638 5171 en‘ectorem

2069 5202 2358 5267 duntaxat,
2388 5202 2486 5257 sed
2508 5211 2563 5257 et
2592 5202 2871 5257 doctorem
2892 5202 3195 5268 exstitisse,
3226 5203 3475 5260 veritatis
3502 5220 3641 5277 pra-

2067 5294 2317 5365 scriptio,
2358 5293 2553 5364 lexque
2595 5294 2714 5364 ipsa
2744 5291 3051 5348 conﬁrmat.
3084 5292 3218 5348 Nam
3267 5308 3394 5350 cum
3425 5310 3490 5352 ex
3518 5313 3643 5368 per-

2069 5385 2233 5451 fecta,
2264 5399 2427 5453 quam
2459 5383 2739 5456 amplexus
2762 5382 2960 5448 fuerat,
2990 5393 3334 5456 paupertate,
3368 5388 3640 5458 reliquum

2068 5474 2204 5530 nihil
2234 5474 2481 5539 haberet,
2515 5474 2659 5543 quod
2694 5475 2880 5543 egenis
2909 5474 3313 5545 impertiretur;
3340 5476 3643 5548 frequenti-

2069 5566 2173 5621 bus
2226 5573 2407 5620 tamen
2441 5566 2915 5623 cohortationibus
2948 5566 3089 5624 alios
3132 5568 3198 5625 ad
3247 5568 3641 5625 misericordia

2068 5744 2111 5777 "
2150 5742 2294 5801 Psal.
2328 5759 2567 5809 xxavm,
2606 5742 2690 5798 i3.
