4132 6356
456 282 561 340 859

1639 283 1698 340 S.
1741 282 2067 341 GREGOBII
2103 284 2392 343 NYSSENI

3597 291 3711 344 8-50

454 407 617 464 Opera
662 393 1078 460 commovendo,
1129 395 1507 468 eleemosynas
1561 397 1840 468 erogabat.
1901 397 2028 452 Erat

2140 417 2262 468 γων,
2293 403 2387 455 καὶ
2418 387 2527 466 τοῖς
2555 403 2794 472 μετρίοις
2839 401 2905 454 τὰ
2939 381 3124 456 δέοντα
3153 401 3404 472 χορηγῶν
3425 419 3438 432 ο
3470 401 3580 472 ἠδὲ
3611 403 3713 470 ἀγ-

452 485 657 557 quippe
692 485 866 555 ipsius
910 488 1112 549 oratio,
1145 487 1275 542 licet
1307 491 1494 542 vultus
1526 502 1636 543 non
1679 489 2030 558 conspicere-

453 588 562 643 tur,
597 588 855 648 tauquam
896 580 1162 635 divinitus
1212 579 1510 636 fabrefacta
1549 582 1798 651 quaedam
1836 582 2027 645 clavis,

453 672 683 726 divitum
733 671 1022 728 thesauros
1074 674 1388 740 recludens,
1423 682 1479 730 et
1513 673 1884 744 indigentibus
1932 688 2032 727 ne-

453 765 694 820 cessaria
740 764 1096 834 suppeditans
1121 807 1135 830 ,
1177 775 1546 838 aspectusque
1595 766 1717 836 ejus
1751 766 2031 837 angelicus

455 854 730 909 sufliciens
762 864 899 920 erat,
935 857 1027 925 qui
1077 871 1173 926 per
1206 872 1266 912 se
1303 857 1508 928 absque
1538 859 1644 912 ulla
1669 857 1919 912 oratione
1944 857 2030 910 in-

454 955 671 1002 tuentes
715 947 879 1001 etiam
911 956 1157 1017 agrestes
1186 957 1240 1003 et
1278 950 1608 1004 inhumanos
1638 949 1706 1003 ad
1736 949 2032 1003 commise-

2131 490 2408 560 γελοειδὴς
2458 491 2660 562 θεωρία
2699 494 2859 563 ἢρκει
2911 494 3004 546 καὶ
3047 493 3185 562 μόνη
3231 492 3541 562 βλεπομένη
3577 493 3712 560 πρὸς

2134 579 2477 649 συμπάθειαν
2527 582 2624 633 καὶ
2674 583 3005 652 οἰκτιρμοὺς,
3032 582 3128 634 καὶ
3169 581 3296 643 τοὺς
3331 579 3712 649 ἄγαν’ἀμειλί-

2131 684 2293 733 κτους
2326 670 2566 740 κινῆσαι,
2602 670 2884 741 ἁπλότητι,
2925 672 3019 724 καὶ
3054 669 3357 740 ἐπιεικείᾳ,
3405 669 3500 723 καλ⁹
3543 668 3710 738 πολλῇ

2135 761 2454 833 κεκραμένη
2483 761 2878 831 καλοκάγαθίᾳ.
2913 762 3024 815 Καὶ
3046 761 3129 824 τίς
3162 758 3334 822 οὓτως
3370 755 3437 830 ἦν
3471 759 3713 830 ἀναιδείᾳ

2137 851 2604 926 προ[σ]κείμενος,
2642 854 2701 917 ὃς
2732 853 3074 926 προσϐλέψας
3099 853 3280 914 αὑτὸν,
3319 852 3419 905 οὐκ
3454 851 3710 924 ἠρυθρία,

2138 946 2232 999 καί
2263 963 2380 1008 πως
2414 946 2577 1009 αὐτὸς
2611 945 2808 998 ἑαυτοῦ
2841 943 3207 1015 κοσμιώτερος
3240 944 3518 1012 ὲγεγόνει;

453 1041 719 1094 rationem
765 1052 1129 1111 permoveret,
1165 1053 1317 1097 tanta
1377 1044 1431 1097 in
1485 1059 1552 1097 eo
1585 1041 2036 1112 conspiciebatur
2085 1047 2198 1095 tum
2255 1041 2605 1111 simplicitas,
2677 1050 2791 1094 tmn
2843 1037 3222 1104 mansuetudo,
3283 1048 3396 1092 tum
3443 1037 3710 1107 probitas.

451 1133 754 1207 Nullusque
812 1137 950 1191 adeo
1012 1138 1385 1209 reperiebamr
1441 1137 1767 1208 impudens,
1835 1136 1931 1206 qui
1985 1152 2093 1190 non
2135 1136 2314 1206 ipsum
2364 1136 2691 1206 inspiciens,
2746 1135 2947 1190 rubore
2995 1133 3232 1205 quodam
3290 1133 3715 1203 perfunderetur

452 1237 617 1299 atque
648 1231 1005 1298 verecundia,
1035 1246 1100 1286 ac
1130 1233 1315 1302 seipse
1339 1234 1528 1288 melior
1551 1249 1658 1288 non
1693 1233 2016 1288 redderetur
2055 1241 2219 1303 atque
2250 1233 2572 1288 modestior.

523 1323 590 1378 Et
621 1323 872 1394 quamvis
912 1323 987 1377 ita
1019 1324 1188 1378 multa
1227 1325 1280 1378 in
1311 1325 1415 1378 hoc
1448 1325 1566 1380 viro
1597 1324 1837 1394 perfecta
1869 1325 2035 1379 exsti-

451 1417 638 1478 terint,
674 1431 742 1470 ne
781 1416 906 1484 quis
931 1417 1002 1470 ob
1037 1414 1088 1468 id
1123 1416 1398 1471 existimet
1426 1416 1732 1470 absolutam
1767 1416 1816 1469 ei
1850 1429 2030 1468 rerum

453 1507 953 1564 ecclesiasticarum
1006 1507 1248 1562 defuisse
1290 1507 1680 1578 cognitionem.
1718 1507 1856 1572 Quid
1886 1507 2031 1560 enim

454 1601 552 1655 otii
581 1607 894 1670 suppeteret
931 1599 1059 1668 ipsi,
1094 1599 1303 1654 diceret
1344 1600 1471 1653 talis
1500 1599 1720 1668 aliquis,
1755 1605 1812 1652 ut
1853 1598 1921 1652 ad
1954 1605 2033 1652 tot

456 1693 724 1747 virtutum
759 1690 940 1746 studia
969 1690 1352 1745 divideretur?
1378 1689 1523 1745 Sane
1551 1691 1774 1761 quidem
1806 1707 1916 1745 non
1963 1689 2034 1745 le-

2211 1326 2365 1396 Τάχα
2388 1326 2567 1378 τοίνυν
2627 1322 2883 1378 τοσοῦτόν
2901 1339 2986 1385 τις
3018 1320 3220 1392 πλῆθος
3258 1318 3496 1380 ἀκούσας
3519 1322 3714 1390 κατορ⁶

2139 1416 2426 1486 θωμάτων,
2453 1413 2592 1480 δόξει
2623 1415 2698 1478 ὡς
2721 1414 2820 1466 οὐκ
2847 1414 2905 1466 ὲν
2932 1411 3084 1482 βάθει
3110 1411 3219 1465 τῶν
3250 1411 3714 1482 ὲκκλησιαστικῶν

2139 1508 2385 1580 ἐχώρησε
2421 1507 2706 1578 δογμάτων
2737 1509 2766 1559 ὁ
2799 1505 2941 1569 θεῖος
2985 1499 3140 1568 οὗτος
3197 1505 3356 1575 ἀνήρ.
3398 1505 3564 1558 Ποίαν
3603 1506 3712 1576 γὰρ

2138 1598 2250 1672 εἷχε
2287 1599 2502 1670 σχολὴν.
2527 1598 2694 1667 φαίην
2733 1598 2821 1660 ἄν,
2857 1599 2886 1651 ὁ
2927 1595 3188 1662 τοιοῦτος,
3223 1596 3512 1660 τοσαύταις
3556 1613 3713 1667 μερι⁸

2137 1693 2361 1762 ζόμενος
2408 1691 2658 1760 ἀρεταῖς;
2716 1687 2808 1759 Τῷ
2859 1687 2914 1741 δὲ
2959 1688 3060 1741 οὐκ
3097 1686 3397 1751 ἐπεπόλαζε
3423 1688 3532 1742 τῶν
3553 1688 3714 1743 θείων

455 1785 598 1838 viter
645 1797 830 1838 rerum
877 1781 1186 1836 divinarum
1244 1781 1557 1852 cognitione
1597 1788 1715 1836 erat
1765 1781 2030 1836 imbutus.

2140 1756 2418 1855 δογμάτων
2541 1781 2757 1850 γνῶσις.
2778 1756 2865 1834 Ὀὐ
2897 1781 3006 1852 γὰρ
3035 1780 3158 1834 ὅσον
3204 1782 3376 1834 εἰπεῖν
3403 1782 3494 1834 καὶ
3521 1799 3714 1852 παραιο

456 1875 643 1946 Neque
671 1873 817 1930 enim
853 1881 1081 1930 eatenus
1121 1873 1388 1928 duntaxat
1422 1873 1569 1928 illam
1617 1873 1820 1943 attigit,
1858 1879 1916 1927 ut
1947 1871 2034 1928 di-

458 1967 634 2023 cendo
661 1967 801 2022 alios
827 1965 1045 2022 erudire
1083 1973 1310 2036 posset;
1342 1964 1440 2021 sed
1472 1971 1581 2019 tam
1618 1965 1836 2034 pietatis
1872 1971 2037 2034 atque

459 2062 740 2132 religionis
777 2062 1048 2127 instituta,
1077 2076 1240 2132 quam
1274 2075 1362 2124 ea,
1399 2074 1522 2130 quae
1567 2059 1678 2115 illis
1710 2067 2034 2129 repugnant,

458 2154 685 2210 omnino
710 2163 1002 2212 assecutus
1031 2161 1116 2208 est
1143 2171 1158 2208 :
1206 2153 1295 2207 illa
1325 2151 1544 2223 quidem
1566 2150 1633 2205 ad
1657 2150 2036 2206 instruendum

459 2245 741 2316 populum,
791 2244 907 2300 haec
969 2244 1038 2300 ad
1095 2242 1474 2314 coarguendos
1525 2243 1836 2299 haereticos.
1887 2242 2040 2298 Bono

458 2340 663 2410 quippe
694 2338 814 2393 zelo
844 2338 899 2392 in
929 2337 1052 2393 illas
1098 2337 1316 2406 pietatis
1362 2335 1618 2392 inimicas
1649 2335 1856 2390 bestias
1895 2336 2034 2390 fere-

460 2430 642 2484 batur.
671 2427 952 2499 Siquidem
989 2441 1240 2481 sermone
1269 2423 1530 2494 quodam,
1563 2425 1654 2495 qui
1687 2423 1829 2478 fama
1871 2417 2036 2479 etiam

462 2522 808 2591 potiusquam
856 2517 1077 2588 scriptis
1127 2515 1193 2570 ad
1241 2530 1342 2570 nos
1390 2515 1627 2578 devenit,
1662 2514 1807 2571 unde
1858 2515 2037 2585 ipsum

460 2613 708 2669 veritatis
751 2607 1218 2667 studiosissimum
1263 2606 1562 2669 exstitisse.
1599 2607 1759 2662 facile
1810 2607 2040 2675 intelligi

463 2712 705 2776 poterat;
736 2701 1134 2771 Apollinarium
1173 2699 1367 2761 levem,
1396 2698 1507 2752 imo
1538 2699 1844 2753 dementem
1876 2708 2042 2766 atque

463 2798 714 2852 insanum
750 2791 1119 2861 nuncupabat,
1151 2791 1242 2861 qui
1273 2806 1360 2846 res
1391 2805 1560 2845 novas
1585 2790 1839 2854 moliens,
1869 2789 2041 2843 multa

463 2888 664 2958 impia,
725 2885 1134 2955 Scripturaaque
1193 2899 1364 2939 sacrae
1427 2883 1774 2938 adversantia
1825 2881 2042 2936 duobus

462 2979 860 3049 comprehensa
914 2977 1091 3040 libris.
1126 2992 1156 3032 e
1191 2991 1293 3030 suo
1325 2984 1586 3030 eructans
1619 2985 1828 3038 ventre,
1856 2974 2044 3028 admo-

2134 1876 2286 1930 νέσαι
2315 1879 2428 1938 τοῖς
2459 1873 2658 1938 ἄλλοις,
2689 1871 2893 1942 ταύτην
2931 1871 3117 1943 μετῄει
3140 1888 3154 1903 ·
3185 1871 3299 1925 ἀλλ’
3324 1873 3491 1942 ἄμφω
3533 1872 3713 1938 καλῶς

2136 1962 2453 2034 ἐπαιδεύθη,
2473 1965 2544 2018 τά
2561 1981 2620 2018 τε
2643 1964 2891 2036 δόγματα
2909 1965 3005 2034 τῆς
3041 1962 3367 2034 Ἐκκλησίας
3392 1964 3551 2029 αὐτὰ,
3565 1965 3634 2019 τά
3653 1981 3712 2018 τε

2135 2054 2345 2118 τούτοις
2375 2055 2672 2126 ἀντιλέγειν
2695 2055 3090 2128 ἐπιχειροῦντα·
3119 2054 3188 2109 τὰ
3222 2055 3343 2126 μὲν,
3376 2057 3500 2110 ὅσον
3521 2057 3714 2127 ὲτιιτη-

2136 2143 2315 2198 δεύσει
2379 2145 2565 2216 μαθών
2585 2163 2599 2177 ·
2653 2144 2724 2199 τὰ
2767 2147 2823 2200 δὲ
2869 2146 3005 2218 πρὸς
3033 2145 3250 2217 ἔλεγχον
3270 2147 3379 2201 τῶν
3402 2147 3711 2220 αίρετικῶν.

2137 2238 2308 2308 Ζῆλος
2337 2237 2446 2311 γὰρ
2469 2238 2631 2293 αὑτὸν
2657 2239 2800 2294 κατᾶ
2820 2237 2929 2293 τῶν
2948 2239 3046 2309 τῆς
3076 2238 3400 2310 Ἐκκλησίας
3427 2239 3593 2292 ἐκίνει
3619 2237 3716 2308 θη-

2141 2330 2250 2404 ρῶν
2264 2348 2293 2364 ὀ
2321 2331 2440 2385 ὅθεν
2469 2332 2562 2385 καὶ
2591 2333 2672 2396 είς
2693 2333 2844 2403 ἡμᾶς
2865 2329 3065 2400 ἐφθασέ
3085 2346 3145 2383 τε
3167 2347 3250 2393 τις
3267 2330 3512 2400 ἄγραφος
3536 2328 3713 2398 λόγος,

2136 2424 2228 2478 τὸν
2256 2423 2390 2493 πρὸς
2437 2426 2506 2495 τῇ
2541 2423 2767 2493 ἀληθείᾳ
2803 2422 2994 2476 τούτου
3026 2420 3184 2492 ζῆλον
3206 2423 3338 2493 ἡμῖν
3373 2421 3715 2486 ἀποδεικνὺς,

2138 2515 2276 2586 ἔχων
2309 2514 2501 2579 οὕτως,
2531 2515 2605 2579 ὡς
2630 2517 2658 2569 ὁ
2683 2515 2998 2584 κουφόνους,
3036 2513 3234 2586 μᾶλλον
3281 2513 3442 2577 ἄνους
3471 2513 3564 2568 καὶ
3596 2513 3720 2567 ἄλο-

2137 2623 2234 2675 γος
2275 2606 2668 2679 Ἀπολινάριος,
2713 2606 2884 2660 πολλά
2925 2606 3326 2676 καινοτομήσας
3357 2605 3450 2657 καὶ
3475 2603 3582 2658 ἀπὸ
3613 2619 3721 2656 κοι-

2138 2698 2258 2761 λίας
2286 2698 2666 2770 ὲρευξάμενος,
2699 2699 2879 2752 ἄδικον
2900 2698 2998 2768 τῆς
3018 2697 3298 2760 εὐσεϐείας
3316 2696 3537 2766 Γραφὴν
3564 2697 3718 2766 ἐσχε-

2139 2790 2342 2854 δίασεν,
2381 2794 2437 2845 ὲν
2479 2792 2600 2844 δυσὶ
2645 2791 2868 2862 βιϐλίοις
2923 2790 3126 2859 ταύτην
3163 2771 3444 2852 συντάξας.
3487 2787 3720 2858 Ἐνεχεί-

2145 2900 2258 2954 ρισε
2283 2884 2339 2937 δὲ
2358 2883 2559 2947 ταύτας
2581 2883 2717 2952 πρὸς
2753 2882 2998 2953 φυλακὴν
3024 2881 3116 2935 καί
3149 2899 3278 2944 τινι,
3300 2884 3366 2950 τῇ
3390 2880 3485 2942 τὰς
3511 2879 3720 2933 ἐκείνου

2141 2969 2355 3039 ἡδονὰς,
2391 2968 2467 3034 ὡς
2516 2968 2816 3039 ἐφημίσθη,
2863 2966 3258 3040 θεραπευούσῃ.
3305 2966 3390 3030 Ὠς
3415 2966 3471 3018 δὲ
3500 2965 3576 3035 τῷ
3606 2967 3719 3018 Με-

463 3071 592 3124 dum
630 3069 836 3124 insulse
883 3081 949 3122 ac
995 3075 1198 3121 temere
1250 3068 1689 3136 proloqueretur.
1740 3064 1868 3119 illos
1908 3077 2039 3118 vero

2144 3061 2295 3130 γάλῳ
2321 3061 2390 3114 τὰ
2415 3060 2514 3130 τῆς
2531 3061 2850 3131 συγγραφῆς
2877 3059 3200 3129 ἐγνωρίσθη,
3228 3059 3326 3128 τῆς
3347 3057 3552 3110 ἐκείνου
3565 3057 3724 3126 δόξης

464 3161 659 3222 libros,
689 3160 903 3214 cuidam
927 3173 1088 3228 quam
1117 3158 1171 3211 in
1208 3157 1423 3212 deliciis
1443 3156 1708 3210 habuisse
1737 3155 2036 3218 ferebatur,

468 3253 681 3309 feminae
710 3250 1077 3308 asservandos
1107 3251 1479 3305 commiserat.
1512 3249 1644 3315 Qua:
1675 3264 1801 3303 cum
1842 3262 2041 3317 magno

466 3344 840 3399 innotuissent
888 3341 1160 3412 Epliraun,
1202 3341 1318 3409 ipse
1365 3339 1612 3410 ejusdem
1659 3356 1718 3394 se
1763 3339 2040 3409 opinionis

465 3452 588 3492 esse
626 3435 966 3504 confingens,
1009 3433 1289 3495 feminam,
1322 3447 1443 3502 qua:
1475 3432 1646 3488 libros
1674 3431 1810 3486 istos
1858 3430 2042 3501 profa-

467 3542 570 3582 nos
601 3524 968 3586 custodiebat.
1005 3523 1179 3591 adiit;
1217 3531 1271 3577 et
1299 3523 1367 3578 de
1396 3537 1475 3588 se,
1507 3525 1634 3594 quis
1664 3523 1755 3588 sit,
1798 3533 1852 3578 et
1875 3538 2038 3592 quam

468 3619 645 3672 fausta
686 3623 741 3670 et
771 3631 834 3670 ex
879 3630 1063 3670 eremo
1101 3612 1316 3676 ali‘erat,
1355 3612 1628 3683 patefecit,
1672 3613 2041 3681 nonnullaque

467 3707 608 3761 forte
636 3705 690 3761 id
720 3719 893 3776 genus
914 3705 1018 3757 alia
1049 3703 1337 3773 adjiciens.
1362 3702 1604 3758 Tandem
1629 3699 1804 3773 rogat,
1832 3712 1890 3757 ut
1910 3719 2044 3773 prae-

467 3798 708 3866 ceptoris
736 3795 839 3850 sibi
871 3794 1078 3865 scripta
1119 3794 1349 3864 publica:
1389 3793 1642 3849 utilitatis
1685 3809 1853 3849 causa
1883 3795 2041 3850 exhi-

467 3890 612 3951 beat,
649 3895 708 3941 ut
752 3887 911 3942 nobis
940 3886 1173 3950 scilicet,
1217 3902 1356 3956 quos
1394 3895 1524 3940 tunc
1565 3885 1851 3941 haereticos
1880 3901 2042 3939 voca-

467 3977 580 4040 bat,
630 3989 936 4047 repugnare
973 3975 1319 4029 commodius
1373 3983 1579 4045 posset.
1629 3974 1843 4042 Quibus
1883 3987 2041 4045 capta

468 4063 650 4119 verbis
697 4061 922 4121 femina,
956 4079 1192 4132 eumque
1233 4077 1300 4117 ex
1346 4064 1454 4118 illis
1485 4080 1677 4129 unum,
1713 4068 1805 4136 qui
1838 4065 2043 4134 Apolli—

469 4155 609 4209 narii
652 4153 985 4208 sustinerent
1017 4163 1217 4225 partes,
1267 4165 1527 4224 reputans
1573 4156 1744 4212 libros
1785 4157 2039 4226 praebuit,

467 4261 566 4301 ecs
591 4257 772 4300 tamen
807 4245 914 4300 sibi
955 4246 1205 4300 celeriter
1242 4247 1460 4300 restitui
1503 4247 1822 4318 deprecans.
1873 4249 2044 4304 Caete-

469 4353 590 4394 rum
610 4352 840 4408 magnus
861 4336 1150 4403 liieJacob,
1167 4337 1474 4393 dementem
1494 4339 1851 4409 supplantans
1872 4341 2038 4404 Esau,

2143 3150 2329 3220 σχῆμα
2357 3149 2699 3218 πλασάμενος
2737 3153 2764 3204 ὁ
2795 3149 2976 3217 σοφὸς.
3005 3149 3372 3220 προσέρχεται
3400 3150 3466 3218 τῇ
3498 3149 3723 3216 γυναικὶ

2139 3242 2206 3310 τῇ
2233 3239 2329 3303 τὰς
2352 3239 2566 3310 βίϐλους
2594 3240 2934 3310 φυλαττούσῃ
2973 3239 3070 3303 τὰς
3101 3238 3381 3310 βεϐήλους,
3421 3240 3723 3310 ἀναγνωρι-

2142 3330 2386 3402 ζόμενος,
2425 3333 2519 3384 καὶ
2546 3333 2795 3401 εὐλογίας
2834 3334 2972 3404 αὐτῇ
3013 3332 3088 3395 ὡς
3114 3331 3223 3387 ἀπὸ
3259 3332 3359 3401 τῆς
3389 3333 3596 3404 ἐρήμου
3627 3349 3722 3386 κο-

2145 3423 2337 3494 μίζων,
2362 3423 2503 3494 τάχα
2529 3424 2584 3477 δὲ
2615 3424 2712 3478 καὶ
2741 3425 2904 3496 ἓτερά
2931 3443 3052 3479 τινα
3083 3424 3493 3496 τεχναζόμενος.
3531 3424 3722 3478 Ὕστε-

2143 3531 2236 3585 ρον
2265 3510 2358 3568 οὖν
2412 3515 2641 3568 ἱκετεύει
2693 3515 2914 3586 δοθῆναι
2943 3515 3092 3586 αὐτῷ
3135 3516 3295 3587 χάριν
3331 3515 3616 3585 ὠφελείας,
3647 3515 3724 3579 ὡς

2141 3606 2316 3674 ἔλεγε,
2347 3605 2418 3659 τὰ
2443 3607 2535 3660 τοῦ
2587 3607 2904 3661 διδασκάλου
2939 3607 3366 3678 συγγράμματα,
3402 3629 3475 3672 ως
3507 3608 3573 3662 ἂν
3611 3610 3724 3670 τοῖς

2141 3701 2452 3769 αἱρετικοῖς,
2478 3701 2625 3769 ἡμᾶς
2665 3699 2806 3752 οὕτω
2838 3699 2993 3769 δῆθεν
3009 3698 3316 3759 ἀποκαλῶν.
3343 3698 3724 3770 ἀντιφέρεσθαι

2142 3791 2387 3854 εὐπετῶς
2412 3791 2544 3861 ἔχοι.
2579 3792 2646 3843 Ἥ
2669 3791 2725 3844 δὲ
2747 3791 2838 3843 τὸν
2867 3789 2990 3843 νοῦν
3019 3791 3119 3844 οὐκ
3135 3790 3610 3864 ἐμφω[τισ]θείσα,
3629 3793 3724 3844 καὶ

2140 3883 2249 3937 τῶν
2270 3883 2369 3953 τῆς
2403 3883 2777 3954 Ἀπολιναρίου
2805 3883 3112 3955 συμμορίας
3134 3885 3226 3937 καὶ
3246 3883 3431 3936 τοῦτον
3458 3878 3596 3935 εἶναι
3625 3899 3724 3950 φε-

2141 3976 2479 4040 νακισθεῖσα,
2499 3976 2597 4038 τὰς
2618 3976 2833 4046 βίϐλους
2854 3978 3178 4046 παρέσχετο,
3200 3975 3423 4047 ταχινὴν
3443 3973 3724 4042 ἀξιώσασα

2143 4067 2241 4140 τὴν
2262 4067 2466 4122 τούτων
2499 4067 2754 4136 γενέσθαι
2801 4069 3166 4140 ἀποστροφήν.
3197 4066 3331 4120 Ὀδὲ
3363 4066 3535 4136 μέγας
3571 4060 3724 4128 οὗτος

2155 4161 2372 4224 Ἰακὼϐ,
2402 4161 2490 4214 τὸν
2521 4161 2746 4232 βέϐηλον
2775 4159 3274 4231 πτερνίσαςἮσαῦ,
3300 4161 3394 4213 καὶ
3423 4158 3491 4212 τὰ
3514 4157 3724 4230 πονηρὰ

2144 4254 2463 4326 πρωτότοκα
2509 4253 2618 4306 τῶν
2675 4253 2862 4305 τούτου
2923 4253 3209 4323 νοημάτων
3277 4249 3488 4315 λαϐὼν,
3546 4250 3723 4318 σοφῶς

2144 4345 2420 4416 ὑπεξῆλθε
2442 4363 2456 4376 ·
2485 4344 2680 4414 φύλλον
2707 4348 2814 4416 γὰρ
2847 4343 3029 4414 φύλλῳ
3060 4342 3429 4415 προσπτύξας,
3457 4341 3634 4413 ίχθύος
3663 4359 3722 4394 τε

469 4445 534 4483 ac
571 4428 838 4501 flagitiosa
885 4431 979 4483 illa
1027 4431 1393 4501 primogenita
1438 4433 1684 4502 rapiens,
1743 4435 2039 4502 prudenter

2146 4437 2310 4511 κόλλῃ
2342 4436 2402 4490 τδ
2436 4438 2541 4491 πᾶν
2567 4435 2923 4508 καταχρίσας,
2955 4437 3030 4499 ὡς
3056 4434 3113 4488 ἓν
3150 4435 3377 4488 πυκτίον
3406 4434 3465 4488 τὸ
3494 4433 3600 4486 πᾶν
3624 4433 3726 4502 τῆς

469 4522 778 4592 oppressit;
821 4537 944 4575 nam
982 4523 1152 4590 piscis
1193 4522 1405 4593 glutino
1448 4538 1640 4580 omnes
1693 4526 1934 4583 illinens.
1965 4527 2039 4581 ita

471 4614 664 4669 folium
695 4612 827 4668 folio
867 4616 1186 4678 connexuit,
1219 4625 1275 4669 ut
1305 4632 1429 4670 cum
1474 4632 1601 4687 pars
1638 4632 1744 4672 una
1770 4618 1841 4674 ab
1871 4620 2040 4674 altera

468 4707 543 4762 ob
577 4705 786 4761 ﬁrmam
817 4706 1262 4775 ceujunctionem
1303 4708 1461 4777 plane
1505 4711 1717 4779 sejungi
1766 4711 2040 4782 nequiret,

470 4799 526 4855 in
561 4813 722 4854 unam
753 4799 909 4869 quasi
950 4800 1192 4854 tabulam
1229 4799 1428 4870 singuli
1463 4801 1584 4854 libri
1611 4814 1937 4871 apparerent
1957 4818 2041 4858 re-

471 4889 638 4945 dacti.
664 4887 861 4960 Sicque
897 4905 993 4944 eos
1041 4891 1278 4952 mulieri,
1313 4907 1343 4945 a
1377 4906 1483 4960 qua
1512 4894 1856 4948 commodato
1893 4909 2045 4949 acce-

471 4989 646 5051 perat,
676 4980 912 5036 reddidit
939 5000 951 5036 :
982 4997 1103 5052 qua:
1131 4982 1350 5052 quidem
1380 4982 1598 5036 artificii
1643 4983 1933 5050 ejnsinodi,
1965 4988 2042 5040 uti
2077 5027 2079 5029 .

2149 4529 2330 4604 βίϐλου
2359 4529 2780 4599 κατειργάσατο,
2805 4529 3028 4600 θάτερον
3061 4530 3220 4600 μέρος
3242 4527 3470 4598 θατέρου
3497 4525 3724 4579 διασπα-

2149 4623 2341 4693 σθῆναι
2356 4622 2460 4675 ὑπὸ
2484 4621 2576 4674 τοῦ
2596 4620 2826 4692 σφοδροῦ
2844 4620 3138 4692 συνδέσμου
3161 4619 3236 4690 μὴ
3255 4617 3719 4690 συγχωρούμενον.

2147 4713 2334 4777 Οὕτως
2357 4715 2476 4777 ταῖς
2515 4713 2636 4766 δυσὶ
2667 4712 3063 4782 τεχνασάμενος
3095 4710 3330 4781 βίϐλοις,
3369 4713 3435 4782 τῇ
3473 4710 3724 4782 χρησάσῃ

2151 4806 2312 4860 πάλιν
2360 4805 2772 4859 ἀνταπέδωκεν·
2823 4805 2880 4876 ἢ,
2934 4800 3023 4859 οἷα
3074 4804 3233 4876 γυνὴ,
3267 4804 3360 4857 καὶ
3390 4803 3498 4856 τῶν
3544 4802 3723 4870 σοφῶν

2149 4899 2373 4967 ἄπειρος
2401 4897 2708 4967 νοημάτων,
2735 4896 2834 4966 τὴν
2884 4895 3146 4967 πρόσοψιν
3173 4894 3378 4948 τούτων
3411 4892 3557 4947 σώαν
3597 4894 3722 4945 θεα-

2150 4989 2379 5059 σαμένη,
2412 4989 2540 5060 περὶ
2560 4987 2653 5040 τοῦ
2695 4986 2890 5057 βάθους
2918 4988 3017 5041 οὐκ
3042 4986 3486 5059 ἡκριϐολόγησεν.

472 5075 688 5139 mulier,
717 5076 1066 5146 ignara,cum
1103 5074 1334 5128 formam
1369 5077 1687 5130 earumdem
1713 5080 2042 5135 exteriorem
2108 5083 2311 5140 salvam
2349 5091 2625 5147 cerneret,
2675 5082 2808 5152 quid
2860 5081 3198 5138 intrinsecus
3259 5089 3443 5145 esset,
3485 5078 3720 5148 diligen-

475 5165 585 5220 tius
617 5165 888 5236 inspicere
917 5167 1172 5237 neglexit.

547 5254 672 5308 Dies
699 5271 827 5309 vero
847 5256 990 5309 haud
1022 5258 1096 5310 ita
1120 5257 1274 5311 multi
1299 5257 1470 5327 elapsi
1504 5267 1680 5323 erant,
1714 5275 1838 5316 cmn
1861 5264 2046 5317 ortho-

475 5345 638 5401 doxis
666 5345 995 5414 quibusdam
1030 5347 1207 5403 defert
1242 5358 1472 5405 sanctus
1510 5365 1702 5413 senex,
1747 5363 1805 5407 ut
1846 5355 2050 5422 Apolli-

476 5432 691 5485 narium
738 5432 1006 5496 accirent,
1037 5443 1091 5490 et
1121 5451 1246 5490 cum
1284 5451 1351 5491 eo
1390 5453 1676 5495 sermones
1710 5444 2044 5499 conferrent.

477 5522 534 5578 In
558 5521 826 5594 judicium
868 5524 1053 5596 itaque
1085 5537 1333 5594 vocatus,
1381 5530 1562 5600 impiis
1595 5533 1702 5588 illis
1751 5535 1902 5592 libris
1940 5535 2049 5593 fre-

556 5709 601 5742 "
632 5706 768 5765 Gen.
796 5725 922 5775 xxv,
956 5711 1058 5781 25;
1083 5727 1248 5776 xxvii,
1299 5712 1315 5764 l
1345 5727 1469 5780 sqq.

2228 5259 2484 5330 Ἦμερῶν
2505 5259 2562 5312 δὲ
2601 5260 2661 5312 οὑ
2693 5259 2833 5313 πάνυ
2867 5257 3076 5328 συχνῶν
3103 5257 3448 5321 διελθουσῶν,
3479 5257 3592 5312 τισὶ
3614 5259 3722 5312 τῶν

2145 5351 2439 5424 ὀρθοδόξων
2475 5348 2795 5422 ὑποτίθησιν
2823 5353 2852 5404 δ
2877 5350 3019 5414 θεῖος
3048 5349 3360 5421 πρεσϐύτης
3383 5389 3397 5410 ,
3423 5349 3516 5405 τὸν
3549 5349 3719 5420 ἀσεδῆ

2146 5444 2370 5497 καλέσαι
2411 5443 2779 5514 ’Λπολινάριον
2807 5443 3208 5514 διαλεξόμενον.
3245 5445 3301 5497 Ὁ
3326 5444 3382 5497 δὲ
3420 5444 3518 5514 τὴν
3557 5443 3721 5514 πρόσ-

2144 5536 2337 5608 κλησιν
2379 5535 2702 5608 δεξάμενος,
2746 5537 2840 5590 καὶ
2901 5538 3021 5599 ταῖς
3067 5535 3251 5601 ἀθέοις
3307 5536 3473 5592 αὑτοῦ
3517 5535 3723 5608 βίϐλοις
