  <div class='ocr_page' id='page_1' title='image "/cluster/home/n/w/nwhite01/storage/ocr_20150623/46/nnc1.0046978380/428.png"; bbox 0 0 4132 6356; ppageno 0'>
   <div class='ocr_carea' id='block_1_1' title="bbox 411 355 510 415">
    <p class='ocr_par' dir='ltr' id='par_1_1' title="bbox 411 355 510 415">
     <span class='ocr_line' id='line_1_1' title="bbox 411 355 510 415; baseline -0.02 0"><span class='ocrx_word' id='word_1_1' title='bbox 411 355 510 415; x_wconf 64' lang='lat' dir='ltr'><strong>9H</strong></span> 
     </span>
    </p>
   </div>
   <div class='ocr_carea' id='block_1_2' title="bbox 1436 367 2674 438">
    <p class='ocr_par' dir='ltr' id='par_1_2' title="bbox 1436 367 2674 438">
     <span class='ocr_line' id='line_1_2' title="bbox 1436 367 2674 438; baseline 0.013 -17"><span class='ocrx_word' id='word_1_2' title='bbox 1436 367 1526 424; x_wconf 84' lang='lat' dir='ltr'><strong>DE</strong></span> <span class='ocrx_word' id='word_1_3' title='bbox 1559 370 1722 428; x_wconf 80' lang='lat' dir='ltr'><strong>VITA</strong></span> <span class='ocrx_word' id='word_1_4' title='bbox 1763 371 1820 427; x_wconf 88' lang='lat' dir='ltr'><strong>S.</strong></span> <span class='ocrx_word' id='word_1_5' title='bbox 1863 370 2116 429; x_wconf 71' lang='lat' dir='ltr'><strong>PATRIS</strong></span> <span class='ocrx_word' id='word_1_6' title='bbox 2155 373 2458 433; x_wconf 71' lang='grc' dir='ltr'><strong>ΕΡΙΠὶᾹΞΜ</strong></span> <span class='ocrx_word' id='word_1_7' title='bbox 2493 379 2674 438; x_wconf 73' lang='grc' dir='ltr'>εγιιι.</span> 
     </span>
    </p>
   </div>
   <div class='ocr_carea' id='block_1_3' title="bbox 3557 396 3662 453">
    <p class='ocr_par' dir='ltr' id='par_1_3' title="bbox 3557 396 3662 453">
     <span class='ocr_line' id='line_1_3' title="bbox 3557 396 3662 453; baseline 0.029 -3"><span class='ocrx_word' id='word_1_8' title='bbox 3557 396 3662 453; x_wconf 69' lang='grc'><strong>842</strong></span> 
     </span>
    </p>
   </div>
   <div class='ocr_carea' id='block_1_4' title="bbox 408 470 1957 585">
    <p class='ocr_par' dir='ltr' id='par_1_4' title="bbox 408 470 1957 556">
     <span class='ocr_line' id='line_1_4' title="bbox 408 470 1957 556; baseline 0.012 -32"><span class='ocrx_word' id='word_1_9' title='bbox 408 470 651 543; x_wconf 77' lang='grc' dir='ltr'>θαρῥῶν,</span> <span class='ocrx_word' id='word_1_10' title='bbox 683 475 761 536; x_wconf 84' lang='grc' dir='ltr'><strong>είς</strong></span> <span class='ocrx_word' id='word_1_11' title='bbox 791 473 890 546; x_wconf 77' lang='grc' dir='ltr'><strong>τὴν</strong></span> <span class='ocrx_word' id='word_1_12' title='bbox 919 476 1112 546; x_wconf 80' lang='grc' dir='ltr'><strong>κυρίαν</strong></span> <span class='ocrx_word' id='word_1_13' title='bbox 1137 478 1420 552; x_wconf 72' lang='grc' dir='ltr'>ἀπήντησε</span> <span class='ocrx_word' id='word_1_14' title='bbox 1453 523 1468 546; x_wconf 90' lang='grc'><strong>,</strong></span> <span class='ocrx_word' id='word_1_15' title='bbox 1515 488 1607 539; x_wconf 82' lang='grc' dir='ltr'><strong>καὶ</strong></span> <span class='ocrx_word' id='word_1_16' title='bbox 1645 487 1957 556; x_wconf 84' lang='grc' dir='ltr'>διαλέγεσθα</span> 
     </span>
    </p>
   </div>
   <div class='ocr_carea' id='block_1_5' title="bbox 2055 470 3662 585">
    <p class='ocr_par' dir='ltr' id='par_1_5' title="bbox 2055 492 3662 585">
     <span class='ocr_line' id='line_1_5' title="bbox 2055 492 3662 585; baseline 0.019 -45"><span class='ocrx_word' id='word_1_17' title='bbox 2055 555 2060 568; x_wconf 26' lang='grc' dir='ltr'>λ</span> <span class='ocrx_word' id='word_1_18' title='bbox 2093 497 2202 555; x_wconf 89' lang='lat' dir='ltr'><strong>tus,</strong></span> <span class='ocrx_word' id='word_1_19' title='bbox 2235 492 2301 545; x_wconf 88' lang='lat' dir='ltr'><strong>ad</strong></span> <span class='ocrx_word' id='word_1_20' title='bbox 2355 502 2557 548; x_wconf 85' lang='lat' dir='ltr'><strong>statum</strong></span> <span class='ocrx_word' id='word_1_21' title='bbox 2584 497 2726 552; x_wconf 83' lang='lat' dir='ltr'><strong>diem</strong></span> <span class='ocrx_word' id='word_1_22' title='bbox 2762 495 2926 563; x_wconf 81' lang='lat' dir='ltr'><strong>venit,</strong></span> <span class='ocrx_word' id='word_1_23' title='bbox 2969 516 3033 556; x_wconf 91' lang='lat' dir='ltr'><strong>ac</strong></span> <span class='ocrx_word' id='word_1_24' title='bbox 3073 503 3257 561; x_wconf 80' lang='lat' dir='ltr'><strong>dicere</strong></span> <span class='ocrx_word' id='word_1_25' title='bbox 3297 505 3515 578; x_wconf 70' lang='lat' dir='ltr'><strong>quidem</strong></span> <span class='ocrx_word' id='word_1_26' title='bbox 3564 531 3662 585; x_wconf 85' lang='lat' dir='ltr'><strong>pro</strong></span> 
     </span>
    </p>
   </div>
   <div class='ocr_carea' id='block_1_6' title="bbox 411 561 1979 647">
    <p class='ocr_par' dir='ltr' id='par_1_6' title="bbox 411 561 1979 647">
     <span class='ocr_line' id='line_1_6' title="bbox 411 561 1979 647; baseline 0.013 -34"><span class='ocrx_word' id='word_1_27' title='bbox 411 561 513 632; x_wconf 73' lang='grc' dir='ltr'>μὲν</span> <span class='ocrx_word' id='word_1_28' title='bbox 552 563 717 627; x_wconf 84' lang='grc' dir='ltr'>αὐτὸς</span> <span class='ocrx_word' id='word_1_29' title='bbox 744 566 820 628; x_wconf 87' lang='grc' dir='ltr'>ὡς</span> <span class='ocrx_word' id='word_1_30' title='bbox 855 567 1004 638; x_wconf 63' lang='grc' dir='ltr'>γήρᾳ.</span> <span class='ocrx_word' id='word_1_31' title='bbox 1031 572 1352 640; x_wconf 80' lang='grc' dir='ltr'>τρυχωθεὶς,</span> <span class='ocrx_word' id='word_1_32' title='bbox 1391 575 1712 647; x_wconf 81' lang='grc' dir='ltr'><strong>ἀπηνήνατο</strong></span> <span class='ocrx_word' id='word_1_33' title='bbox 1731 595 1745 609; x_wconf 75' lang='grc' dir='ltr'>ο</span> <span class='ocrx_word' id='word_1_34' title='bbox 1779 580 1875 644; x_wconf 82' lang='grc' dir='ltr'>τὰς</span> <span class='ocrx_word' id='word_1_35' title='bbox 1901 582 1979 633; x_wconf 86' lang='grc' dir='ltr'><strong>οἰ-</strong></span> 
     </span>
    </p>
   </div>
   <div class='ocr_carea' id='block_1_7' title="bbox 409 652 1984 734">
    <p class='ocr_par' dir='ltr' id='par_1_7' title="bbox 409 652 1984 734">
     <span class='ocr_line' id='line_1_7' title="bbox 409 652 1984 734; baseline 0.013 -26"><span class='ocrx_word' id='word_1_36' title='bbox 409 652 567 717; x_wconf 88' lang='grc' dir='ltr'>κείας</span> <span class='ocrx_word' id='word_1_37' title='bbox 615 656 833 724; x_wconf 85' lang='grc' dir='ltr'>βίϐλους</span> <span class='ocrx_word' id='word_1_38' title='bbox 885 664 1358 734; x_wconf 66' lang='grc' dir='ltr'><strong>προκομισθῆναι,</strong></span> <span class='ocrx_word' id='word_1_39' title='bbox 1394 667 1488 720; x_wconf 77' lang='grc' dir='ltr'><strong>καὶ</strong></span> <span class='ocrx_word' id='word_1_40' title='bbox 1527 668 1594 722; x_wconf 88' lang='grc' dir='ltr'>δι’</span> <span class='ocrx_word' id='word_1_41' title='bbox 1632 671 1811 726; x_wconf 85' lang='grc' dir='ltr'>αὐτῶν</span> <span class='ocrx_word' id='word_1_42' title='bbox 1847 675 1984 726; x_wconf 87' lang='grc' dir='ltr'>ἀπο-</span> 
     </span>
    </p>
   </div>
   <div class='ocr_carea' id='block_1_8' title="bbox 407 748 1982 826">
    <p class='ocr_par' dir='ltr' id='par_1_8' title="bbox 407 748 1982 826">
     <span class='ocr_line' id='line_1_8' title="bbox 407 748 1982 826; baseline 0.013 -28"><span class='ocrx_word' id='word_1_43' title='bbox 407 748 694 816; x_wconf 85' lang='grc' dir='ltr'>κρίνασθαι</span> <span class='ocrx_word' id='word_1_44' title='bbox 728 751 823 804; x_wconf 78' lang='grc' dir='ltr'><strong>καὶ</strong></span> <span class='ocrx_word' id='word_1_45' title='bbox 877 752 1184 823; x_wconf 76' lang='grc' dir='ltr'><strong>ἀντιλέγειν</strong></span> <span class='ocrx_word' id='word_1_46' title='bbox 1215 756 1392 826; x_wconf 80' lang='grc' dir='ltr'>ἠξίου.</span> <span class='ocrx_word' id='word_1_47' title='bbox 1435 760 1522 824; x_wconf 83' lang='grc' dir='ltr'>Ὦς</span> <span class='ocrx_word' id='word_1_48' title='bbox 1569 758 1664 816; x_wconf 83' lang='grc' dir='ltr'><strong>οὖν</strong></span> <span class='ocrx_word' id='word_1_49' title='bbox 1705 765 1755 816; x_wconf 79' lang='grc' dir='ltr'><strong>οἱ</strong></span> <span class='ocrx_word' id='word_1_50' title='bbox 1793 767 1982 819; x_wconf 85' lang='grc' dir='ltr'>τούτου</span> 
     </span>
    </p>
   </div>
   <div class='ocr_carea' id='block_1_9' title="bbox 408 839 1984 923">
    <p class='ocr_par' dir='ltr' id='par_1_9' title="bbox 408 839 1984 923">
     <span class='ocr_line' id='line_1_9' title="bbox 408 839 1984 923; baseline 0.014 -34"><span class='ocrx_word' id='word_1_51' title='bbox 408 839 725 910; x_wconf 85' lang='grc' dir='ltr'>συμμύσται</span> <span class='ocrx_word' id='word_1_52' title='bbox 765 843 866 907; x_wconf 84' lang='grc' dir='ltr'>τὰς</span> <span class='ocrx_word' id='word_1_53' title='bbox 900 843 1115 914; x_wconf 88' lang='grc' dir='ltr'>βίϐλους</span> <span class='ocrx_word' id='word_1_54' title='bbox 1152 849 1436 920; x_wconf 84' lang='grc' dir='ltr'>ἐκόμισαν,</span> <span class='ocrx_word' id='word_1_55' title='bbox 1477 855 1727 923; x_wconf 83' lang='grc' dir='ltr'><strong>μεγάλως</strong></span> <span class='ocrx_word' id='word_1_56' title='bbox 1761 857 1846 909; x_wconf 83' lang='grc' dir='ltr'>ἐπ’</span> <span class='ocrx_word' id='word_1_57' title='bbox 1885 859 1984 911; x_wconf 79' lang='grc' dir='ltr'><strong>αὖ·</strong></span> 
     </span>
    </p>
   </div>
   <div class='ocr_carea' id='block_1_10' title="bbox 405 929 1983 1013">
    <p class='ocr_par' dir='ltr' id='par_1_10' title="bbox 405 929 1983 1013">
     <span class='ocr_line' id='line_1_10' title="bbox 405 929 1983 1013; baseline 0.012 -34"><span class='ocrx_word' id='word_1_58' title='bbox 405 931 524 990; x_wconf 82' lang='grc' dir='ltr'>ταῖς</span> <span class='ocrx_word' id='word_1_59' title='bbox 569 929 947 1002; x_wconf 83' lang='grc' dir='ltr'><strong>βρενθυόμενοι</strong></span> <span class='ocrx_word' id='word_1_60' title='bbox 971 953 986 967; x_wconf 78' lang='grc' dir='ltr'><strong><em>ο</em></strong></span> <span class='ocrx_word' id='word_1_61' title='bbox 1019 935 1198 989; x_wconf 89' lang='grc' dir='ltr'>λαϐὼν</span> <span class='ocrx_word' id='word_1_62' title='bbox 1235 939 1440 1005; x_wconf 83' lang='grc' dir='ltr'>ἐκεῖνος</span> <span class='ocrx_word' id='word_1_63' title='bbox 1470 943 1499 994; x_wconf 89' lang='lat'><strong>6</strong></span> <span class='ocrx_word' id='word_1_64' title='bbox 1532 942 1983 1013; x_wconf 83' lang='grc' dir='ltr'><strong>πεπαλαιωμένος</strong></span> 
     </span>
    </p>
   </div>
   <div class='ocr_carea' id='block_1_11' title="bbox 407 1020 1981 1104">
    <p class='ocr_par' dir='ltr' id='par_1_11' title="bbox 407 1020 1981 1104">
     <span class='ocr_line' id='line_1_11' title="bbox 407 1020 1981 1104; baseline 0.011 -33"><span class='ocrx_word' id='word_1_65' title='bbox 407 1020 590 1073; x_wconf 80' lang='grc' dir='ltr'>κακῶν</span> <span class='ocrx_word' id='word_1_66' title='bbox 619 1023 840 1094; x_wconf 82' lang='grc' dir='ltr'>ἡμερῶν</span> <span class='ocrx_word' id='word_1_67' title='bbox 871 1026 970 1095; x_wconf 84' lang='grc' dir='ltr'>τῆς</span> <span class='ocrx_word' id='word_1_68' title='bbox 997 1026 1208 1091; x_wconf 82' lang='grc' dir='ltr'><strong>ἀδικίας</strong></span> <span class='ocrx_word' id='word_1_69' title='bbox 1235 1031 1446 1102; x_wconf 75' lang='grc' dir='ltr'>κριτὴς,</span> <span class='ocrx_word' id='word_1_70' title='bbox 1478 1033 1577 1102; x_wconf 81' lang='grc' dir='ltr'><strong>τὴν</strong></span> <span class='ocrx_word' id='word_1_71' title='bbox 1619 1034 1748 1103; x_wconf 81' lang='grc' dir='ltr'>μίαν</span> <span class='ocrx_word' id='word_1_72' title='bbox 1784 1034 1981 1104; x_wconf 88' lang='grc' dir='ltr'>βίϐλων</span> 
     </span>
    </p>
   </div>
   <div class='ocr_carea' id='block_1_12' title="bbox 403 1112 1978 1198">
    <p class='ocr_par' dir='ltr' id='par_1_12' title="bbox 403 1112 1978 1198">
     <span class='ocr_line' id='line_1_12' title="bbox 403 1112 1978 1198; baseline 0.01 -36"><span class='ocrx_word' id='word_1_73' title='bbox 403 1112 708 1176; x_wconf 79' lang='grc' dir='ltr'>ἀναπτύξαι</span> <span class='ocrx_word' id='word_1_74' title='bbox 741 1115 1034 1186; x_wconf 83' lang='grc' dir='ltr'>ἐπεχείρει.</span> <span class='ocrx_word' id='word_1_75' title='bbox 1081 1118 1170 1181; x_wconf 86' lang='grc' dir='ltr'>Ὦς</span> <span class='ocrx_word' id='word_1_76' title='bbox 1213 1120 1269 1173; x_wconf 77' lang='grc' dir='ltr'>δὲ</span> <span class='ocrx_word' id='word_1_77' title='bbox 1300 1123 1401 1174; x_wconf 73' lang='grc' dir='ltr'>οὐκ</span> <span class='ocrx_word' id='word_1_78' title='bbox 1437 1123 1666 1177; x_wconf 83' lang='grc' dir='ltr'><strong>ἐνεδίδου</strong></span> <span class='ocrx_word' id='word_1_79' title='bbox 1705 1129 1771 1197; x_wconf 80' lang='grc' dir='ltr'>τῇ</span> <span class='ocrx_word' id='word_1_80' title='bbox 1817 1127 1978 1198; x_wconf 83' lang='grc' dir='ltr'>κόλλῃ</span> 
     </span>
    </p>
   </div>
   <div class='ocr_carea' id='block_1_13' title="bbox 402 1202 1974 1288">
    <p class='ocr_par' dir='ltr' id='par_1_13' title="bbox 402 1202 1974 1288">
     <span class='ocr_line' id='line_1_13' title="bbox 402 1202 1974 1288; baseline 0.012 -35"><span class='ocrx_word' id='word_1_81' title='bbox 402 1202 708 1267; x_wconf 77' lang='grc' dir='ltr'><strong>πιεσθεῖσα,</strong></span> <span class='ocrx_word' id='word_1_82' title='bbox 732 1208 859 1276; x_wconf 77' lang='grc' dir='ltr'>περὶ</span> <span class='ocrx_word' id='word_1_83' title='bbox 880 1207 942 1260; x_wconf 80' lang='grc' dir='ltr'>τὸ</span> <span class='ocrx_word' id='word_1_84' title='bbox 969 1209 1134 1278; x_wconf 82' lang='grc' dir='ltr'>μέσον</span> <span class='ocrx_word' id='word_1_85' title='bbox 1164 1211 1368 1283; x_wconf 90' lang='grc' dir='ltr'>ταύτης</span> <span class='ocrx_word' id='word_1_86' title='bbox 1383 1214 1480 1285; x_wconf 78' lang='grc' dir='ltr'><strong>τὴν</strong></span> <span class='ocrx_word' id='word_1_87' title='bbox 1504 1215 1678 1288; x_wconf 81' lang='grc' dir='ltr'>ὁρμὴν</span> <span class='ocrx_word' id='word_1_88' title='bbox 1708 1219 1940 1271; x_wconf 81' lang='grc' dir='ltr'>ἐποιεῖτο</span> <span class='ocrx_word' id='word_1_89' title='bbox 1961 1234 1974 1246; x_wconf 90' lang='grc'><strong>·</strong></span> 
     </span>
    </p>
   </div>
   <div class='ocr_carea' id='block_1_14' title="bbox 402 1291 1977 1378">
    <p class='ocr_par' dir='ltr' id='par_1_14' title="bbox 402 1291 1977 1378">
     <span class='ocr_line' id='line_1_14' title="bbox 402 1291 1977 1378; baseline 0.011 -33"><span class='ocrx_word' id='word_1_90' title='bbox 402 1293 436 1362; x_wconf 78' lang='grc' dir='ltr'>ἡ</span> <span class='ocrx_word' id='word_1_91' title='bbox 465 1293 521 1346; x_wconf 78' lang='grc' dir='ltr'>δὲ</span> <span class='ocrx_word' id='word_1_92' title='bbox 551 1294 754 1364; x_wconf 80' lang='grc' dir='ltr'>ὁμοίως</span> <span class='ocrx_word' id='word_1_93' title='bbox 787 1291 853 1366; x_wconf 75' lang='grc' dir='ltr'><strong>ἦν</strong></span> <span class='ocrx_word' id='word_1_94' title='bbox 892 1298 1298 1373; x_wconf 85' lang='grc' dir='ltr'>ἀνεπτυγμένη.</span> <span class='ocrx_word' id='word_1_95' title='bbox 1343 1304 1431 1366; x_wconf 86' lang='grc' dir='ltr'>Ὠς</span> <span class='ocrx_word' id='word_1_96' title='bbox 1467 1305 1596 1372; x_wconf 73' lang='grc' dir='ltr'>γοῦν</span> <span class='ocrx_word' id='word_1_97' title='bbox 1622 1307 1721 1376; x_wconf 84' lang='grc' dir='ltr'>τῆς</span> <span class='ocrx_word' id='word_1_98' title='bbox 1754 1307 1977 1378; x_wconf 85' lang='grc' dir='ltr'>πρώτης</span> 
     </span>
    </p>
   </div>
   <div class='ocr_carea' id='block_1_15' title="bbox 399 1385 1976 1474">
    <p class='ocr_par' dir='ltr' id='par_1_15' title="bbox 399 1385 1976 1474">
     <span class='ocr_line' id='line_1_15' title="bbox 399 1385 1976 1474; baseline 0.011 -39"><span class='ocrx_word' id='word_1_99' title='bbox 399 1385 720 1455; x_wconf 74' lang='grc' dir='ltr'>ἠστόχησεν,</span> <span class='ocrx_word' id='word_1_100' title='bbox 748 1388 844 1440; x_wconf 74' lang='grc' dir='ltr'><strong>ἐπὶ</strong></span> <span class='ocrx_word' id='word_1_101' title='bbox 867 1389 966 1458; x_wconf 83' lang='grc' dir='ltr'>τὴν</span> <span class='ocrx_word' id='word_1_102' title='bbox 991 1391 1250 1463; x_wconf 80' lang='grc' dir='ltr'>δευτέραν</span> <span class='ocrx_word' id='word_1_103' title='bbox 1278 1393 1462 1447; x_wconf 85' lang='grc' dir='ltr'>λοιπὸν</span> <span class='ocrx_word' id='word_1_104' title='bbox 1495 1396 1761 1474; x_wconf 75' lang='grc' dir='ltr'>ἐχῲρησε,</span> <span class='ocrx_word' id='word_1_105' title='bbox 1790 1399 1882 1452; x_wconf 60' lang='grc' dir='ltr'><strong>καὶ⁸</strong></span> <span class='ocrx_word' id='word_1_106' title='bbox 1912 1399 1976 1471; x_wconf 81' lang='grc' dir='ltr'>δὴ</span> 
     </span>
    </p>
   </div>
   <div class='ocr_carea' id='block_1_16' title="bbox 400 1475 1974 1552">
    <p class='ocr_par' dir='ltr' id='par_1_16' title="bbox 400 1475 1974 1552">
     <span class='ocr_line' id='line_1_16' title="bbox 400 1475 1974 1552; baseline 0.011 -26"><span class='ocrx_word' id='word_1_107' title='bbox 400 1475 495 1527; x_wconf 72' lang='grc' dir='ltr'>καὶ</span> <span class='ocrx_word' id='word_1_108' title='bbox 527 1475 700 1546; x_wconf 74' lang='grc' dir='ltr'>αὐτὴν</span> <span class='ocrx_word' id='word_1_109' title='bbox 736 1477 864 1548; x_wconf 78' lang='grc' dir='ltr'>ὅλην</span> <span class='ocrx_word' id='word_1_110' title='bbox 908 1480 1218 1552; x_wconf 85' lang='grc' dir='ltr'>ἀδιαίρετον</span> <span class='ocrx_word' id='word_1_111' title='bbox 1261 1485 1356 1537; x_wconf 78' lang='grc' dir='ltr'><strong>καὶ</strong></span> <span class='ocrx_word' id='word_1_112' title='bbox 1400 1485 1620 1550; x_wconf 83' lang='grc' dir='ltr'>πάντως</span> <span class='ocrx_word' id='word_1_113' title='bbox 1651 1488 1974 1543; x_wconf 82' lang='grc' dir='ltr'>ἀνύπεικτον</span> 
     </span>
    </p>
   </div>
   <div class='ocr_carea' id='block_1_17' title="bbox 399 1565 1971 1652">
    <p class='ocr_par' dir='ltr' id='par_1_17' title="bbox 399 1565 1971 1652">
     <span class='ocr_line' id='line_1_17' title="bbox 399 1565 1971 1652; baseline 0.013 -36"><span class='ocrx_word' id='word_1_114' title='bbox 399 1565 650 1631; x_wconf 82' lang='grc' dir='ltr'>κατιδὼν,</span> <span class='ocrx_word' id='word_1_115' title='bbox 691 1570 756 1638; x_wconf 82' lang='grc' dir='ltr'>τῇ</span> <span class='ocrx_word' id='word_1_116' title='bbox 791 1569 889 1638; x_wconf 78' lang='grc' dir='ltr'>μὲν</span> <span class='ocrx_word' id='word_1_117' title='bbox 911 1571 1140 1644; x_wconf 77' lang='grc' dir='ltr'>αἰσχύνῃ</span> <span class='ocrx_word' id='word_1_118' title='bbox 1173 1574 1236 1626; x_wconf 85' lang='grc' dir='ltr'>τὸ</span> <span class='ocrx_word' id='word_1_119' title='bbox 1262 1575 1556 1646; x_wconf 86' lang='grc' dir='ltr'>πρόσωπον</span> <span class='ocrx_word' id='word_1_120' title='bbox 1581 1577 1845 1650; x_wconf 73' lang='grc' dir='ltr'>ἠλλοιώθη</span> <span class='ocrx_word' id='word_1_121' title='bbox 1863 1597 1876 1610; x_wconf 91' lang='grc'><strong>·</strong></span> <span class='ocrx_word' id='word_1_122' title='bbox 1910 1585 1971 1652; x_wconf 81' lang='grc' dir='ltr'>τῇ</span> 
     </span>
    </p>
   </div>
   <div class='ocr_carea' id='block_1_18' title="bbox 397 1654 1972 1739">
    <p class='ocr_par' dir='ltr' id='par_1_18' title="bbox 397 1654 1972 1739">
     <span class='ocr_line' id='line_1_18' title="bbox 397 1654 1972 1739; baseline 0.011 -34"><span class='ocrx_word' id='word_1_123' title='bbox 397 1654 602 1726; x_wconf 71' lang='grc' dir='ltr'>ἀπορίᾳ</span> <span class='ocrx_word' id='word_1_124' title='bbox 644 1655 701 1709; x_wconf 82' lang='grc' dir='ltr'>δὲ</span> <span class='ocrx_word' id='word_1_125' title='bbox 724 1698 738 1722; x_wconf 91' lang='grc'><strong>,</strong></span> <span class='ocrx_word' id='word_1_126' title='bbox 768 1659 866 1729; x_wconf 80' lang='grc' dir='ltr'><strong>τὴν</strong></span> <span class='ocrx_word' id='word_1_127' title='bbox 895 1659 1072 1732; x_wconf 77' lang='grc' dir='ltr'>ψυχὴν</span> <span class='ocrx_word' id='word_1_128' title='bbox 1113 1663 1408 1735; x_wconf 79' lang='grc' dir='ltr'><strong>ἐξεπλάγη,</strong></span> <span class='ocrx_word' id='word_1_129' title='bbox 1440 1667 1535 1719; x_wconf 79' lang='grc' dir='ltr'>καὶ</span> <span class='ocrx_word' id='word_1_130' title='bbox 1567 1667 1658 1720; x_wconf 79' lang='grc' dir='ltr'>τοῦ</span> <span class='ocrx_word' id='word_1_131' title='bbox 1699 1668 1972 1739; x_wconf 82' lang='grc' dir='ltr'>συνεδρίου</span> 
     </span>
    </p>
   </div>
   <div class='ocr_carea' id='block_1_19' title="bbox 398 1747 1974 1832">
    <p class='ocr_par' dir='ltr' id='par_1_19' title="bbox 398 1747 1974 1832">
     <span class='ocr_line' id='line_1_19' title="bbox 398 1747 1974 1832; baseline 0.009 -35"><span class='ocrx_word' id='word_1_132' title='bbox 398 1747 685 1819; x_wconf 55' lang='grc' dir='ltr'>ῃορισοεὶς</span> <span class='ocrx_word' id='word_1_133' title='bbox 716 1749 744 1800; x_wconf 98' lang='lat'><strong>6</strong></span> <span class='ocrx_word' id='word_1_134' title='bbox 774 1753 1066 1832; x_wconf 65' lang='grc' dir='ltr'>παραπλῂξ</span> <span class='ocrx_word' id='word_1_135' title='bbox 1111 1756 1319 1828; x_wconf 76' lang='grc' dir='ltr'>ἀθυμίᾳ</span> <span class='ocrx_word' id='word_1_136' title='bbox 1362 1758 1454 1810; x_wconf 78' lang='grc' dir='ltr'><strong>καὶ</strong></span> <span class='ocrx_word' id='word_1_137' title='bbox 1484 1758 1625 1829; x_wconf 85' lang='grc' dir='ltr'>νόσῳ</span> <span class='ocrx_word' id='word_1_138' title='bbox 1646 1799 1662 1822; x_wconf 94' lang='grc'><strong>,</strong></span> <span class='ocrx_word' id='word_1_139' title='bbox 1708 1761 1797 1813; x_wconf 78' lang='grc' dir='ltr'><strong>καὶ</strong></span> <span class='ocrx_word' id='word_1_140' title='bbox 1819 1760 1974 1824; x_wconf 80' lang='grc' dir='ltr'>τέλος</span> 
     </span>
    </p>
   </div>
   <div class='ocr_carea' id='block_1_20' title="bbox 397 1837 1752 1918">
    <p class='ocr_par' dir='ltr' id='par_1_20' title="bbox 397 1837 1752 1918">
     <span class='ocr_line' id='line_1_20' title="bbox 397 1837 1752 1918; baseline 0.012 -29"><span class='ocrx_word' id='word_1_141' title='bbox 397 1837 613 1910; x_wconf 79' lang='grc' dir='ltr'>θανάτῳ</span> <span class='ocrx_word' id='word_1_142' title='bbox 649 1843 1012 1912; x_wconf 80' lang='grc' dir='ltr'>προσήγγισε,</span> <span class='ocrx_word' id='word_1_143' title='bbox 1047 1846 1147 1917; x_wconf 76' lang='grc' dir='ltr'>τὴν</span> <span class='ocrx_word' id='word_1_144' title='bbox 1182 1847 1338 1918; x_wconf 79' lang='grc' dir='ltr'>ὓϐριν</span> <span class='ocrx_word' id='word_1_145' title='bbox 1363 1850 1462 1901; x_wconf 81' lang='grc' dir='ltr'>οὐκ</span> <span class='ocrx_word' id='word_1_146' title='bbox 1493 1849 1752 1916; x_wconf 79' lang='grc' dir='ltr'><strong>ἐνεγκὼν.</strong></span> 
     </span>
    </p>
   </div>
   <div class='ocr_carea' id='block_1_21' title="bbox 2089 581 3661 673">
    <p class='ocr_par' dir='ltr' id='par_1_21' title="bbox 2089 581 3661 673">
     <span class='ocr_line' id='line_1_21' title="bbox 2089 581 3661 673; baseline 0.017 -42"><span class='ocrx_word' id='word_1_147' title='bbox 2089 593 2168 640; x_wconf 82' lang='lat' dir='ltr'><strong>se,</strong></span> <span class='ocrx_word' id='word_1_148' title='bbox 2209 581 2352 649; x_wconf 87' lang='lat' dir='ltr'><strong>quod</strong></span> <span class='ocrx_word' id='word_1_149' title='bbox 2396 586 2552 652; x_wconf 82' lang='lat' dir='ltr'><strong>gravi</strong></span> <span class='ocrx_word' id='word_1_150' title='bbox 2583 584 2695 654; x_wconf 89' lang='lat' dir='ltr'><strong>jam</strong></span> <span class='ocrx_word' id='word_1_151' title='bbox 2737 598 3075 656; x_wconf 71' lang='lat' dir='ltr'><strong>premeretur</strong></span> <span class='ocrx_word' id='word_1_152' title='bbox 3109 595 3286 658; x_wconf 85' lang='lat' dir='ltr'><strong>senio,</strong></span> <span class='ocrx_word' id='word_1_153' title='bbox 3317 601 3533 668; x_wconf 89' lang='lat' dir='ltr'><strong>renuit;</strong></span> <span class='ocrx_word' id='word_1_154' title='bbox 3564 581 3661 673; x_wconf 78' lang='lat' dir='ltr'><strong>po-</strong></span> 
     </span>
    </p>
   </div>
   <div class='ocr_carea' id='block_1_22' title="bbox 2088 672 3658 750">
    <p class='ocr_par' dir='ltr' id='par_1_22' title="bbox 2088 672 3658 750">
     <span class='ocr_line' id='line_1_22' title="bbox 2088 672 3658 750; baseline 0.018 -28"><span class='ocrx_word' id='word_1_155' title='bbox 2088 672 2424 742; x_wconf 84' lang='lat' dir='ltr'><strong>stulavitque</strong></span> <span class='ocrx_word' id='word_1_156' title='bbox 2454 674 2578 729; x_wconf 90' lang='lat' dir='ltr'><strong>ideo</strong></span> <span class='ocrx_word' id='word_1_157' title='bbox 2615 677 2720 733; x_wconf 86' lang='lat' dir='ltr'><strong>sibi</strong></span> <span class='ocrx_word' id='word_1_158' title='bbox 2759 679 2990 748; x_wconf 80' lang='lat' dir='ltr'><strong>proferri</strong></span> <span class='ocrx_word' id='word_1_159' title='bbox 3019 684 3207 749; x_wconf 88' lang='lat' dir='ltr'><strong>libros,</strong></span> <span class='ocrx_word' id='word_1_160' title='bbox 3241 697 3302 744; x_wconf 93' lang='lat' dir='ltr'><strong>ut</strong></span> <span class='ocrx_word' id='word_1_161' title='bbox 3327 706 3393 745; x_wconf 80' lang='lat' dir='ltr'><strong>ex</strong></span> <span class='ocrx_word' id='word_1_162' title='bbox 3435 692 3543 749; x_wconf 82' lang='lat' dir='ltr'><strong>illis</strong></span> <span class='ocrx_word' id='word_1_163' title='bbox 3570 672 3658 750; x_wconf 77' lang='lat' dir='ltr'><strong>re-</strong></span> 
     </span>
    </p>
   </div>
   <div class='ocr_carea' id='block_1_23' title="bbox 2087 765 3660 855">
    <p class='ocr_par' dir='ltr' id='par_1_23' title="bbox 2087 765 3660 855">
     <span class='ocr_line' id='line_1_23' title="bbox 2087 765 3660 855; baseline 0.013 -39"><span class='ocrx_word' id='word_1_164' title='bbox 2087 765 2357 831; x_wconf 75' lang='lat' dir='ltr'><strong>Spnndere</strong></span> <span class='ocrx_word' id='word_1_165' title='bbox 2403 776 2622 836; x_wconf 77' lang='lat' dir='ltr'><strong>pesset,</strong></span> <span class='ocrx_word' id='word_1_166' title='bbox 2669 779 2832 840; x_wconf 87' lang='lat' dir='ltr'><strong>atque</strong></span> <span class='ocrx_word' id='word_1_167' title='bbox 2885 778 3284 835; x_wconf 71' lang='lat' dir='ltr'><strong>contradicere.</strong></span> <span class='ocrx_word' id='word_1_168' title='bbox 3342 781 3478 837; x_wconf 89' lang='lat' dir='ltr'><strong>Cum</strong></span> <span class='ocrx_word' id='word_1_169' title='bbox 3529 803 3660 855; x_wconf 63' lang='grc' dir='ltr'>ετευ</span> 
     </span>
    </p>
   </div>
   <div class='ocr_carea' id='block_1_24' title="bbox 2089 853 3657 932">
    <p class='ocr_par' dir='ltr' id='par_1_24' title="bbox 2089 853 3657 932">
     <span class='ocr_line' id='line_1_24' title="bbox 2089 853 3657 932; baseline 0.017 -26"><span class='ocrx_word' id='word_1_170' title='bbox 2089 853 2253 909; x_wconf 82' lang='lat' dir='ltr'><strong>istius</strong></span> <span class='ocrx_word' id='word_1_171' title='bbox 2291 855 2556 914; x_wconf 78' lang='lat' dir='ltr'><strong>delatoris</strong></span> <span class='ocrx_word' id='word_1_172' title='bbox 2612 862 2745 915; x_wconf 80' lang='lat' dir='ltr'><strong>socii</strong></span> <span class='ocrx_word' id='word_1_173' title='bbox 2789 861 3083 921; x_wconf 80' lang='lat' dir='ltr'><strong>frementes</strong></span> <span class='ocrx_word' id='word_1_174' title='bbox 3115 868 3172 922; x_wconf 93' lang='lat' dir='ltr'><strong>in</strong></span> <span class='ocrx_word' id='word_1_175' title='bbox 3210 870 3445 928; x_wconf 84' lang='lat' dir='ltr'><strong>medium</strong></span> <span class='ocrx_word' id='word_1_176' title='bbox 3489 877 3657 932; x_wconf 87' lang='lat' dir='ltr'><strong>libros</strong></span> 
     </span>
    </p>
   </div>
   <div class='ocr_carea' id='block_1_25' title="bbox 2087 947 3656 1023">
    <p class='ocr_par' dir='ltr' id='par_1_25' title="bbox 2087 947 3656 1023">
     <span class='ocr_line' id='line_1_25' title="bbox 2087 947 3656 1023; baseline 0.018 -28"><span class='ocrx_word' id='word_1_177' title='bbox 2087 947 2497 1014; x_wconf 76' lang='lat' dir='ltr'><strong>produxissent,</strong></span> <span class='ocrx_word' id='word_1_178' title='bbox 2538 950 2874 1009; x_wconf 85' lang='lat' dir='ltr'><strong>inveteratus</strong></span> <span class='ocrx_word' id='word_1_179' title='bbox 2905 956 2994 1011; x_wconf 90' lang='lat' dir='ltr'><strong>ille</strong></span> <span class='ocrx_word' id='word_1_180' title='bbox 3029 957 3240 1015; x_wconf 89' lang='lat' dir='ltr'><strong>dierum</strong></span> <span class='ocrx_word' id='word_1_181' title='bbox 3273 966 3540 1021; x_wconf 86' lang='lat' dir='ltr'><strong>malorum</strong></span> <span class='ocrx_word' id='word_1_182' title='bbox 3573 973 3656 1023; x_wconf 90' lang='lat' dir='ltr'><strong>in-</strong></span> 
     </span>
    </p>
   </div>
   <div class='ocr_carea' id='block_1_26' title="bbox 2078 1035 3655 1126">
    <p class='ocr_par' dir='ltr' id='par_1_26' title="bbox 2078 1035 3655 1126">
     <span class='ocr_line' id='line_1_26' title="bbox 2078 1035 3655 1126; baseline 0.017 -40"><span class='ocrx_word' id='word_1_183' title='bbox 2078 1035 2314 1105; x_wconf 59' lang='lat' dir='ltr'><strong>justitia}</strong></span> <span class='ocrx_word' id='word_1_184' title='bbox 2338 1038 2526 1108; x_wconf 82' lang='lat' dir='ltr'><strong>judex.</strong></span> <span class='ocrx_word' id='word_1_185' title='bbox 2563 1057 2728 1097; x_wconf 88' lang='lat' dir='ltr'><strong>unum</strong></span> <span class='ocrx_word' id='word_1_186' title='bbox 2759 1059 2824 1098; x_wconf 80' lang='lat' dir='ltr'><strong>ex</strong></span> <span class='ocrx_word' id='word_1_187' title='bbox 2853 1046 2920 1101; x_wconf 92' lang='lat' dir='ltr'><strong>iis</strong></span> <span class='ocrx_word' id='word_1_188' title='bbox 2948 1048 3003 1102; x_wconf 92' lang='lat' dir='ltr'><strong>in</strong></span> <span class='ocrx_word' id='word_1_189' title='bbox 3027 1064 3221 1106; x_wconf 88' lang='lat' dir='ltr'><strong>manus</strong></span> <span class='ocrx_word' id='word_1_190' title='bbox 3253 1068 3496 1122; x_wconf 86' lang='lat' dir='ltr'><strong>sumens,</strong></span> <span class='ocrx_word' id='word_1_191' title='bbox 3529 1076 3655 1126; x_wconf 85' lang='lat' dir='ltr'><strong>ape-</strong></span> 
     </span>
    </p>
   </div>
   <div class='ocr_carea' id='block_1_27' title="bbox 2082 1127 3654 1218">
    <p class='ocr_par' dir='ltr' id='par_1_27' title="bbox 2082 1127 3654 1218">
     <span class='ocr_line' id='line_1_27' title="bbox 2082 1127 3654 1218; baseline 0.017 -39"><span class='ocrx_word' id='word_1_192' title='bbox 2082 1127 2193 1182; x_wconf 88' lang='lat' dir='ltr'><strong>rire</strong></span> <span class='ocrx_word' id='word_1_193' title='bbox 2244 1137 2408 1199; x_wconf 87' lang='lat' dir='ltr'><strong>atque</strong></span> <span class='ocrx_word' id='word_1_194' title='bbox 2444 1133 2717 1201; x_wconf 85' lang='lat' dir='ltr'><strong>explicare</strong></span> <span class='ocrx_word' id='word_1_195' title='bbox 2756 1137 3052 1193; x_wconf 82' lang='lat' dir='ltr'><strong>nitebatur.</strong></span> <span class='ocrx_word' id='word_1_196' title='bbox 3096 1139 3202 1197; x_wconf 88' lang='lat' dir='ltr'><strong>Sed</strong></span> <span class='ocrx_word' id='word_1_197' title='bbox 3245 1147 3392 1215; x_wconf 88' lang='lat' dir='ltr'><strong>quod</strong></span> <span class='ocrx_word' id='word_1_198' title='bbox 3442 1150 3654 1218; x_wconf 75' lang='lat' dir='ltr'><strong>glutino</strong></span> 
     </span>
    </p>
   </div>
   <div class='ocr_carea' id='block_1_28' title="bbox 2083 1223 3652 1311">
    <p class='ocr_par' dir='ltr' id='par_1_28' title="bbox 2083 1223 3652 1311">
     <span class='ocr_line' id='line_1_28' title="bbox 2083 1223 3652 1311; baseline 0.018 -42"><span class='ocrx_word' id='word_1_199' title='bbox 2083 1225 2281 1273; x_wconf 70' lang='lat' dir='ltr'><strong>unctus</strong></span> <span class='ocrx_word' id='word_1_200' title='bbox 2315 1236 2423 1276; x_wconf 89' lang='lat' dir='ltr'><strong>non</strong></span> <span class='ocrx_word' id='word_1_201' title='bbox 2469 1223 2706 1291; x_wconf 78' lang='lat' dir='ltr'><strong>cederet,</strong></span> <span class='ocrx_word' id='word_1_202' title='bbox 2741 1227 2805 1281; x_wconf 87' lang='lat' dir='ltr'><strong>ad</strong></span> <span class='ocrx_word' id='word_1_203' title='bbox 2847 1240 3056 1298; x_wconf 89' lang='lat' dir='ltr'><strong>partem</strong></span> <span class='ocrx_word' id='word_1_204' title='bbox 3096 1233 3216 1301; x_wconf 86' lang='lat' dir='ltr'><strong>ejus</strong></span> <span class='ocrx_word' id='word_1_205' title='bbox 3246 1238 3476 1293; x_wconf 93' lang='lat' dir='ltr'><strong>mediam</strong></span> <span class='ocrx_word' id='word_1_206' title='bbox 3521 1257 3652 1311; x_wconf 87' lang='lat' dir='ltr'><strong>ape-</strong></span> 
     </span>
    </p>
   </div>
   <div class='ocr_carea' id='block_1_29' title="bbox 2082 1307 3653 1393">
    <p class='ocr_par' dir='ltr' id='par_1_29' title="bbox 2082 1307 3653 1393">
     <span class='ocr_line' id='line_1_29' title="bbox 2082 1307 3653 1393; baseline 0.017 -33"><span class='ocrx_word' id='word_1_207' title='bbox 2082 1307 2328 1362; x_wconf 88' lang='lat' dir='ltr'><strong>riendam</strong></span> <span class='ocrx_word' id='word_1_208' title='bbox 2364 1319 2448 1366; x_wconf 90' lang='lat' dir='ltr'><strong>est</strong></span> <span class='ocrx_word' id='word_1_209' title='bbox 2484 1328 2807 1383; x_wconf 78' lang='lat' dir='ltr'><strong>aggressus;</strong></span> <span class='ocrx_word' id='word_1_210' title='bbox 2841 1335 3070 1391; x_wconf 81' lang='lat' dir='ltr'><strong>eamque</strong></span> <span class='ocrx_word' id='word_1_211' title='bbox 3103 1325 3273 1393; x_wconf 89' lang='lat' dir='ltr'><strong>ipsam</strong></span> <span class='ocrx_word' id='word_1_212' title='bbox 3299 1329 3488 1384; x_wconf 90' lang='lat' dir='ltr'><strong>eodem</strong></span> <span class='ocrx_word' id='word_1_213' title='bbox 3522 1347 3653 1386; x_wconf 86' lang='lat' dir='ltr'><strong>euu-</strong></span> 
     </span>
    </p>
   </div>
   <div class='ocr_carea' id='block_1_30' title="bbox 2081 1399 3652 1500">
    <p class='ocr_par' dir='ltr' id='par_1_30' title="bbox 2081 1399 3652 1500">
     <span class='ocr_line' id='line_1_30' title="bbox 2081 1399 3652 1500; baseline 0.021 -52"><span class='ocrx_word' id='word_1_214' title='bbox 2081 1399 2404 1468; x_wconf 80' lang='lat' dir='ltr'><strong>glutinatam</strong></span> <span class='ocrx_word' id='word_1_215' title='bbox 2448 1408 2608 1459; x_wconf 90' lang='lat' dir='ltr'><strong>modo</strong></span> <span class='ocrx_word' id='word_1_216' title='bbox 2653 1408 2878 1464; x_wconf 85' lang='lat' dir='ltr'><strong>invenit.</strong></span> <span class='ocrx_word' id='word_1_217' title='bbox 2911 1411 3094 1479; x_wconf 84' lang='lat' dir='ltr'><strong>Quare</strong></span> <span class='ocrx_word' id='word_1_218' title='bbox 3128 1433 3228 1472; x_wconf 86' lang='lat' dir='ltr'><strong>sua</strong></span> <span class='ocrx_word' id='word_1_219' title='bbox 3252 1420 3342 1474; x_wconf 92' lang='lat' dir='ltr'><strong>illa</strong></span> <span class='ocrx_word' id='word_1_220' title='bbox 3378 1433 3442 1477; x_wconf 78' lang='lat' dir='ltr'><strong>ex</strong></span> <span class='ocrx_word' id='word_1_221' title='bbox 3471 1424 3652 1500; x_wconf 67' lang='lat' dir='ltr'><strong>priore</strong></span> 
     </span>
    </p>
   </div>
   <div class='ocr_carea' id='block_1_31' title="bbox 2079 1489 3648 1586">
    <p class='ocr_par' dir='ltr' id='par_1_31' title="bbox 2079 1489 3648 1586">
     <span class='ocr_line' id='line_1_31' title="bbox 2079 1489 3648 1586; baseline 0.018 -44"><span class='ocrx_word' id='word_1_222' title='bbox 2079 1489 2222 1545; x_wconf 90' lang='lat' dir='ltr'><strong>libro</strong></span> <span class='ocrx_word' id='word_1_223' title='bbox 2253 1491 2554 1551; x_wconf 79' lang='lat' dir='ltr'><strong>frustratus</strong></span> <span class='ocrx_word' id='word_1_224' title='bbox 2583 1514 2700 1568; x_wconf 88' lang='lat' dir='ltr'><strong>spe,</strong></span> <span class='ocrx_word' id='word_1_225' title='bbox 2738 1503 2805 1555; x_wconf 89' lang='lat' dir='ltr'><strong>ad</strong></span> <span class='ocrx_word' id='word_1_226' title='bbox 2850 1505 3081 1559; x_wconf 87' lang='lat' dir='ltr'><strong>alterum</strong></span> <span class='ocrx_word' id='word_1_227' title='bbox 3113 1523 3173 1563; x_wconf 89' lang='lat' dir='ltr'><strong>se</strong></span> <span class='ocrx_word' id='word_1_228' title='bbox 3203 1489 3648 1586; x_wconf 42' lang='lat' dir='ltr'><strong>contulit,_qucm</strong></span> 
     </span>
    </p>
   </div>
   <div class='ocr_carea' id='block_1_32' title="bbox 2078 1583 3650 1673">
    <p class='ocr_par' dir='ltr' id='par_1_32' title="bbox 2078 1583 3650 1673">
     <span class='ocr_line' id='line_1_32' title="bbox 2078 1583 3650 1673; baseline 0.018 -39"><span class='ocrx_word' id='word_1_229' title='bbox 2078 1583 2296 1650; x_wconf 87' lang='lat' dir='ltr'><strong>quidem</strong></span> <span class='ocrx_word' id='word_1_230' title='bbox 2342 1592 2515 1641; x_wconf 90' lang='lat' dir='ltr'><strong>totum</strong></span> <span class='ocrx_word' id='word_1_231' title='bbox 2559 1590 2634 1644; x_wconf 88' lang='lat' dir='ltr'><strong>ita</strong></span> <span class='ocrx_word' id='word_1_232' title='bbox 2683 1594 2916 1648; x_wconf 80' lang='lat' dir='ltr'><strong>ﬁrmiter</strong></span> <span class='ocrx_word' id='word_1_233' title='bbox 2948 1611 3256 1655; x_wconf 74' lang='lat' dir='ltr'><strong>connexum</strong></span> <span class='ocrx_word' id='word_1_234' title='bbox 3305 1619 3558 1673; x_wconf 87' lang='lat' dir='ltr'><strong>cernens,</strong></span> <span class='ocrx_word' id='word_1_235' title='bbox 3592 1621 3650 1662; x_wconf 86' lang='lat' dir='ltr'><strong>ut</strong></span> 
     </span>
    </p>
   </div>
   <div class='ocr_carea' id='block_1_33' title="bbox 2078 1681 3648 1773">
    <p class='ocr_par' dir='ltr' id='par_1_33' title="bbox 2078 1681 3648 1773">
     <span class='ocr_line' id='line_1_33' title="bbox 2078 1681 3648 1773; baseline 0.02 -46"><span class='ocrx_word' id='word_1_236' title='bbox 2078 1690 2309 1744; x_wconf 89' lang='lat' dir='ltr'><strong>prorsus</strong></span> <span class='ocrx_word' id='word_1_237' title='bbox 2341 1681 2601 1750; x_wconf 77' lang='lat' dir='ltr'><strong>explicari</strong></span> <span class='ocrx_word' id='word_1_238' title='bbox 2641 1687 2924 1756; x_wconf 80' lang='lat' dir='ltr'><strong>nequiret,</strong></span> <span class='ocrx_word' id='word_1_239' title='bbox 2954 1698 3106 1748; x_wconf 90' lang='lat' dir='ltr'><strong>tanto</strong></span> <span class='ocrx_word' id='word_1_240' title='bbox 3136 1697 3333 1753; x_wconf 85' lang='lat' dir='ltr'><strong>rubore</strong></span> <span class='ocrx_word' id='word_1_241' title='bbox 3361 1708 3524 1770; x_wconf 88' lang='lat' dir='ltr'><strong>atque</strong></span> <span class='ocrx_word' id='word_1_242' title='bbox 3547 1719 3648 1773; x_wconf 85' lang='lat' dir='ltr'><strong>pu-</strong></span> 
     </span>
    </p>
   </div>
   <div class='ocr_carea' id='block_1_34' title="bbox 2079 1765 3644 1862">
    <p class='ocr_par' dir='ltr' id='par_1_34' title="bbox 2079 1765 3644 1862">
     <span class='ocr_line' id='line_1_34' title="bbox 2079 1765 3644 1862; baseline 0.019 -42"><span class='ocrx_word' id='word_1_243' title='bbox 2079 1765 2212 1822; x_wconf 87' lang='lat' dir='ltr'><strong>dore</strong></span> <span class='ocrx_word' id='word_1_244' title='bbox 2241 1769 2485 1828; x_wconf 77' lang='lat' dir='ltr'><strong>suli‘usus</strong></span> <span class='ocrx_word' id='word_1_245' title='bbox 2513 1782 2616 1838; x_wconf 88' lang='lat' dir='ltr'><strong>est,</strong></span> <span class='ocrx_word' id='word_1_246' title='bbox 2653 1780 2946 1851; x_wconf 90' lang='lat' dir='ltr'><strong>animoque</strong></span> <span class='ocrx_word' id='word_1_247' title='bbox 2975 1799 3146 1855; x_wconf 89' lang='lat' dir='ltr'><strong>usque</strong></span> <span class='ocrx_word' id='word_1_248' title='bbox 3183 1789 3321 1844; x_wconf 89' lang='lat' dir='ltr'><strong>adeo</strong></span> <span class='ocrx_word' id='word_1_249' title='bbox 3361 1765 3644 1862; x_wconf 74' lang='lat' dir='ltr'><strong>perturba-</strong></span> 
     </span>
    </p>
   </div>
   <div class='ocr_carea' id='block_1_35' title="bbox 1997 1851 3648 1956">
    <p class='ocr_par' dir='ltr' id='par_1_35' title="bbox 1997 1851 3648 1956">
     <span class='ocr_line' id='line_1_35' title="bbox 1997 1851 3648 1956; baseline 0.023 -51"><span class='ocrx_word' id='word_1_250' title='bbox 1997 1851 2037 1906; x_wconf 83' lang='grc' dir='ltr'><strong>Β</strong></span> <span class='ocrx_word' id='word_1_251' title='bbox 2070 1863 2181 1920; x_wconf 90' lang='lat' dir='ltr'><strong>tus,</strong></span> <span class='ocrx_word' id='word_1_252' title='bbox 2217 1868 2274 1912; x_wconf 93' lang='lat' dir='ltr'><strong>ut</strong></span> <span class='ocrx_word' id='word_1_253' title='bbox 2313 1874 2380 1916; x_wconf 85' lang='lat' dir='ltr'><strong>ex</strong></span> <span class='ocrx_word' id='word_1_254' title='bbox 2417 1877 2483 1917; x_wconf 91' lang='lat' dir='ltr'><strong>eo</strong></span> <span class='ocrx_word' id='word_1_255' title='bbox 2510 1881 2771 1924; x_wconf 88' lang='lat' dir='ltr'><strong>consessu</strong></span> <span class='ocrx_word' id='word_1_256' title='bbox 2801 1872 3012 1940; x_wconf 90' lang='lat' dir='ltr'><strong>abiens,</strong></span> <span class='ocrx_word' id='word_1_257' title='bbox 3044 1879 3202 1946; x_wconf 88' lang='lat' dir='ltr'><strong>quasi</strong></span> <span class='ocrx_word' id='word_1_258' title='bbox 3247 1884 3443 1939; x_wconf 89' lang='lat' dir='ltr'><strong>mentis</strong></span> <span class='ocrx_word' id='word_1_259' title='bbox 3483 1895 3648 1956; x_wconf 89' lang='lat' dir='ltr'><strong>atque</strong></span> 
     </span>
    </p>
   </div>
   <div class='ocr_carea' id='block_1_36' title="bbox 395 1929 3645 2042">
    <p class='ocr_par' dir='ltr' id='par_1_36' title="bbox 395 1929 3645 2042">
     <span class='ocr_line' id='line_1_36' title="bbox 2975 1929 3645 1956; baseline 0.015 -22"><span class='ocrx_word' id='word_1_260' title='bbox 2975 1929 3012 1940; x_wconf 32' lang='grc' dir='ltr'><strong>κ,</strong></span> <span class='ocrx_word' id='word_1_261' title='bbox 3247 1929 3443 1939; x_wconf 77' lang='lat'><strong>-----...-</strong></span> <span class='ocrx_word' id='word_1_262' title='bbox 3483 1929 3645 1956; x_wconf 64' lang='grc' dir='ltr'>..-Ὶπυ</span> 
     </span>
     <span class='ocr_line' id='line_1_37' title="bbox 395 1929 3645 2042; baseline 0.016 -58"><span class='ocrx_word' id='word_1_263' title='bbox 395 1929 611 1985; x_wconf 85' lang='lat' dir='ltr'><strong>consilii</strong></span> <span class='ocrx_word' id='word_1_264' title='bbox 646 1932 827 2004; x_wconf 85' lang='lat' dir='ltr'><strong>inops,</strong></span> <span class='ocrx_word' id='word_1_265' title='bbox 860 1939 1300 2002; x_wconf 79' lang='lat' dir='ltr'><strong>etexauimatus,</strong></span> <span class='ocrx_word' id='word_1_266' title='bbox 1331 1942 1386 1995; x_wconf 92' lang='lat' dir='ltr'><strong>in</strong></span> <span class='ocrx_word' id='word_1_267' title='bbox 1411 1943 1658 1997; x_wconf 90' lang='lat' dir='ltr'><strong>morbum</strong></span> <span class='ocrx_word' id='word_1_268' title='bbox 1686 1944 1975 2014; x_wconf 84' lang='lat' dir='ltr'><strong>prolapsus</strong></span> <span class='ocrx_word' id='word_1_269' title='bbox 2013 1948 2106 2009; x_wconf 91' lang='lat' dir='ltr'><strong>sit,</strong></span> <span class='ocrx_word' id='word_1_270' title='bbox 2146 1950 2400 2024; x_wconf 90' lang='lat' dir='ltr'><strong>illamque</strong></span> <span class='ocrx_word' id='word_1_271' title='bbox 2429 1957 2741 2027; x_wconf 73' lang='lat' dir='ltr'><strong>ignominiae</strong></span> <span class='ocrx_word' id='word_1_272' title='bbox 2769 1974 2953 2021; x_wconf 90' lang='lat' dir='ltr'><strong>notam</strong></span> <span class='ocrx_word' id='word_1_273' title='bbox 2994 1967 3067 2022; x_wconf 83' lang='lat' dir='ltr'><strong>ita</strong></span> <span class='ocrx_word' id='word_1_274' title='bbox 3119 1986 3260 2042; x_wconf 80' lang='lat' dir='ltr'><strong>aegre</strong></span> <span class='ocrx_word' id='word_1_275' title='bbox 3302 1990 3366 2029; x_wconf 88' lang='lat' dir='ltr'><strong>ac</strong></span> <span class='ocrx_word' id='word_1_276' title='bbox 3418 1981 3645 2037; x_wconf 85' lang='lat' dir='ltr'><strong>moleste</strong></span> 
     </span>
    </p>
   </div>
   <div class='ocr_carea' id='block_1_37' title="bbox 395 2025 2274 2110">
    <p class='ocr_par' dir='ltr' id='par_1_37' title="bbox 395 2025 2274 2110">
     <span class='ocr_line' id='line_1_38' title="bbox 395 2025 2274 2110; baseline 0.014 -34"><span class='ocrx_word' id='word_1_277' title='bbox 395 2025 542 2089; x_wconf 88' lang='lat' dir='ltr'><strong>tulit,</strong></span> <span class='ocrx_word' id='word_1_278' title='bbox 570 2037 627 2081; x_wconf 87' lang='lat' dir='ltr'><strong>ut</strong></span> <span class='ocrx_word' id='word_1_279' title='bbox 663 2045 853 2097; x_wconf 90' lang='lat' dir='ltr'><strong>parum</strong></span> <span class='ocrx_word' id='word_1_280' title='bbox 891 2033 1181 2089; x_wconf 86' lang='lat' dir='ltr'><strong>admodum</strong></span> <span class='ocrx_word' id='word_1_281' title='bbox 1223 2037 1480 2103; x_wconf 76' lang='lat' dir='ltr'><strong>abfuerit,</strong></span> <span class='ocrx_word' id='word_1_282' title='bbox 1511 2041 1642 2110; x_wconf 90' lang='lat' dir='ltr'><strong>quin</strong></span> <span class='ocrx_word' id='word_1_283' title='bbox 1679 2049 1792 2094; x_wconf 92' lang='lat' dir='ltr'><strong>tum</strong></span> <span class='ocrx_word' id='word_1_284' title='bbox 1825 2053 2052 2098; x_wconf 87' lang='lat' dir='ltr'><strong>mortem</strong></span> <span class='ocrx_word' id='word_1_285' title='bbox 2079 2045 2274 2103; x_wconf 90' lang='lat' dir='ltr'><strong>obiret.</strong></span> 
     </span>
    </p>
   </div>
   <div class='ocr_carea' id='block_1_38' title="bbox 465 2116 1966 2203">
    <p class='ocr_par' dir='ltr' id='par_1_38' title="bbox 465 2116 1966 2203">
     <span class='ocr_line' id='line_1_39' title="bbox 465 2116 1966 2203; baseline 0.013 -35"><span class='ocrx_word' id='word_1_286' title='bbox 465 2117 720 2183; x_wconf 73' lang='grc' dir='ltr'>Τοιοῦτος</span> <span class='ocrx_word' id='word_1_287' title='bbox 755 2116 824 2192; x_wconf 71' lang='grc' dir='ltr'>ἦν</span> <span class='ocrx_word' id='word_1_288' title='bbox 863 2124 959 2176; x_wconf 76' lang='grc' dir='ltr'>καὶ</span> <span class='ocrx_word' id='word_1_289' title='bbox 993 2127 1129 2197; x_wconf 62' lang='grc' dir='ltr'>πρὸς</span> <span class='ocrx_word' id='word_1_290' title='bbox 1174 2127 1266 2181; x_wconf 73' lang='grc' dir='ltr'>τὸν</span> <span class='ocrx_word' id='word_1_291' title='bbox 1298 2129 1397 2200; x_wconf 82' lang='grc' dir='ltr'>τῆς</span> <span class='ocrx_word' id='word_1_292' title='bbox 1435 2132 1718 2196; x_wconf 78' lang='grc' dir='ltr'>εὐσεϐείας</span> <span class='ocrx_word' id='word_1_293' title='bbox 1746 2131 1906 2203; x_wconf 78' lang='grc' dir='ltr'>ζῆλον</span> <span class='ocrx_word' id='word_1_294' title='bbox 1936 2136 1966 2187; x_wconf 88' lang='lat'><strong>6</strong></span> 
     </span>
    </p>
   </div>
   <div class='ocr_carea' id='block_1_39' title="bbox 396 2201 1967 2293">
    <p class='ocr_par' dir='ltr' id='par_1_39' title="bbox 396 2201 1967 2293">
     <span class='ocr_line' id='line_1_40' title="bbox 396 2201 1967 2293; baseline 0.015 -40"><span class='ocrx_word' id='word_1_295' title='bbox 396 2201 566 2272; x_wconf 87' lang='grc' dir='ltr'>μέγας</span> <span class='ocrx_word' id='word_1_296' title='bbox 617 2207 799 2280; x_wconf 78' lang='grc' dir='ltr'>πατὴρ</span> <span class='ocrx_word' id='word_1_297' title='bbox 835 2210 994 2280; x_wconf 86' lang='grc' dir='ltr'>ήμῶν</span> <span class='ocrx_word' id='word_1_298' title='bbox 1055 2214 1148 2267; x_wconf 78' lang='grc' dir='ltr'><strong>καὶ</strong></span> <span class='ocrx_word' id='word_1_299' title='bbox 1196 2215 1515 2282; x_wconf 83' lang='grc' dir='ltr'>διδάσκαλος</span> <span class='ocrx_word' id='word_1_300' title='bbox 1564 2201 1852 2293; x_wconf 39' lang='grc' dir='ltr'>Ἐφραῒμλ</span> <span class='ocrx_word' id='word_1_301' title='bbox 1910 2225 1967 2276; x_wconf 80' lang='grc' dir='ltr'><strong>ἐν</strong></span> 
     </span>
    </p>
   </div>
   <div class='ocr_carea' id='block_1_40' title="bbox 389 2293 1964 2383">
    <p class='ocr_par' dir='ltr' id='par_1_40' title="bbox 389 2293 1964 2383">
     <span class='ocr_line' id='line_1_41' title="bbox 389 2293 1964 2383; baseline 0.015 -38"><span class='ocrx_word' id='word_1_302' title='bbox 389 2293 572 2358; x_wconf 76' lang='grc' dir='ltr'>ἄλλοις</span> <span class='ocrx_word' id='word_1_303' title='bbox 599 2299 695 2366; x_wconf 77' lang='grc' dir='ltr'><strong>μὲν</strong></span> <span class='ocrx_word' id='word_1_304' title='bbox 732 2301 796 2353; x_wconf 77' lang='grc' dir='ltr'>τὸ</span> <span class='ocrx_word' id='word_1_305' title='bbox 827 2305 1006 2374; x_wconf 80' lang='grc' dir='ltr'>πρᾶον</span> <span class='ocrx_word' id='word_1_306' title='bbox 1035 2307 1129 2359; x_wconf 75' lang='grc' dir='ltr'><strong>καὶ</strong></span> <span class='ocrx_word' id='word_1_307' title='bbox 1159 2308 1401 2373; x_wconf 74' lang='grc' dir='ltr'>ἐπιεικὲς</span> <span class='ocrx_word' id='word_1_308' title='bbox 1427 2312 1852 2383; x_wconf 76' lang='grc' dir='ltr'>ἐνδεικνύμενος,</span> <span class='ocrx_word' id='word_1_309' title='bbox 1875 2315 1964 2368; x_wconf 83' lang='grc' dir='ltr'><strong>ὅτε</strong></span> 
     </span>
    </p>
   </div>
   <div class='ocr_carea' id='block_1_41' title="bbox 393 2385 1963 2473">
    <p class='ocr_par' dir='ltr' id='par_1_41' title="bbox 393 2385 1963 2473">
     <span class='ocr_line' id='line_1_42' title="bbox 393 2385 1963 2473; baseline 0.014 -36"><span class='ocrx_word' id='word_1_310' title='bbox 393 2385 467 2455; x_wconf 82' lang='grc' dir='ltr'>μὴ</span> <span class='ocrx_word' id='word_1_311' title='bbox 501 2389 659 2457; x_wconf 81' lang='grc' dir='ltr'>χρεία</span> <span class='ocrx_word' id='word_1_312' title='bbox 695 2391 927 2462; x_wconf 84' lang='grc' dir='ltr'>πολέμου</span> <span class='ocrx_word' id='word_1_313' title='bbox 955 2407 970 2422; x_wconf 78' lang='grc'><strong>⁸</strong></span> <span class='ocrx_word' id='word_1_314' title='bbox 1003 2396 1062 2447; x_wconf 85' lang='grc' dir='ltr'>ἐν</span> <span class='ocrx_word' id='word_1_315' title='bbox 1096 2396 1278 2462; x_wconf 80' lang='grc' dir='ltr'>ἄλλοις</span> <span class='ocrx_word' id='word_1_316' title='bbox 1313 2400 1370 2452; x_wconf 88' lang='grc' dir='ltr'>δὲ</span> <span class='ocrx_word' id='word_1_317' title='bbox 1413 2401 1474 2453; x_wconf 79' lang='grc' dir='ltr'><strong>τὸ</strong></span> <span class='ocrx_word' id='word_1_318' title='bbox 1503 2403 1702 2473; x_wconf 86' lang='grc' dir='ltr'>στύφον</span> <span class='ocrx_word' id='word_1_319' title='bbox 1739 2405 1834 2458; x_wconf 75' lang='grc' dir='ltr'><strong>καὶ</strong></span> <span class='ocrx_word' id='word_1_320' title='bbox 1864 2406 1963 2458; x_wconf 78' lang='grc' dir='ltr'><strong>αὗ·-</strong></span> 
     </span>
    </p>
   </div>
   <div class='ocr_carea' id='block_1_42' title="bbox 389 2478 1959 2563">
    <p class='ocr_par' dir='ltr' id='par_1_42' title="bbox 389 2478 1959 2563">
     <span class='ocr_line' id='line_1_43' title="bbox 389 2478 1959 2563; baseline 0.013 -34"><span class='ocrx_word' id='word_1_321' title='bbox 389 2478 606 2548; x_wconf 74' lang='grc' dir='ltr'>στηρδν,</span> <span class='ocrx_word' id='word_1_322' title='bbox 657 2481 745 2534; x_wconf 83' lang='grc' dir='ltr'><strong>ὅτε</strong></span> <span class='ocrx_word' id='word_1_323' title='bbox 788 2483 1022 2552; x_wconf 87' lang='grc' dir='ltr'>μάλιστα</span> <span class='ocrx_word' id='word_1_324' title='bbox 1063 2489 1192 2559; x_wconf 75' lang='grc' dir='ltr'>περὶ</span> <span class='ocrx_word' id='word_1_325' title='bbox 1234 2491 1334 2561; x_wconf 72' lang='grc' dir='ltr'>τὴν</span> <span class='ocrx_word' id='word_1_326' title='bbox 1378 2495 1560 2545; x_wconf 83' lang='grc' dir='ltr'>πίστιν</span> <span class='ocrx_word' id='word_1_327' title='bbox 1612 2496 1640 2547; x_wconf 89' lang='lat'><strong>6</strong></span> <span class='ocrx_word' id='word_1_328' title='bbox 1683 2495 1959 2563; x_wconf 83' lang='grc' dir='ltr'>κίνδυνος,</span> 
     </span>
    </p>
   </div>
   <div class='ocr_carea' id='block_1_43' title="bbox 384 2566 1955 2655">
    <p class='ocr_par' dir='ltr' id='par_1_43' title="bbox 384 2566 1955 2655">
     <span class='ocr_line' id='line_1_44' title="bbox 384 2566 1955 2655; baseline 0.015 -39"><span class='ocrx_word' id='word_1_329' title='bbox 384 2566 562 2620; x_wconf 81' lang='grc' dir='ltr'>πάντα</span> <span class='ocrx_word' id='word_1_330' title='bbox 597 2585 778 2639; x_wconf 82' lang='grc' dir='ltr'>σοφως</span> <span class='ocrx_word' id='word_1_331' title='bbox 810 2576 1231 2646; x_wconf 80' lang='grc' dir='ltr'>μετερχόμενος,</span> <span class='ocrx_word' id='word_1_332' title='bbox 1273 2581 1369 2633; x_wconf 72' lang='grc' dir='ltr'><strong>καὶ</strong></span> <span class='ocrx_word' id='word_1_333' title='bbox 1395 2581 1469 2645; x_wconf 82' lang='grc' dir='ltr'>ὡς</span> <span class='ocrx_word' id='word_1_334' title='bbox 1495 2584 1524 2635; x_wconf 89' lang='lat'><strong>6</strong></span> <span class='ocrx_word' id='word_1_335' title='bbox 1550 2585 1740 2655; x_wconf 78' lang='grc' dir='ltr'>καιρὸς</span> <span class='ocrx_word' id='word_1_336' title='bbox 1769 2585 1955 2639; x_wconf 85' lang='grc' dir='ltr'>ἐδεῖτο.</span> 
     </span>
    </p>
   </div>
   <div class='ocr_carea' id='block_1_44' title="bbox 384 2657 1960 2745">
    <p class='ocr_par' dir='ltr' id='par_1_44' title="bbox 384 2657 1960 2745">
     <span class='ocr_line' id='line_1_45' title="bbox 384 2657 1960 2745; baseline 0.015 -36"><span class='ocrx_word' id='word_1_337' title='bbox 384 2657 495 2710; x_wconf 73' lang='grc' dir='ltr'>Καὶ</span> <span class='ocrx_word' id='word_1_338' title='bbox 523 2660 631 2730; x_wconf 78' lang='grc' dir='ltr'><strong>γάρ</strong></span> <span class='ocrx_word' id='word_1_339' title='bbox 667 2670 762 2715; x_wconf 75' lang='grc' dir='ltr'><strong>καὶ</strong></span> <span class='ocrx_word' id='word_1_340' title='bbox 804 2664 963 2718; x_wconf 81' lang='grc' dir='ltr'>τοῦτο</span> <span class='ocrx_word' id='word_1_341' title='bbox 990 2668 1099 2720; x_wconf 87' lang='grc' dir='ltr'><strong>τῶν</strong></span> <span class='ocrx_word' id='word_1_342' title='bbox 1134 2671 1346 2725; x_wconf 82' lang='grc' dir='ltr'>πολλῶν</span> <span class='ocrx_word' id='word_1_343' title='bbox 1377 2667 1540 2726; x_wconf 74' lang='grc' dir='ltr'>αὐτοῦ</span> <span class='ocrx_word' id='word_1_344' title='bbox 1577 2677 1836 2745; x_wconf 82' lang='grc' dir='ltr'>νηστειῶν</span> <span class='ocrx_word' id='word_1_345' title='bbox 1867 2681 1960 2732; x_wconf 73' lang='grc' dir='ltr'><strong>καὶ</strong></span> 
     </span>
    </p>
   </div>
   <div class='ocr_carea' id='block_1_45' title="bbox 380 2745 1955 2838">
    <p class='ocr_par' dir='ltr' id='par_1_45' title="bbox 380 2745 1955 2838">
     <span class='ocr_line' id='line_1_46' title="bbox 380 2745 1955 2838; baseline 0.017 -41"><span class='ocrx_word' id='word_1_346' title='bbox 380 2745 653 2818; x_wconf 81' lang='grc' dir='ltr'>δακρύων,</span> <span class='ocrx_word' id='word_1_347' title='bbox 689 2754 782 2806; x_wconf 72' lang='grc' dir='ltr'>καὶ</span> <span class='ocrx_word' id='word_1_348' title='bbox 805 2755 1241 2813; x_wconf 85' lang='grc' dir='ltr'>ἀκαταπαύστων</span> <span class='ocrx_word' id='word_1_349' title='bbox 1262 2763 1360 2814; x_wconf 79' lang='grc' dir='ltr'><strong>οὐκ</strong></span> <span class='ocrx_word' id='word_1_350' title='bbox 1381 2763 1600 2818; x_wconf 80' lang='grc' dir='ltr'>ἔλαττον</span> <span class='ocrx_word' id='word_1_351' title='bbox 1623 2769 1955 2838; x_wconf 60' lang='grc' dir='ltr'>προσευχῶν</span> 
     </span>
    </p>
   </div>
   <div class='ocr_carea' id='block_1_46' title="bbox 378 2837 1957 2931">
    <p class='ocr_par' dir='ltr' id='par_1_46' title="bbox 378 2837 1957 2931">
     <span class='ocr_line' id='line_1_47' title="bbox 378 2837 1957 2931; baseline 0.018 -45"><span class='ocrx_word' id='word_1_352' title='bbox 378 2837 410 2886; x_wconf 88' lang='lat'><strong>6</strong></span> <span class='ocrx_word' id='word_1_353' title='bbox 465 2839 605 2891; x_wconf 84' lang='grc' dir='ltr'><strong>κατά</strong></span> <span class='ocrx_word' id='word_1_354' title='bbox 650 2840 783 2894; x_wconf 82' lang='grc' dir='ltr'>Θεὸν</span> <span class='ocrx_word' id='word_1_355' title='bbox 830 2843 973 2912; x_wconf 85' lang='grc' dir='ltr'>λέγω</span> <span class='ocrx_word' id='word_1_356' title='bbox 1021 2845 1214 2917; x_wconf 80' lang='grc' dir='ltr'>ζῆλος,</span> <span class='ocrx_word' id='word_1_357' title='bbox 1267 2853 1468 2921; x_wconf 76' lang='grc' dir='ltr'>μᾶλλον</span> <span class='ocrx_word' id='word_1_358' title='bbox 1525 2855 1620 2921; x_wconf 85' lang='grc' dir='ltr'>δὲ,</span> <span class='ocrx_word' id='word_1_359' title='bbox 1669 2837 1770 2910; x_wconf 61' lang='grc' dir='ltr'><strong>και</strong></span> <span class='ocrx_word' id='word_1_360' title='bbox 1819 2837 1957 2931; x_wconf 58' lang='grc' dir='ltr'>οπερ</span> 
     </span>
    </p>
   </div>
   <div class='ocr_carea' id='block_1_47' title="bbox 378 2929 1953 3022">
    <p class='ocr_par' dir='ltr' id='par_1_47' title="bbox 378 2929 1953 3022">
     <span class='ocr_line' id='line_1_48' title="bbox 378 2929 1953 3022; baseline 0.017 -44"><span class='ocrx_word' id='word_1_361' title='bbox 378 2929 561 2982; x_wconf 78' lang='grc' dir='ltr'>ἐκεῖνα</span> <span class='ocrx_word' id='word_1_362' title='bbox 581 2947 594 2961; x_wconf 90' lang='grc'><strong>·</strong></span> <span class='ocrx_word' id='word_1_363' title='bbox 623 2932 746 2986; x_wconf 84' lang='grc' dir='ltr'>ὅσον</span> <span class='ocrx_word' id='word_1_364' title='bbox 775 2937 911 2989; x_wconf 77' lang='grc' dir='ltr'>αὐτὰ</span> <span class='ocrx_word' id='word_1_365' title='bbox 943 2939 1042 3007; x_wconf 78' lang='grc' dir='ltr'><strong>μὲν</strong></span> <span class='ocrx_word' id='word_1_366' title='bbox 1065 2941 1144 3003; x_wconf 71' lang='grc' dir='ltr'><strong>είς</strong></span> <span class='ocrx_word' id='word_1_367' title='bbox 1177 2942 1337 3011; x_wconf 87' lang='grc' dir='ltr'>μόνον</span> <span class='ocrx_word' id='word_1_368' title='bbox 1371 2945 1460 2997; x_wconf 76' lang='grc' dir='ltr'>τὸν</span> <span class='ocrx_word' id='word_1_369' title='bbox 1502 2946 1773 3017; x_wconf 88' lang='grc' dir='ltr'>δράσαντα</span> <span class='ocrx_word' id='word_1_370' title='bbox 1795 2929 1953 3022; x_wconf 14' lang='grc' dir='ltr'>περιή-</span> 
     </span>
    </p>
   </div>
   <div class='ocr_carea' id='block_1_48' title="bbox 385 3018 2022 3109">
    <p class='ocr_par' dir='ltr' id='par_1_48' title="bbox 385 3018 2022 3109">
     <span class='ocr_line' id='line_1_49' title="bbox 385 3018 2022 3109; baseline 0.014 -39"><span class='ocrx_word' id='word_1_371' title='bbox 385 3018 558 3089; x_wconf 82' lang='grc' dir='ltr'>ορίζει</span> <span class='ocrx_word' id='word_1_372' title='bbox 591 3022 690 3093; x_wconf 77' lang='grc' dir='ltr'>τὴν</span> <span class='ocrx_word' id='word_1_373' title='bbox 735 3025 924 3096; x_wconf 77' lang='grc' dir='ltr'>ὄνησιν</span> <span class='ocrx_word' id='word_1_374' title='bbox 948 3045 964 3060; x_wconf 77' lang='grc' dir='ltr'><strong>ο</strong></span> <span class='ocrx_word' id='word_1_375' title='bbox 1017 3030 1192 3084; x_wconf 81' lang='grc' dir='ltr'>ἐκεῖνο</span> <span class='ocrx_word' id='word_1_376' title='bbox 1213 3032 1271 3085; x_wconf 83' lang='grc' dir='ltr'>δὲ</span> <span class='ocrx_word' id='word_1_377' title='bbox 1304 3035 1439 3104; x_wconf 84' lang='grc' dir='ltr'>πρὸς</span> <span class='ocrx_word' id='word_1_378' title='bbox 1472 3038 1656 3109; x_wconf 81' lang='grc' dir='ltr'>κοινὴν</span> <span class='ocrx_word' id='word_1_379' title='bbox 1690 3018 1952 3097; x_wconf 87' lang='grc' dir='ltr'>διαϐαίνει</span> <span class='ocrx_word' id='word_1_380' title='bbox 1981 3040 2022 3093; x_wconf 76' lang='lat' dir='ltr'><strong><em>C</em></strong></span> 
     </span>
    </p>
   </div>
   <div class='ocr_carea' id='block_1_49' title="bbox 376 3109 1948 3203">
    <p class='ocr_par' dir='ltr' id='par_1_49' title="bbox 376 3109 1948 3203">
     <span class='ocr_line' id='line_1_50' title="bbox 376 3109 1948 3203; baseline 0.016 -42"><span class='ocrx_word' id='word_1_381' title='bbox 376 3109 664 3179; x_wconf 81' lang='grc' dir='ltr'>ὠφέλειαν.</span> <span class='ocrx_word' id='word_1_382' title='bbox 715 3115 929 3188; x_wconf 79' lang='grc' dir='ltr'>Ἐπειδὴ</span> <span class='ocrx_word' id='word_1_383' title='bbox 960 3118 1051 3172; x_wconf 69' lang='grc' dir='ltr'><strong>τὸν</strong></span> <span class='ocrx_word' id='word_1_384' title='bbox 1081 3121 1244 3174; x_wconf 74' lang='grc' dir='ltr'>καλὸν</span> <span class='ocrx_word' id='word_1_385' title='bbox 1274 3122 1543 3198; x_wconf 79' lang='grc' dir='ltr'>θηρευτὴν</span> <span class='ocrx_word' id='word_1_386' title='bbox 1568 3131 1596 3180; x_wconf 88' lang='lat'><strong>6</strong></span> <span class='ocrx_word' id='word_1_387' title='bbox 1621 3129 1828 3203; x_wconf 76' lang='grc' dir='ltr'>ἀληθὴς</span> <span class='ocrx_word' id='word_1_388' title='bbox 1863 3133 1948 3186; x_wconf 85' lang='grc' dir='ltr'>λό-</span> 
     </span>
    </p>
   </div>
   <div class='ocr_carea' id='block_1_50' title="bbox 375 3203 1951 3290">
    <p class='ocr_par' dir='ltr' id='par_1_50' title="bbox 375 3203 1951 3290">
     <span class='ocr_line' id='line_1_51' title="bbox 375 3203 1951 3290; baseline 0.016 -39"><span class='ocrx_word' id='word_1_389' title='bbox 375 3216 472 3268; x_wconf 92' lang='grc' dir='ltr'><strong>γος</strong></span> <span class='ocrx_word' id='word_1_390' title='bbox 495 3203 630 3273; x_wconf 78' lang='grc' dir='ltr'>πρὸς</span> <span class='ocrx_word' id='word_1_391' title='bbox 656 3203 724 3257; x_wconf 82' lang='grc' dir='ltr'>τὰ</span> <span class='ocrx_word' id='word_1_392' title='bbox 749 3206 960 3277; x_wconf 86' lang='grc' dir='ltr'>μάχιμα</span> <span class='ocrx_word' id='word_1_393' title='bbox 990 3209 1268 3281; x_wconf 71' lang='grc' dir='ltr'>δοκιμάζει</span> <span class='ocrx_word' id='word_1_394' title='bbox 1300 3214 1481 3286; x_wconf 85' lang='grc' dir='ltr'>θηρία,</span> <span class='ocrx_word' id='word_1_395' title='bbox 1509 3219 1597 3270; x_wconf 62' lang='grc' dir='ltr'><strong>καῖ</strong></span> <span class='ocrx_word' id='word_1_396' title='bbox 1624 3219 1716 3272; x_wconf 78' lang='grc' dir='ltr'><strong>τὸν</strong></span> <span class='ocrx_word' id='word_1_397' title='bbox 1749 3223 1951 3290; x_wconf 81' lang='grc' dir='ltr'>ἀγαθὸν</span> 
     </span>
    </p>
   </div>
   <div class='ocr_carea' id='block_1_51' title="bbox 375 3288 1946 3378">
    <p class='ocr_par' dir='ltr' id='par_1_51' title="bbox 375 3288 1946 3378">
     <span class='ocr_line' id='line_1_52' title="bbox 375 3288 1946 3378; baseline 0.015 -38"><span class='ocrx_word' id='word_1_398' title='bbox 375 3288 717 3360; x_wconf 86' lang='grc' dir='ltr'>κυϐερνήτην</span> <span class='ocrx_word' id='word_1_399' title='bbox 751 3295 887 3364; x_wconf 81' lang='grc' dir='ltr'>πρὸς</span> <span class='ocrx_word' id='word_1_400' title='bbox 928 3297 1314 3364; x_wconf 80' lang='grc' dir='ltr'>ἀντιπνέοντας</span> <span class='ocrx_word' id='word_1_401' title='bbox 1345 3302 1424 3373; x_wconf 83' lang='grc' dir='ltr'>τῷ</span> <span class='ocrx_word' id='word_1_402' title='bbox 1467 3305 1636 3376; x_wconf 87' lang='grc' dir='ltr'>πλοίῳ</span> <span class='ocrx_word' id='word_1_403' title='bbox 1673 3288 1906 3378; x_wconf 81' lang='grc' dir='ltr'>ἀνέμους</span> <span class='ocrx_word' id='word_1_404' title='bbox 1932 3352 1946 3376; x_wconf 89' lang='grc'><strong>,</strong></span> 
     </span>
    </p>
   </div>
   <div class='ocr_carea' id='block_1_52' title="bbox 374 3381 1949 3469">
    <p class='ocr_par' dir='ltr' id='par_1_52' title="bbox 374 3381 1949 3469">
     <span class='ocr_line' id='line_1_53' title="bbox 374 3381 1949 3469; baseline 0.017 -39"><span class='ocrx_word' id='word_1_405' title='bbox 374 3381 470 3431; x_wconf 75' lang='grc' dir='ltr'><strong>καὶ</strong></span> <span class='ocrx_word' id='word_1_406' title='bbox 495 3381 585 3433; x_wconf 87' lang='grc' dir='ltr'><strong>τὸν</strong></span> <span class='ocrx_word' id='word_1_407' title='bbox 622 3383 783 3451; x_wconf 79' lang='grc' dir='ltr'>σοφὸν</span> <span class='ocrx_word' id='word_1_408' title='bbox 810 3387 991 3456; x_wconf 71' lang='grc' dir='ltr'>ἰατρὸν</span> <span class='ocrx_word' id='word_1_409' title='bbox 1028 3389 1164 3460; x_wconf 71' lang='grc' dir='ltr'>πρὸς</span> <span class='ocrx_word' id='word_1_410' title='bbox 1189 3391 1257 3445; x_wconf 84' lang='grc' dir='ltr'>τὰ</span> <span class='ocrx_word' id='word_1_411' title='bbox 1279 3393 1504 3448; x_wconf 78' lang='grc' dir='ltr'>δυσίατα</span> <span class='ocrx_word' id='word_1_412' title='bbox 1533 3397 1700 3469; x_wconf 83' lang='grc' dir='ltr'>πάθη,</span> <span class='ocrx_word' id='word_1_413' title='bbox 1737 3401 1830 3453; x_wconf 74' lang='grc' dir='ltr'><strong>καὶ</strong></span> <span class='ocrx_word' id='word_1_414' title='bbox 1859 3403 1949 3457; x_wconf 80' lang='grc' dir='ltr'><strong>τὸν</strong></span> 
     </span>
    </p>
   </div>
   <div class='ocr_carea' id='block_1_53' title="bbox 372 3473 1946 3561">
    <p class='ocr_par' dir='ltr' id='par_1_53' title="bbox 372 3473 1946 3561">
     <span class='ocr_line' id='line_1_54' title="bbox 372 3473 1946 3561; baseline 0.018 -41"><span class='ocrx_word' id='word_1_415' title='bbox 372 3473 620 3536; x_wconf 86' lang='grc' dir='ltr'>γενναῖον</span> <span class='ocrx_word' id='word_1_416' title='bbox 660 3477 996 3548; x_wconf 85' lang='grc' dir='ltr'>στρατιώτην</span> <span class='ocrx_word' id='word_1_417' title='bbox 1021 3480 1158 3548; x_wconf 76' lang='grc' dir='ltr'>πρὸς</span> <span class='ocrx_word' id='word_1_418' title='bbox 1182 3483 1560 3558; x_wconf 77' lang='grc' dir='ltr'>ἀντικειμένην</span> <span class='ocrx_word' id='word_1_419' title='bbox 1586 3489 1810 3561; x_wconf 86' lang='grc' dir='ltr'>βαρεῖαν</span> <span class='ocrx_word' id='word_1_420' title='bbox 1842 3511 1946 3547; x_wconf 84' lang='grc' dir='ltr'>πα-</span> 
     </span>
    </p>
   </div>
   <div class='ocr_carea' id='block_1_54' title="bbox 377 3561 1944 3652">
    <p class='ocr_par' dir='ltr' id='par_1_54' title="bbox 377 3561 1944 3652">
     <span class='ocr_line' id='line_1_55' title="bbox 377 3561 1944 3652; baseline 0.017 -40"><span class='ocrx_word' id='word_1_421' title='bbox 377 3561 619 3632; x_wconf 82' lang='grc' dir='ltr'>ράταξιν,</span> <span class='ocrx_word' id='word_1_422' title='bbox 658 3569 751 3618; x_wconf 77' lang='grc' dir='ltr'><strong>καὶ</strong></span> <span class='ocrx_word' id='word_1_423' title='bbox 787 3567 882 3621; x_wconf 84' lang='grc' dir='ltr'>τὸν</span> <span class='ocrx_word' id='word_1_424' title='bbox 923 3571 1210 3628; x_wconf 79' lang='grc' dir='ltr'>σπουδαῖον</span> <span class='ocrx_word' id='word_1_425' title='bbox 1239 3576 1333 3629; x_wconf 74' lang='grc' dir='ltr'><strong>καὶ</strong></span> <span class='ocrx_word' id='word_1_426' title='bbox 1357 3578 1604 3652; x_wconf 81' lang='grc' dir='ltr'>ζηλωτὴν</span> <span class='ocrx_word' id='word_1_427' title='bbox 1633 3582 1910 3650; x_wconf 87' lang='grc' dir='ltr'>εὐσεϐείας</span> <span class='ocrx_word' id='word_1_428' title='bbox 1929 3627 1944 3649; x_wconf 89' lang='grc'><strong>,</strong></span> 
     </span>
    </p>
   </div>
   <div class='ocr_carea' id='block_1_55' title="bbox 373 3651 1947 3733">
    <p class='ocr_par' dir='ltr' id='par_1_55' title="bbox 373 3651 1947 3733">
     <span class='ocr_line' id='line_1_56' title="bbox 373 3651 1947 3733; baseline 0.018 -32"><span class='ocrx_word' id='word_1_429' title='bbox 373 3651 434 3702; x_wconf 84' lang='grc' dir='ltr'><strong>ἐν</strong></span> <span class='ocrx_word' id='word_1_430' title='bbox 461 3653 610 3724; x_wconf 78' lang='grc' dir='ltr'>ἀκμῇ</span> <span class='ocrx_word' id='word_1_431' title='bbox 640 3657 902 3711; x_wconf 81' lang='grc' dir='ltr'>κινδύνων</span> <span class='ocrx_word' id='word_1_432' title='bbox 932 3664 1026 3714; x_wconf 71' lang='grc' dir='ltr'>καὶ</span> <span class='ocrx_word' id='word_1_433' title='bbox 1054 3663 1362 3730; x_wconf 83' lang='grc' dir='ltr'>δυσκολίας,</span> <span class='ocrx_word' id='word_1_434' title='bbox 1389 3669 1538 3733; x_wconf 81' lang='grc' dir='ltr'>ὅπως</span> <span class='ocrx_word' id='word_1_435' title='bbox 1557 3651 1747 3727; x_wconf 71' lang='grc' dir='ltr'>ἑαυτόν</span> <span class='ocrx_word' id='word_1_436' title='bbox 1770 3692 1830 3728; x_wconf 87' lang='grc' dir='ltr'><strong>τε</strong></span> <span class='ocrx_word' id='word_1_437' title='bbox 1854 3678 1947 3730; x_wconf 76' lang='grc' dir='ltr'><strong>καὶ</strong></span> 
     </span>
    </p>
   </div>
   <div class='ocr_carea' id='block_1_56' title="bbox 371 3744 1946 3832">
    <p class='ocr_par' dir='ltr' id='par_1_56' title="bbox 371 3744 1946 3832">
     <span class='ocr_line' id='line_1_57' title="bbox 371 3744 1946 3832; baseline 0.019 -40"><span class='ocrx_word' id='word_1_438' title='bbox 371 3744 497 3804; x_wconf 77' lang='grc' dir='ltr'>τοὺς</span> <span class='ocrx_word' id='word_1_439' title='bbox 541 3745 732 3810; x_wconf 80' lang='grc' dir='ltr'>ἄλλους</span> <span class='ocrx_word' id='word_1_440' title='bbox 771 3749 1020 3823; x_wconf 79' lang='grc' dir='ltr'>ἐκσπάσῃ</span> <span class='ocrx_word' id='word_1_441' title='bbox 1051 3755 1114 3806; x_wconf 81' lang='grc' dir='ltr'><strong>ἐκ</strong></span> <span class='ocrx_word' id='word_1_442' title='bbox 1147 3759 1246 3826; x_wconf 80' lang='grc' dir='ltr'>τῆς</span> <span class='ocrx_word' id='word_1_443' title='bbox 1274 3758 1590 3832; x_wconf 81' lang='grc' dir='ltr'>ἐπιϐουλῆς.</span> <span class='ocrx_word' id='word_1_444' title='bbox 1635 3767 1750 3819; x_wconf 86' lang='grc' dir='ltr'>Οὐκ</span> <span class='ocrx_word' id='word_1_445' title='bbox 1799 3766 1946 3822; x_wconf 78' lang='grc' dir='ltr'>ἔστιν</span> 
     </span>
    </p>
   </div>
   <div class='ocr_carea' id='block_1_57' title="bbox 369 3828 1942 3927">
    <p class='ocr_par' dir='ltr' id='par_1_57' title="bbox 369 3828 1942 3927">
     <span class='ocr_line' id='line_1_58' title="bbox 369 3828 1942 3927; baseline 0.018 -43"><span class='ocrx_word' id='word_1_446' title='bbox 369 3828 469 3885; x_wconf 80' lang='grc' dir='ltr'><strong>οὖν</strong></span> <span class='ocrx_word' id='word_1_447' title='bbox 499 3829 638 3899; x_wconf 70' lang='grc' dir='ltr'>εἶδος</span> <span class='ocrx_word' id='word_1_448' title='bbox 661 3838 840 3908; x_wconf 80' lang='grc' dir='ltr'>εὑρεῖν</span> <span class='ocrx_word' id='word_1_449' title='bbox 861 3841 1069 3911; x_wconf 83' lang='grc' dir='ltr'>ἀρετῶν</span> <span class='ocrx_word' id='word_1_450' title='bbox 1091 3849 1239 3916; x_wconf 86' lang='grc' dir='ltr'><strong>παρά</strong></span> <span class='ocrx_word' id='word_1_451' title='bbox 1253 3865 1362 3901; x_wconf 90' lang='grc' dir='ltr'>τισι</span> <span class='ocrx_word' id='word_1_452' title='bbox 1379 3828 1546 3905; x_wconf 77' lang='grc' dir='ltr'>πάλαι</span> <span class='ocrx_word' id='word_1_453' title='bbox 1568 3854 1942 3927; x_wconf 81' lang='grc' dir='ltr'>φιλοπονηθὲν,</span> 
     </span>
    </p>
   </div>
   <div class='ocr_carea' id='block_1_58' title="bbox 369 3924 1942 4019">
    <p class='ocr_par' dir='ltr' id='par_1_58' title="bbox 369 3924 1942 4019">
     <span class='ocr_line' id='line_1_59' title="bbox 369 3924 1942 4019; baseline 0.018 -43"><span class='ocrx_word' id='word_1_454' title='bbox 369 3924 432 3977; x_wconf 83' lang='grc' dir='ltr'>τὸ</span> <span class='ocrx_word' id='word_1_455' title='bbox 462 3927 536 3996; x_wconf 78' lang='grc' dir='ltr'><strong>μὴ</strong></span> <span class='ocrx_word' id='word_1_456' title='bbox 568 3928 662 3981; x_wconf 79' lang='grc' dir='ltr'><strong>καὶ</strong></span> <span class='ocrx_word' id='word_1_457' title='bbox 687 3928 747 3982; x_wconf 89' lang='grc' dir='ltr'><strong>ἐν</strong></span> <span class='ocrx_word' id='word_1_458' title='bbox 773 3932 948 4003; x_wconf 83' lang='grc' dir='ltr'>τούτῳ</span> <span class='ocrx_word' id='word_1_459' title='bbox 975 3938 1336 4007; x_wconf 84' lang='grc' dir='ltr'>κατορθωθέν.</span> <span class='ocrx_word' id='word_1_460' title='bbox 1371 3943 1604 3998; x_wconf 82' lang='grc' dir='ltr'>Είκάσαι</span> <span class='ocrx_word' id='word_1_461' title='bbox 1629 3946 1686 3999; x_wconf 83' lang='grc' dir='ltr'><strong>δὲ</strong></span> <span class='ocrx_word' id='word_1_462' title='bbox 1715 3924 1942 4019; x_wconf 33' lang='grc' dir='ltr'>τὴν-αὺ-</span> 
     </span>
    </p>
   </div>
   <div class='ocr_carea' id='block_1_59' title="bbox 369 4013 1941 4108">
    <p class='ocr_par' dir='ltr' id='par_1_59' title="bbox 369 4013 1941 4108">
     <span class='ocr_line' id='line_1_60' title="bbox 369 4013 1941 4108; baseline 0.019 -44"><span class='ocrx_word' id='word_1_463' title='bbox 369 4013 463 4065; x_wconf 76' lang='grc' dir='ltr'><strong>τοῦ</strong></span> <span class='ocrx_word' id='word_1_464' title='bbox 495 4015 674 4087; x_wconf 74' lang='grc' dir='ltr'>ψυχὴν</span> <span class='ocrx_word' id='word_1_465' title='bbox 714 4017 832 4072; x_wconf 77' lang='grc' dir='ltr'>ἐστι</span> <span class='ocrx_word' id='word_1_466' title='bbox 859 4023 1044 4093; x_wconf 79' lang='grc' dir='ltr'>πηγὴν</span> <span class='ocrx_word' id='word_1_467' title='bbox 1074 4028 1344 4093; x_wconf 84' lang='grc' dir='ltr'>παντοίοις</span> <span class='ocrx_word' id='word_1_468' title='bbox 1387 4030 1654 4103; x_wconf 76' lang='grc' dir='ltr'>βρύουσαν</span> <span class='ocrx_word' id='word_1_469' title='bbox 1688 4013 1941 4108; x_wconf 83' lang='grc' dir='ltr'>νάμασιν,</span> 
     </span>
    </p>
   </div>
   <div class='ocr_carea' id='block_1_60' title="bbox 363 4099 1938 4197">
    <p class='ocr_par' dir='ltr' id='par_1_60' title="bbox 363 4099 1938 4197">
     <span class='ocr_line' id='line_1_61' title="bbox 363 4099 1938 4197; baseline 0.018 -44"><span class='ocrx_word' id='word_1_470' title='bbox 363 4099 607 4175; x_wconf 79' lang='grc' dir='ltr'>ὠφελείᾳ</span> <span class='ocrx_word' id='word_1_471' title='bbox 633 4108 726 4160; x_wconf 63' lang='grc' dir='ltr'><strong>καὶ⁵</strong></span> <span class='ocrx_word' id='word_1_472' title='bbox 754 4107 1050 4182; x_wconf 81' lang='grc' dir='ltr'>γλυκύτητι</span> <span class='ocrx_word' id='word_1_473' title='bbox 1081 4116 1172 4169; x_wconf 79' lang='grc' dir='ltr'><strong>καὶ</strong></span> <span class='ocrx_word' id='word_1_474' title='bbox 1200 4099 1396 4188; x_wconf 73' lang='grc' dir='ltr'>τέρψει</span> <span class='ocrx_word' id='word_1_475' title='bbox 1425 4099 1902 4197; x_wconf 43' lang='grc' dir='ltr'>’καθωραῖσμένοις</span> <span class='ocrx_word' id='word_1_476' title='bbox 1925 4099 1938 4159; x_wconf 56' lang='grc' dir='ltr'><strong>ί</strong></span> 
     </span>
    </p>
   </div>
   <div class='ocr_carea' id='block_1_61' title="bbox 369 4191 1938 4282">
    <p class='ocr_par' dir='ltr' id='par_1_61' title="bbox 369 4191 1938 4282">
     <span class='ocr_line' id='line_1_62' title="bbox 369 4191 1938 4282; baseline 0.018 -39"><span class='ocrx_word' id='word_1_477' title='bbox 369 4191 402 4260; x_wconf 82' lang='grc' dir='ltr'><strong>ἢ</strong></span> <span class='ocrx_word' id='word_1_478' title='bbox 430 4192 668 4264; x_wconf 75' lang='grc' dir='ltr'>λειμῶνα</span> <span class='ocrx_word' id='word_1_479' title='bbox 699 4200 1033 4270; x_wconf 78' lang='grc' dir='ltr'>κυπρίζοντα</span> <span class='ocrx_word' id='word_1_480' title='bbox 1071 4207 1329 4272; x_wconf 84' lang='grc' dir='ltr'>ποικίλοις</span> <span class='ocrx_word' id='word_1_481' title='bbox 1354 4211 1808 4282; x_wconf 78' lang='grc' dir='ltr'>ἀρωματίζουσαν</span> <span class='ocrx_word' id='word_1_482' title='bbox 1837 4221 1938 4273; x_wconf 78' lang='grc' dir='ltr'><strong>ἇνο</strong></span> 
     </span>
    </p>
   </div>
   <div class='ocr_carea' id='block_1_62' title="bbox 367 4280 1939 4375">
    <p class='ocr_par' dir='ltr' id='par_1_62' title="bbox 367 4280 1939 4375">
     <span class='ocr_line' id='line_1_63' title="bbox 367 4280 1939 4375; baseline 0.019 -43"><span class='ocrx_word' id='word_1_483' title='bbox 367 4280 516 4334; x_wconf 73' lang='grc' dir='ltr'>θέσιν</span> <span class='ocrx_word' id='word_1_484' title='bbox 541 4299 554 4313; x_wconf 91' lang='grc'><strong>·</strong></span> <span class='ocrx_word' id='word_1_485' title='bbox 587 4285 619 4355; x_wconf 80' lang='grc' dir='ltr'>ἢ</span> <span class='ocrx_word' id='word_1_486' title='bbox 659 4287 883 4358; x_wconf 78' lang='grc' dir='ltr'>οὐρανὸν</span> <span class='ocrx_word' id='word_1_487' title='bbox 923 4293 1163 4360; x_wconf 85' lang='grc' dir='ltr'>ἐπίγειον</span> <span class='ocrx_word' id='word_1_488' title='bbox 1189 4297 1462 4369; x_wconf 79' lang='grc' dir='ltr'>διαφόροις</span> <span class='ocrx_word' id='word_1_489' title='bbox 1491 4303 1805 4375; x_wconf 85' lang='grc' dir='ltr'>λαμπτῆρσι</span> <span class='ocrx_word' id='word_1_490' title='bbox 1843 4325 1939 4362; x_wconf 89' lang='grc' dir='ltr'>πε-</span> 
     </span>
    </p>
   </div>
   <div class='ocr_carea' id='block_1_63' title="bbox 367 4367 2014 4468">
    <p class='ocr_par' dir='ltr' id='par_1_63' title="bbox 367 4367 2014 4468">
     <span class='ocr_line' id='line_1_64' title="bbox 367 4367 2014 4468; baseline 0.019 -46"><span class='ocrx_word' id='word_1_491' title='bbox 367 4372 739 4443; x_wconf 68' lang='grc' dir='ltr'>ποικιλμένον,</span> <span class='ocrx_word' id='word_1_492' title='bbox 791 4378 823 4447; x_wconf 82' lang='grc' dir='ltr'><strong>ῆ</strong></span> <span class='ocrx_word' id='word_1_493' title='bbox 874 4382 1233 4452; x_wconf 75' lang='grc' dir='ltr'><strong>παράδεισον⁸</strong></span> <span class='ocrx_word' id='word_1_494' title='bbox 1288 4383 1401 4441; x_wconf 78' lang='grc' dir='ltr'>οἷον</span> <span class='ocrx_word' id='word_1_495' title='bbox 1448 4392 1666 4456; x_wconf 86' lang='grc' dir='ltr'>ἀκούεις</span> <span class='ocrx_word' id='word_1_496' title='bbox 1706 4396 1796 4449; x_wconf 68' lang='grc' dir='ltr'>τὸν</span> <span class='ocrx_word' id='word_1_497' title='bbox 1837 4400 1938 4468; x_wconf 82' lang='grc' dir='ltr'>τῆς</span> <span class='ocrx_word' id='word_1_498' title='bbox 1969 4367 2014 4422; x_wconf 76' lang='lat' dir='ltr'><strong>D</strong></span> 
     </span>
    </p>
   </div>
   <div class='ocr_carea' id='block_1_64' title="bbox 381 4459 1936 4560">
    <p class='ocr_par' dir='ltr' id='par_1_64' title="bbox 381 4459 1936 4560">
     <span class='ocr_line' id='line_1_65' title="bbox 381 4459 1936 4560; baseline 0.021 -48"><span class='ocrx_word' id='word_1_499' title='bbox 381 4459 543 4532; x_wconf 73' lang='grc' dir='ltr'>Ἐὃὶμ</span> <span class='ocrx_word' id='word_1_500' title='bbox 577 4465 822 4536; x_wconf 83' lang='grc' dir='ltr'>ἀπείροις</span> <span class='ocrx_word' id='word_1_501' title='bbox 871 4473 1169 4542; x_wconf 82' lang='grc' dir='ltr'>ἐγκάρποις</span> <span class='ocrx_word' id='word_1_502' title='bbox 1223 4479 1611 4552; x_wconf 76' lang='grc' dir='ltr'>ἀγλαῖζόμενον</span> <span class='ocrx_word' id='word_1_503' title='bbox 1659 4486 1896 4560; x_wconf 80' lang='grc' dir='ltr'>δένδροις</span> <span class='ocrx_word' id='word_1_504' title='bbox 1923 4509 1936 4521; x_wconf 84' lang='grc'>·</span> 
     </span>
    </p>
   </div>
   <div class='ocr_carea' id='block_1_65' title="bbox 363 4549 1938 4648">
    <p class='ocr_par' dir='ltr' id='par_1_65' title="bbox 363 4549 1938 4648">
     <span class='ocr_line' id='line_1_66' title="bbox 363 4549 1938 4648; baseline 0.022 -48"><span class='ocrx_word' id='word_1_505' title='bbox 363 4549 502 4620; x_wconf 82' lang='grc' dir='ltr'>πλὴν</span> <span class='ocrx_word' id='word_1_506' title='bbox 536 4553 610 4624; x_wconf 78' lang='grc' dir='ltr'>μὴ</span> <span class='ocrx_word' id='word_1_507' title='bbox 653 4555 813 4625; x_wconf 84' lang='grc' dir='ltr'>βατὸν</span> <span class='ocrx_word' id='word_1_508' title='bbox 859 4561 980 4629; x_wconf 72' lang='grc' dir='ltr'>ὄφει</span> <span class='ocrx_word' id='word_1_509' title='bbox 1023 4567 1411 4638; x_wconf 81' lang='grc' dir='ltr'>πονηροτάτῳ,</span> <span class='ocrx_word' id='word_1_510' title='bbox 1453 4549 1547 4625; x_wconf 74' lang='grc' dir='ltr'>καὶ</span> <span class='ocrx_word' id='word_1_511' title='bbox 1578 4575 1677 4645; x_wconf 81' lang='grc' dir='ltr'>τῆς</span> <span class='ocrx_word' id='word_1_512' title='bbox 1725 4549 1938 4648; x_wconf 75' lang='grc' dir='ltr'>ἐξορίας</span> 
     </span>
    </p>
   </div>
   <div class='ocr_carea' id='block_1_66' title="bbox 363 4641 1936 4735">
    <p class='ocr_par' dir='ltr' id='par_1_66' title="bbox 363 4641 1936 4735">
     <span class='ocr_line' id='line_1_67' title="bbox 363 4641 1936 4735; baseline 0.02 -42"><span class='ocrx_word' id='word_1_513' title='bbox 363 4641 604 4715; x_wconf 77' lang='grc' dir='ltr'>προξένῳ</span> <span class='ocrx_word' id='word_1_514' title='bbox 626 4663 641 4677; x_wconf 89' lang='grc'><strong>·</strong></span> <span class='ocrx_word' id='word_1_515' title='bbox 675 4647 707 4717; x_wconf 86' lang='grc' dir='ltr'>ἢ</span> <span class='ocrx_word' id='word_1_516' title='bbox 737 4651 785 4700; x_wconf 91' lang='grc' dir='ltr'><strong>εί</strong></span> <span class='ocrx_word' id='word_1_517' title='bbox 808 4650 935 4704; x_wconf 83' lang='grc' dir='ltr'>ἄλλο</span> <span class='ocrx_word' id='word_1_518' title='bbox 970 4670 1022 4707; x_wconf 88' lang='grc' dir='ltr'><strong>τι</strong></span> <span class='ocrx_word' id='word_1_519' title='bbox 1054 4655 1163 4708; x_wconf 91' lang='grc' dir='ltr'><strong>τῶν</strong></span> <span class='ocrx_word' id='word_1_520' title='bbox 1192 4657 1371 4712; x_wconf 87' lang='grc' dir='ltr'>καλῶν</span> <span class='ocrx_word' id='word_1_521' title='bbox 1399 4662 1492 4715; x_wconf 79' lang='grc' dir='ltr'>καὶ</span> <span class='ocrx_word' id='word_1_522' title='bbox 1520 4666 1769 4735; x_wconf 86' lang='grc' dir='ltr'>τερπνῶν</span> <span class='ocrx_word' id='word_1_523' title='bbox 1807 4671 1936 4724; x_wconf 89' lang='grc' dir='ltr'>πολ-</span> 
     </span>
    </p>
   </div>
   <div class='ocr_carea' id='block_1_67' title="bbox 361 4729 1934 4824">
    <p class='ocr_par' dir='ltr' id='par_1_67' title="bbox 361 4729 1934 4824">
     <span class='ocr_line' id='line_1_68' title="bbox 361 4729 1934 4824; baseline 0.019 -41"><span class='ocrx_word' id='word_1_524' title='bbox 361 4729 472 4795; x_wconf 88' lang='grc' dir='ltr'>λοῖς</span> <span class='ocrx_word' id='word_1_525' title='bbox 505 4736 597 4788; x_wconf 82' lang='grc' dir='ltr'>καὶ</span> <span class='ocrx_word' id='word_1_526' title='bbox 624 4737 900 4808; x_wconf 79' lang='grc' dir='ltr'>διαφόροις</span> <span class='ocrx_word' id='word_1_527' title='bbox 931 4743 1154 4810; x_wconf 81' lang='grc' dir='ltr'>ἀγαθοῖς</span> <span class='ocrx_word' id='word_1_528' title='bbox 1179 4749 1210 4818; x_wconf 83' lang='grc' dir='ltr'><strong>ή</strong></span> <span class='ocrx_word' id='word_1_529' title='bbox 1243 4749 1404 4818; x_wconf 84' lang='grc' dir='ltr'>φύσις</span> <span class='ocrx_word' id='word_1_530' title='bbox 1431 4729 1693 4824; x_wconf 71' lang='grc' dir='ltr'>τετίμηκε</span> <span class='ocrx_word' id='word_1_531' title='bbox 1719 4775 1733 4788; x_wconf 74' lang='grc' dir='ltr'><strong><em>ο</em></strong></span> <span class='ocrx_word' id='word_1_532' title='bbox 1755 4762 1934 4814; x_wconf 83' lang='grc' dir='ltr'>τοιαύ-</span> 
     </span>
    </p>
   </div>
   <div class='ocr_carea' id='block_1_68' title="bbox 358 4819 1938 4920">
    <p class='ocr_par' dir='ltr' id='par_1_68' title="bbox 358 4819 1938 4920">
     <span class='ocr_line' id='line_1_69' title="bbox 358 4819 1938 4920; baseline 0.022 -47"><span class='ocrx_word' id='word_1_533' title='bbox 358 4838 458 4890; x_wconf 83' lang='grc' dir='ltr'><strong>την</strong></span> <span class='ocrx_word' id='word_1_534' title='bbox 494 4819 632 4879; x_wconf 74' lang='grc' dir='ltr'>εἶναι</span> <span class='ocrx_word' id='word_1_535' title='bbox 667 4828 880 4897; x_wconf 76' lang='grc' dir='ltr'>λογίζου</span> <span class='ocrx_word' id='word_1_536' title='bbox 913 4836 1011 4904; x_wconf 86' lang='grc' dir='ltr'>τὴν</span> <span class='ocrx_word' id='word_1_537' title='bbox 1048 4837 1139 4889; x_wconf 76' lang='grc' dir='ltr'><strong>τοῦ</strong></span> <span class='ocrx_word' id='word_1_538' title='bbox 1171 4840 1406 4906; x_wconf 87' lang='grc' dir='ltr'>μεγάλου</span> <span class='ocrx_word' id='word_1_539' title='bbox 1467 4819 1704 4918; x_wconf 66' lang='grc' dir='ltr'>Ἐιρραῖμ</span> <span class='ocrx_word' id='word_1_540' title='bbox 1761 4869 1938 4920; x_wconf 88' lang='grc' dir='ltr'>μακα-</span> 
     </span>
    </p>
   </div>
   <div class='ocr_carea' id='block_1_69' title="bbox 362 4909 1936 4993">
    <p class='ocr_par' dir='ltr' id='par_1_69' title="bbox 362 4909 1936 4993">
     <span class='ocr_line' id='line_1_70' title="bbox 362 4909 1936 4993; baseline 0.022 -33"><span class='ocrx_word' id='word_1_541' title='bbox 362 4909 485 4980; x_wconf 86' lang='grc' dir='ltr'>ρίαν</span> <span class='ocrx_word' id='word_1_542' title='bbox 511 4913 708 4983; x_wconf 76' lang='grc' dir='ltr'>ψυχὴν,</span> <span class='ocrx_word' id='word_1_543' title='bbox 742 4919 962 4984; x_wconf 80' lang='grc' dir='ltr'>πολλαῖς</span> <span class='ocrx_word' id='word_1_544' title='bbox 988 4924 1196 4993; x_wconf 86' lang='grc' dir='ltr'>ἀρετῶν</span> <span class='ocrx_word' id='word_1_545' title='bbox 1225 4927 1389 4993; x_wconf 83' lang='grc' dir='ltr'>ἰδέαις</span> <span class='ocrx_word' id='word_1_546' title='bbox 1411 4932 1675 4990; x_wconf 85' lang='grc' dir='ltr'>πάντοθεν</span> <span class='ocrx_word' id='word_1_547' title='bbox 1705 4940 1936 4992; x_wconf 87' lang='grc' dir='ltr'>κυκλου-</span> 
     </span>
    </p>
   </div>
   <div class='ocr_carea' id='block_1_70' title="bbox 361 4999 1935 5096">
    <p class='ocr_par' dir='ltr' id='par_1_70' title="bbox 361 4999 1935 5096">
     <span class='ocr_line' id='line_1_71' title="bbox 361 4999 1935 5096; baseline 0.022 -45"><span class='ocrx_word' id='word_1_548' title='bbox 361 4999 551 5071; x_wconf 84' lang='grc' dir='ltr'>μένην.</span> <span class='ocrx_word' id='word_1_549' title='bbox 587 5007 834 5078; x_wconf 88' lang='grc' dir='ltr'>Μελέτην</span> <span class='ocrx_word' id='word_1_550' title='bbox 881 5011 990 5082; x_wconf 83' lang='grc' dir='ltr'><strong>γὰρ</strong></span> <span class='ocrx_word' id='word_1_551' title='bbox 1019 5015 1046 5066; x_wconf 89' lang='lat'><strong>6</strong></span> <span class='ocrx_word' id='word_1_552' title='bbox 1091 5015 1393 5087; x_wconf 79' lang='grc' dir='ltr'>θαυμάσιος</span> <span class='ocrx_word' id='word_1_553' title='bbox 1439 5022 1529 5076; x_wconf 82' lang='grc' dir='ltr'>διὰ</span> <span class='ocrx_word' id='word_1_554' title='bbox 1574 5025 1690 5095; x_wconf 87' lang='grc' dir='ltr'>βίου</span> <span class='ocrx_word' id='word_1_555' title='bbox 1737 5033 1935 5096; x_wconf 77' lang='grc' dir='ltr'>παντὸς</span> 
     </span>
    </p>
   </div>
   <div class='ocr_carea' id='block_1_71' title="bbox 358 5087 1928 5185">
    <p class='ocr_par' dir='ltr' id='par_1_71' title="bbox 358 5087 1928 5185">
     <span class='ocr_line' id='line_1_72' title="bbox 358 5087 1928 5185; baseline 0.022 -44"><span class='ocrx_word' id='word_1_556' title='bbox 358 5087 620 5160; x_wconf 82' lang='grc' dir='ltr'>θέμενος,</span> <span class='ocrx_word' id='word_1_557' title='bbox 653 5098 752 5168; x_wconf 76' lang='grc' dir='ltr'><strong>τὴν</strong></span> <span class='ocrx_word' id='word_1_558' title='bbox 797 5100 985 5172; x_wconf 84' lang='grc' dir='ltr'>όλικὴν</span> <span class='ocrx_word' id='word_1_559' title='bbox 1039 5107 1342 5176; x_wconf 81' lang='grc' dir='ltr'>κτήσασθαι</span> <span class='ocrx_word' id='word_1_560' title='bbox 1386 5087 1608 5185; x_wconf 78' lang='grc' dir='ltr'>ἀρετὴν,</span> <span class='ocrx_word' id='word_1_561' title='bbox 1639 5119 1708 5172; x_wconf 77' lang='grc' dir='ltr'>τὰ</span> <span class='ocrx_word' id='word_1_562' title='bbox 1753 5087 1928 5174; x_wconf 68' lang='grc' dir='ltr'>πάντα</span> 
     </span>
    </p>
   </div>
   <div class='ocr_carea' id='block_1_72' title="bbox 356 5178 1641 5276">
    <p class='ocr_par' dir='ltr' id='par_1_72' title="bbox 356 5178 1641 5276">
     <span class='ocr_line' id='line_1_73' title="bbox 356 5178 1641 5276; baseline 0.023 -45"><span class='ocrx_word' id='word_1_563' title='bbox 356 5178 652 5239; x_wconf 68' lang='grc' dir='ltr'>ἐσπούδασε</span> <span class='ocrx_word' id='word_1_564' title='bbox 691 5190 848 5258; x_wconf 86' lang='grc' dir='ltr'>μόνος</span> <span class='ocrx_word' id='word_1_565' title='bbox 880 5195 1198 5266; x_wconf 84' lang='grc' dir='ltr'>περιλαϐεῖν</span> <span class='ocrx_word' id='word_1_566' title='bbox 1232 5178 1641 5276; x_wconf 73' lang='grc' dir='ltr'>προτερήματα.</span> 
     </span>
    </p>
   </div>
   <div class='ocr_carea' id='block_1_73' title="bbox 349 5267 2010 5373">
    <p class='ocr_par' dir='ltr' id='par_1_73' title="bbox 349 5267 2010 5373">
     <span class='ocr_line' id='line_1_74' title="bbox 349 5267 2010 5373; baseline 0.028 -53"><span class='ocrx_word' id='word_1_567' title='bbox 349 5267 527 5334; x_wconf 85' lang='lat' dir='ltr'><strong>jusvis</strong></span> <span class='ocrx_word' id='word_1_568' title='bbox 547 5281 766 5346; x_wconf 76' lang='lat' dir='ltr'><strong>generis</strong></span> <span class='ocrx_word' id='word_1_569' title='bbox 802 5283 1062 5339; x_wconf 85' lang='lat' dir='ltr'><strong>virtutum</strong></span> <span class='ocrx_word' id='word_1_570' title='bbox 1093 5267 1320 5344; x_wconf 78' lang='lat' dir='ltr'><strong>cliorqu</strong></span> <span class='ocrx_word' id='word_1_571' title='bbox 1357 5295 1682 5364; x_wconf 88' lang='lat' dir='ltr'><strong>possideret,</strong></span> <span class='ocrx_word' id='word_1_572' title='bbox 1719 5316 1782 5355; x_wconf 89' lang='lat' dir='ltr'><strong>ac</strong></span> <span class='ocrx_word' id='word_1_573' title='bbox 1811 5307 2010 5373; x_wconf 85' lang='lat' dir='ltr'><strong>quibus</strong></span> 
     </span>
    </p>
   </div>
   <div class='ocr_carea' id='block_1_74' title="bbox 355 5363 910 5439">
    <p class='ocr_par' dir='ltr' id='par_1_74' title="bbox 355 5363 910 5439">
     <span class='ocr_line' id='line_1_75' title="bbox 355 5363 910 5439; baseline 0.023 -22"><span class='ocrx_word' id='word_1_574' title='bbox 355 5363 474 5433; x_wconf 81' lang='lat' dir='ltr'><strong>ipse</strong></span> <span class='ocrx_word' id='word_1_575' title='bbox 506 5383 910 5439; x_wconf 84' lang='lat' dir='ltr'><strong>assequeretur.</strong></span> 
     </span>
    </p>
   </div>
   <div class='ocr_carea' id='block_1_75' title="bbox 427 5458 1925 5550">
    <p class='ocr_par' dir='ltr' id='par_1_75' title="bbox 427 5458 1925 5550">
     <span class='ocr_line' id='line_1_76' title="bbox 427 5458 1925 5550; baseline 0.022 -42"><span class='ocrx_word' id='word_1_576' title='bbox 427 5458 534 5510; x_wconf 84' lang='grc' dir='ltr'>Τοῦ</span> <span class='ocrx_word' id='word_1_577' title='bbox 563 5461 670 5530; x_wconf 76' lang='grc' dir='ltr'>γὰρ</span> <span class='ocrx_word' id='word_1_578' title='bbox 701 5465 760 5514; x_wconf 82' lang='grc' dir='ltr'><strong>ἐν</strong></span> <span class='ocrx_word' id='word_1_579' title='bbox 802 5465 1030 5533; x_wconf 84' lang='grc' dir='ltr'>δικαίοις</span> <span class='ocrx_word' id='word_1_580' title='bbox 1061 5472 1277 5543; x_wconf 84' lang='grc' dir='ltr'>πρώτου</span> <span class='ocrx_word' id='word_1_581' title='bbox 1313 5477 1478 5531; x_wconf 80' lang='grc' dir='ltr'>Ἀϐελ</span> <span class='ocrx_word' id='word_1_582' title='bbox 1515 5480 1612 5550; x_wconf 79' lang='grc' dir='ltr'><strong>τὴν</strong></span> <span class='ocrx_word' id='word_1_583' title='bbox 1651 5483 1925 5541; x_wconf 82' lang='grc' dir='ltr'>θεόλεκτον</span> 
     </span>
    </p>
   </div>
   <div class='ocr_carea' id='block_1_76' title="bbox 365 5546 1926 5638">
    <p class='ocr_par' dir='ltr' id='par_1_76' title="bbox 365 5546 1926 5638">
     <span class='ocr_line' id='line_1_77' title="bbox 365 5546 1926 5638; baseline 0.02 -41"><span class='ocrx_word' id='word_1_584' title='bbox 365 5546 440 5609; x_wconf 84' lang='grc' dir='ltr'>ὡς</span> <span class='ocrx_word' id='word_1_585' title='bbox 472 5549 646 5618; x_wconf 79' lang='grc' dir='ltr'>ἱερεὺς</span> <span class='ocrx_word' id='word_1_586' title='bbox 680 5553 1128 5628; x_wconf 82' lang='grc' dir='ltr'>ἐκμιμησάμενος</span> <span class='ocrx_word' id='word_1_587' title='bbox 1178 5569 1525 5638; x_wconf 77' lang='grc' dir='ltr'>προσφορὰν,</span> <span class='ocrx_word' id='word_1_588' title='bbox 1568 5546 1672 5625; x_wconf 81' lang='grc' dir='ltr'>οὐκ</span> <span class='ocrx_word' id='word_1_589' title='bbox 1709 5575 1773 5627; x_wconf 84' lang='grc' dir='ltr'><strong>ἐκ</strong></span> <span class='ocrx_word' id='word_1_590' title='bbox 1809 5595 1926 5630; x_wconf 83' lang='grc' dir='ltr'>ποι-</span> 
     </span>
    </p>
   </div>
   <div class='ocr_carea' id='block_1_77' title="bbox 356 5637 1924 5732">
    <p class='ocr_par' dir='ltr' id='par_1_77' title="bbox 356 5637 1924 5732">
     <span class='ocr_line' id='line_1_78' title="bbox 356 5637 1924 5732; baseline 0.022 -45"><span class='ocrx_word' id='word_1_591' title='bbox 356 5637 525 5705; x_wconf 88' lang='grc' dir='ltr'>μνίων</span> <span class='ocrx_word' id='word_1_592' title='bbox 551 5639 787 5711; x_wconf 88' lang='grc' dir='ltr'>θύματα,</span> <span class='ocrx_word' id='word_1_593' title='bbox 819 5646 938 5699; x_wconf 84' lang='grc' dir='ltr'>οὐδὲ</span> <span class='ocrx_word' id='word_1_594' title='bbox 969 5653 1135 5724; x_wconf 88' lang='grc' dir='ltr'>στέαρ</span> <span class='ocrx_word' id='word_1_595' title='bbox 1157 5657 1344 5728; x_wconf 85' lang='grc' dir='ltr'>Κυρίῳ</span> <span class='ocrx_word' id='word_1_596' title='bbox 1368 5664 1756 5732; x_wconf 84' lang='grc' dir='ltr'>προσήνεγκεν,</span> <span class='ocrx_word' id='word_1_597' title='bbox 1791 5669 1924 5723; x_wconf 69' lang='grc' dir='ltr'>ἀλλὰ</span> 
     </span>
    </p>
   </div>
   <div class='ocr_carea' id='block_1_78' title="bbox 355 5726 1924 5825">
    <p class='ocr_par' dir='ltr' id='par_1_78' title="bbox 355 5726 1924 5825">
     <span class='ocr_line' id='line_1_79' title="bbox 355 5726 1924 5825; baseline 0.023 -46"><span class='ocrx_word' id='word_1_598' title='bbox 355 5726 544 5786; x_wconf 66' lang='grc' dir='ltr'>θυείαν</span> <span class='ocrx_word' id='word_1_599' title='bbox 566 5733 921 5803; x_wconf 84' lang='grc' dir='ltr'>ἀναίμακτον,</span> <span class='ocrx_word' id='word_1_600' title='bbox 943 5740 1039 5810; x_wconf 80' lang='grc' dir='ltr'><strong>τὴν</strong></span> <span class='ocrx_word' id='word_1_601' title='bbox 1065 5743 1287 5817; x_wconf 71' lang='grc' dir='ltr'>λογικὴν</span> <span class='ocrx_word' id='word_1_602' title='bbox 1314 5749 1586 5823; x_wconf 83' lang='grc' dir='ltr'>λατρείαν.</span> <span class='ocrx_word' id='word_1_603' title='bbox 1614 5755 1726 5825; x_wconf 80' lang='grc' dir='ltr'>βίου</span> <span class='ocrx_word' id='word_1_604' title='bbox 1757 5762 1924 5814; x_wconf 78' lang='grc' dir='ltr'>καθα-</span> 
     </span>
    </p>
   </div>
   <div class='ocr_carea' id='block_1_79' title="bbox 685 5827 1385 5901">
    <p class='ocr_par' dir='ltr' id='par_1_79' title="bbox 685 5827 1385 5901">
     <span class='ocr_line' id='line_1_80' title="bbox 685 5827 1385 5901; baseline 0.021 -16"><span class='ocrx_word' id='word_1_605' title='bbox 685 5827 955 5888; x_wconf 59' lang='grc' dir='ltr'><strong>Ρριτιιοι..</strong></span> <span class='ocrx_word' id='word_1_606' title='bbox 1005 5833 1122 5894; x_wconf 77' lang='lat' dir='ltr'><strong>Gn.</strong></span> <span class='ocrx_word' id='word_1_607' title='bbox 1175 5838 1219 5894; x_wconf 83' lang='lat' dir='ltr'><strong>X</strong></span> <span class='ocrx_word' id='word_1_608' title='bbox 1240 5839 1385 5901; x_wconf 74' lang='lat' dir='ltr'><strong>LW.</strong></span> 
     </span>
    </p>
   </div>
   <div class='ocr_carea' id='block_1_80' title="bbox 2142 2137 3642 2233">
    <p class='ocr_par' dir='ltr' id='par_1_80' title="bbox 2142 2137 3642 2233">
     <span class='ocr_line' id='line_1_81' title="bbox 2142 2137 3642 2233; baseline 0.022 -42"><span class='ocrx_word' id='word_1_609' title='bbox 2142 2137 2291 2196; x_wconf 87' lang='lat' dir='ltr'><strong>Talis</strong></span> <span class='ocrx_word' id='word_1_610' title='bbox 2325 2152 2503 2200; x_wconf 87' lang='lat' dir='ltr'><strong>autem</strong></span> <span class='ocrx_word' id='word_1_611' title='bbox 2537 2148 2756 2218; x_wconf 87' lang='lat' dir='ltr'><strong>pietatis</strong></span> <span class='ocrx_word' id='word_1_612' title='bbox 2791 2155 2908 2208; x_wconf 87' lang='lat' dir='ltr'><strong>zelo</strong></span> <span class='ocrx_word' id='word_1_613' title='bbox 2946 2159 3157 2213; x_wconf 82' lang='lat' dir='ltr'><strong>exstitit</strong></span> <span class='ocrx_word' id='word_1_614' title='bbox 3188 2177 3418 2233; x_wconf 79' lang='lat' dir='ltr'><strong>magnus</strong></span> <span class='ocrx_word' id='word_1_615' title='bbox 3453 2179 3642 2226; x_wconf 87' lang='lat' dir='ltr'><strong>noster</strong></span> 
     </span>
    </p>
   </div>
   <div class='ocr_carea' id='block_1_81' title="bbox 2064 2234 3638 2314">
    <p class='ocr_par' dir='ltr' id='par_1_81' title="bbox 2064 2234 3638 2314">
     <span class='ocr_line' id='line_1_82' title="bbox 2064 2234 3638 2314; baseline 0.021 -34"><span class='ocrx_word' id='word_1_616' title='bbox 2064 2237 2224 2297; x_wconf 90' lang='lat' dir='ltr'><strong>pater</strong></span> <span class='ocrx_word' id='word_1_617' title='bbox 2247 2241 2301 2287; x_wconf 91' lang='lat' dir='ltr'><strong>et</strong></span> <span class='ocrx_word' id='word_1_618' title='bbox 2345 2234 2544 2293; x_wconf 89' lang='lat' dir='ltr'><strong>doctor</strong></span> <span class='ocrx_word' id='word_1_619' title='bbox 2568 2239 2628 2294; x_wconf 87' lang='lat' dir='ltr'><strong>S.</strong></span> <span class='ocrx_word' id='word_1_620' title='bbox 2654 2240 2929 2312; x_wconf 72' lang='lat' dir='ltr'><strong>Epltrwm,</strong></span> <span class='ocrx_word' id='word_1_621' title='bbox 2969 2263 3093 2302; x_wconf 86' lang='lat' dir='ltr'><strong>nam</strong></span> <span class='ocrx_word' id='word_1_622' title='bbox 3124 2251 3260 2305; x_wconf 88' lang='lat' dir='ltr'><strong>alias</strong></span> <span class='ocrx_word' id='word_1_623' title='bbox 3293 2267 3638 2314; x_wconf 88' lang='lat' dir='ltr'><strong>mansuetum</strong></span> 
     </span>
    </p>
   </div>
   <div class='ocr_carea' id='block_1_82' title="bbox 2063 2324 3640 2406">
    <p class='ocr_par' dir='ltr' id='par_1_82' title="bbox 2063 2324 3640 2406">
     <span class='ocr_line' id='line_1_83' title="bbox 2063 2324 3640 2406; baseline 0.022 -33"><span class='ocrx_word' id='word_1_624' title='bbox 2063 2334 2122 2374; x_wconf 93' lang='lat' dir='ltr'><strong>se</strong></span> <span class='ocrx_word' id='word_1_625' title='bbox 2153 2324 2401 2390; x_wconf 69' lang='lat' dir='ltr'><strong>praebens</strong></span> <span class='ocrx_word' id='word_1_626' title='bbox 2430 2343 2493 2383; x_wconf 92' lang='lat' dir='ltr'><strong>ac</strong></span> <span class='ocrx_word' id='word_1_627' title='bbox 2527 2331 2734 2400; x_wconf 84' lang='lat' dir='ltr'><strong>mitem,</strong></span> <span class='ocrx_word' id='word_1_628' title='bbox 2761 2351 2884 2390; x_wconf 70' lang='lat' dir='ltr'><strong>cum</strong></span> <span class='ocrx_word' id='word_1_629' title='bbox 2910 2340 3059 2395; x_wconf 89' lang='lat' dir='ltr'><strong>nulla</strong></span> <span class='ocrx_word' id='word_1_630' title='bbox 3087 2341 3401 2401; x_wconf 87' lang='lat' dir='ltr'><strong>decertandi</strong></span> <span class='ocrx_word' id='word_1_631' title='bbox 3447 2365 3640 2406; x_wconf 82' lang='lat' dir='ltr'><strong>neces-</strong></span> 
     </span>
    </p>
   </div>
   <div class='ocr_carea' id='block_1_83' title="bbox 2061 2409 3635 2500">
    <p class='ocr_par' dir='ltr' id='par_1_83' title="bbox 2061 2409 3635 2500">
     <span class='ocr_line' id='line_1_84' title="bbox 2061 2409 3635 2500; baseline 0.022 -38"><span class='ocrx_word' id='word_1_632' title='bbox 2061 2409 2196 2466; x_wconf 85' lang='lat' dir='ltr'><strong>sitas</strong></span> <span class='ocrx_word' id='word_1_633' title='bbox 2228 2427 2447 2484; x_wconf 86' lang='lat' dir='ltr'><strong>urgeret</strong></span> <span class='ocrx_word' id='word_1_634' title='bbox 2477 2437 2490 2473; x_wconf 77' lang='grc' dir='ltr'>ι</span> <span class='ocrx_word' id='word_1_635' title='bbox 2520 2421 2660 2477; x_wconf 89' lang='lat' dir='ltr'><strong>alias</strong></span> <span class='ocrx_word' id='word_1_636' title='bbox 2695 2425 2950 2480; x_wconf 88' lang='lat' dir='ltr'><strong>acerbum</strong></span> <span class='ocrx_word' id='word_1_637' title='bbox 2982 2445 3045 2482; x_wconf 91' lang='lat' dir='ltr'><strong>ac</strong></span> <span class='ocrx_word' id='word_1_638' title='bbox 3081 2447 3323 2500; x_wconf 82' lang='lat' dir='ltr'><strong>gravem,</strong></span> <span class='ocrx_word' id='word_1_639' title='bbox 3351 2453 3475 2491; x_wconf 94' lang='lat' dir='ltr'><strong>cum</strong></span> <span class='ocrx_word' id='word_1_640' title='bbox 3513 2441 3635 2496; x_wconf 82' lang='lat' dir='ltr'><strong>lidci</strong></span> 
     </span>
    </p>
   </div>
   <div class='ocr_carea' id='block_1_84' title="bbox 2061 2503 3636 2598">
    <p class='ocr_par' dir='ltr' id='par_1_84' title="bbox 2061 2503 3636 2598">
     <span class='ocr_line' id='line_1_85' title="bbox 2061 2503 3636 2598; baseline 0.022 -46"><span class='ocrx_word' id='word_1_641' title='bbox 2061 2503 2366 2568; x_wconf 89' lang='lat' dir='ltr'><strong>periculum</strong></span> <span class='ocrx_word' id='word_1_642' title='bbox 2415 2508 2747 2581; x_wconf 86' lang='lat' dir='ltr'><strong>immineret,</strong></span> <span class='ocrx_word' id='word_1_643' title='bbox 2782 2530 2978 2572; x_wconf 86' lang='lat' dir='ltr'><strong>cuncta</strong></span> <span class='ocrx_word' id='word_1_644' title='bbox 3027 2523 3322 2590; x_wconf 86' lang='lat' dir='ltr'><strong>prudenter</strong></span> <span class='ocrx_word' id='word_1_645' title='bbox 3364 2544 3464 2598; x_wconf 89' lang='lat' dir='ltr'><strong>pro</strong></span> <span class='ocrx_word' id='word_1_646' title='bbox 3499 2538 3636 2586; x_wconf 89' lang='lat' dir='ltr'><strong>tem-</strong></span> 
     </span>
    </p>
   </div>
   <div class='ocr_carea' id='block_1_85' title="bbox 2059 2592 3633 2694">
    <p class='ocr_par' dir='ltr' id='par_1_85' title="bbox 2059 2592 3633 2694">
     <span class='ocr_line' id='line_1_86' title="bbox 2059 2592 3633 2694; baseline 0.024 -53"><span class='ocrx_word' id='word_1_647' title='bbox 2059 2592 2208 2658; x_wconf 88' lang='lat' dir='ltr'><strong>poris</strong></span> <span class='ocrx_word' id='word_1_648' title='bbox 2242 2599 2451 2653; x_wconf 86' lang='lat' dir='ltr'><strong>ratione</strong></span> <span class='ocrx_word' id='word_1_649' title='bbox 2482 2602 2890 2664; x_wconf 84' lang='lat' dir='ltr'><strong>moderabatur.</strong></span> <span class='ocrx_word' id='word_1_650' title='bbox 2931 2609 2994 2664; x_wconf 85' lang='lat' dir='ltr'><strong>Et</strong></span> <span class='ocrx_word' id='word_1_651' title='bbox 3021 2629 3087 2668; x_wconf 82' lang='lat' dir='ltr'><strong>ex</strong></span> <span class='ocrx_word' id='word_1_652' title='bbox 3115 2614 3223 2671; x_wconf 73' lang='lat' dir='ltr'><strong>hoc</strong></span> <span class='ocrx_word' id='word_1_653' title='bbox 3255 2592 3473 2687; x_wconf 82' lang='lat' dir='ltr'><strong>quidem</strong></span> <span class='ocrx_word' id='word_1_654' title='bbox 3504 2639 3633 2694; x_wconf 83' lang='lat' dir='ltr'><strong>erga</strong></span> 
     </span>
    </p>
   </div>
   <div class='ocr_carea' id='block_1_86' title="bbox 2058 2679 3634 2778">
    <p class='ocr_par' dir='ltr' id='par_1_86' title="bbox 2058 2679 3634 2778">
     <span class='ocr_line' id='line_1_87' title="bbox 2058 2679 3634 2778; baseline 0.021 -44"><span class='ocrx_word' id='word_1_655' title='bbox 2058 2679 2225 2735; x_wconf 86' lang='lat' dir='ltr'><strong>Deum</strong></span> <span class='ocrx_word' id='word_1_656' title='bbox 2266 2688 2404 2752; x_wconf 84' lang='lat' dir='ltr'><strong>zelo,</strong></span> <span class='ocrx_word' id='word_1_657' title='bbox 2436 2705 2543 2744; x_wconf 92' lang='lat' dir='ltr'><strong>non</strong></span> <span class='ocrx_word' id='word_1_658' title='bbox 2584 2693 2766 2750; x_wconf 90' lang='lat' dir='ltr'><strong>minus</strong></span> <span class='ocrx_word' id='word_1_659' title='bbox 2803 2713 2966 2767; x_wconf 89' lang='lat' dir='ltr'><strong>quam</strong></span> <span class='ocrx_word' id='word_1_660' title='bbox 2998 2701 3068 2756; x_wconf 91' lang='lat' dir='ltr'><strong>ob</strong></span> <span class='ocrx_word' id='word_1_661' title='bbox 3098 2706 3266 2759; x_wconf 91' lang='lat' dir='ltr'><strong>multa</strong></span> <span class='ocrx_word' id='word_1_662' title='bbox 3299 2707 3534 2778; x_wconf 81' lang='lat' dir='ltr'><strong>jejunia,</strong></span> <span class='ocrx_word' id='word_1_663' title='bbox 3568 2728 3634 2766; x_wconf 88' lang='lat' dir='ltr'><strong>ac</strong></span> 
     </span>
    </p>
   </div>
   <div class='ocr_carea' id='block_1_87' title="bbox 2055 2771 3628 2857">
    <p class='ocr_par' dir='ltr' id='par_1_87' title="bbox 2055 2771 3628 2857">
     <span class='ocr_line' id='line_1_88' title="bbox 2055 2771 3628 2857; baseline 0.02 -33"><span class='ocrx_word' id='word_1_664' title='bbox 2055 2771 2345 2843; x_wconf 82' lang='lat' dir='ltr'><strong>lacrymas,</strong></span> <span class='ocrx_word' id='word_1_665' title='bbox 2371 2781 2772 2854; x_wconf 86' lang='lat' dir='ltr'><strong>continuasque</strong></span> <span class='ocrx_word' id='word_1_666' title='bbox 2796 2803 2987 2857; x_wconf 87' lang='lat' dir='ltr'><strong>preces</strong></span> <span class='ocrx_word' id='word_1_667' title='bbox 3017 2797 3484 2856; x_wconf 84' lang='lat' dir='ltr'><strong>commendandus</strong></span> <span class='ocrx_word' id='word_1_668' title='bbox 3507 2813 3589 2857; x_wconf 81' lang='lat' dir='ltr'><strong>est</strong></span> <span class='ocrx_word' id='word_1_669' title='bbox 3613 2823 3628 2856; x_wconf 89' lang='lat'><strong>:</strong></span> 
     </span>
    </p>
   </div>
   <div class='ocr_carea' id='block_1_88' title="bbox 2054 2869 3628 2961">
    <p class='ocr_par' dir='ltr' id='par_1_88' title="bbox 2054 2869 3628 2961">
     <span class='ocr_line' id='line_1_89' title="bbox 2054 2869 3628 2961; baseline 0.02 -46"><span class='ocrx_word' id='word_1_670' title='bbox 2054 2873 2219 2934; x_wconf 89' lang='lat' dir='ltr'><strong>atque</strong></span> <span class='ocrx_word' id='word_1_671' title='bbox 2253 2869 2395 2922; x_wconf 87' lang='lat' dir='ltr'><strong>haud</strong></span> <span class='ocrx_word' id='word_1_672' title='bbox 2426 2874 2566 2936; x_wconf 88' lang='lat' dir='ltr'><strong>scio,</strong></span> <span class='ocrx_word' id='word_1_673' title='bbox 2596 2891 2666 2930; x_wconf 92' lang='lat' dir='ltr'><strong>an</strong></span> <span class='ocrx_word' id='word_1_674' title='bbox 2709 2890 2997 2948; x_wconf 81' lang='lat' dir='ltr'><strong>propterea</strong></span> <span class='ocrx_word' id='word_1_675' title='bbox 3037 2885 3202 2939; x_wconf 81' lang='lat' dir='ltr'><strong>etiam</strong></span> <span class='ocrx_word' id='word_1_676' title='bbox 3248 2889 3442 2958; x_wconf 84' lang='lat' dir='ltr'><strong>magis,</strong></span> <span class='ocrx_word' id='word_1_677' title='bbox 3482 2895 3628 2961; x_wconf 91' lang='lat' dir='ltr'><strong>quod</strong></span> 
     </span>
    </p>
   </div>
   <div class='ocr_carea' id='block_1_89' title="bbox 2061 2957 3628 3040">
    <p class='ocr_par' dir='ltr' id='par_1_89' title="bbox 2061 2957 3628 3040">
     <span class='ocr_line' id='line_1_90' title="bbox 2061 2957 3628 3040; baseline 0.019 -30"><span class='ocrx_word' id='word_1_678' title='bbox 2061 2957 2165 3012; x_wconf 89' lang='lat' dir='ltr'><strong>ista</strong></span> <span class='ocrx_word' id='word_1_679' title='bbox 2211 2960 2262 3014; x_wconf 92' lang='lat' dir='ltr'><strong>in</strong></span> <span class='ocrx_word' id='word_1_680' title='bbox 2307 2977 2372 3017; x_wconf 92' lang='lat' dir='ltr'><strong>eo</strong></span> <span class='ocrx_word' id='word_1_681' title='bbox 2404 2980 2515 3019; x_wconf 91' lang='lat' dir='ltr'><strong>uno</strong></span> <span class='ocrx_word' id='word_1_682' title='bbox 2560 2970 3039 3040; x_wconf 84' lang='lat' dir='ltr'><strong>concluderentur,</strong></span> <span class='ocrx_word' id='word_1_683' title='bbox 3089 2975 3178 3032; x_wconf 90' lang='lat' dir='ltr'><strong>ille</strong></span> <span class='ocrx_word' id='word_1_684' title='bbox 3231 2978 3296 3032; x_wconf 89' lang='lat' dir='ltr'><strong>ad</strong></span> <span class='ocrx_word' id='word_1_685' title='bbox 3339 2957 3628 3038; x_wconf 71' lang='lat' dir='ltr'><strong>utilitatem</strong></span> 
     </span>
    </p>
   </div>
   <div class='ocr_carea' id='block_1_90' title="bbox 2055 3063 3625 3134">
    <p class='ocr_par' dir='ltr' id='par_1_90' title="bbox 2055 3063 3625 3134">
     <span class='ocr_line' id='line_1_91' title="bbox 2055 3063 3625 3134; baseline 0.018 -34"><span class='ocrx_word' id='word_1_686' title='bbox 2055 3063 2270 3120; x_wconf 88' lang='lat' dir='ltr'><strong>quoque</strong></span> <span class='ocrx_word' id='word_1_687' title='bbox 2347 3069 2696 3114; x_wconf 90' lang='lat' dir='ltr'><strong>communem</strong></span> <span class='ocrx_word' id='word_1_688' title='bbox 2765 3063 3096 3132; x_wconf 90' lang='lat' dir='ltr'><strong>pertinebat.</strong></span> <span class='ocrx_word' id='word_1_689' title='bbox 3156 3067 3625 3134; x_wconf 88' lang='lat' dir='ltr'><strong>Quemadmodum</strong></span> 
     </span>
    </p>
   </div>
   <div class='ocr_carea' id='block_1_91' title="bbox 2051 3139 3626 3231">
    <p class='ocr_par' dir='ltr' id='par_1_91' title="bbox 2051 3139 3626 3231">
     <span class='ocr_line' id='line_1_92' title="bbox 2051 3139 3626 3231; baseline 0.018 -42"><span class='ocrx_word' id='word_1_690' title='bbox 2051 3139 2196 3192; x_wconf 86' lang='lat' dir='ltr'><strong>enim</strong></span> <span class='ocrx_word' id='word_1_691' title='bbox 2232 3155 2418 3196; x_wconf 89' lang='lat' dir='ltr'><strong>verum</strong></span> <span class='ocrx_word' id='word_1_692' title='bbox 2476 3146 2710 3218; x_wconf 89' lang='lat' dir='ltr'><strong>insignis</strong></span> <span class='ocrx_word' id='word_1_693' title='bbox 2754 3152 2986 3222; x_wconf 87' lang='lat' dir='ltr'><strong>alicujus</strong></span> <span class='ocrx_word' id='word_1_694' title='bbox 3033 3159 3310 3214; x_wconf 88' lang='lat' dir='ltr'><strong>venatoris</strong></span> <span class='ocrx_word' id='word_1_695' title='bbox 3351 3163 3626 3231; x_wconf 84' lang='lat' dir='ltr'><strong>specimen</strong></span> 
     </span>
    </p>
   </div>
   <div class='ocr_carea' id='block_1_92' title="bbox 2049 3228 3626 3323">
    <p class='ocr_par' dir='ltr' id='par_1_92' title="bbox 2049 3228 3626 3323">
     <span class='ocr_line' id='line_1_93' title="bbox 2049 3228 3626 3323; baseline 0.017 -42"><span class='ocrx_word' id='word_1_696' title='bbox 2049 3228 2359 3297; x_wconf 78' lang='lat' dir='ltr'><strong>exhibetur,</strong></span> <span class='ocrx_word' id='word_1_697' title='bbox 2387 3248 2511 3288; x_wconf 92' lang='lat' dir='ltr'><strong>cum</strong></span> <span class='ocrx_word' id='word_1_698' title='bbox 2537 3236 2824 3295; x_wconf 90' lang='lat' dir='ltr'><strong>bellicosas</strong></span> <span class='ocrx_word' id='word_1_699' title='bbox 2864 3243 3173 3314; x_wconf 88' lang='lat' dir='ltr'><strong>insequitur</strong></span> <span class='ocrx_word' id='word_1_700' title='bbox 3195 3246 3360 3316; x_wconf 77' lang='lat' dir='ltr'><strong>feras,</strong></span> <span class='ocrx_word' id='word_1_701' title='bbox 3390 3252 3626 3323; x_wconf 89' lang='lat' dir='ltr'><strong>bonique</strong></span> 
     </span>
    </p>
   </div>
   <div class='ocr_carea' id='block_1_93' title="bbox 2047 3318 3624 3408">
    <p class='ocr_par' dir='ltr' id='par_1_93' title="bbox 2047 3318 3624 3408">
     <span class='ocr_line' id='line_1_94' title="bbox 2047 3318 3624 3408; baseline 0.019 -39"><span class='ocrx_word' id='word_1_702' title='bbox 2047 3318 2430 3386; x_wconf 83' lang='lat' dir='ltr'><strong>gubernatoris</strong></span> <span class='ocrx_word' id='word_1_703' title='bbox 2459 3325 2633 3384; x_wconf 90' lang='lat' dir='ltr'><strong>virtus</strong></span> <span class='ocrx_word' id='word_1_704' title='bbox 2663 3346 2722 3385; x_wconf 92' lang='lat' dir='ltr'><strong>se</strong></span> <span class='ocrx_word' id='word_1_705' title='bbox 2740 3335 2924 3401; x_wconf 90' lang='lat' dir='ltr'><strong>prodit</strong></span> <span class='ocrx_word' id='word_1_706' title='bbox 2947 3335 2997 3388; x_wconf 93' lang='lat' dir='ltr'><strong>in</strong></span> <span class='ocrx_word' id='word_1_707' title='bbox 3023 3344 3349 3408; x_wconf 84' lang='lat' dir='ltr'><strong>tempestate</strong></span> <span class='ocrx_word' id='word_1_708' title='bbox 3369 3318 3624 3407; x_wconf 77' lang='lat' dir='ltr'><strong>adversa,</strong></span> 
     </span>
    </p>
   </div>
   <div class='ocr_carea' id='block_1_94' title="bbox 2049 3409 3624 3496">
    <p class='ocr_par' dir='ltr' id='par_1_94' title="bbox 2049 3409 3624 3496">
     <span class='ocr_line' id='line_1_95' title="bbox 2049 3409 3624 3496; baseline 0.018 -36"><span class='ocrx_word' id='word_1_709' title='bbox 2049 3409 2245 3463; x_wconf 90' lang='lat' dir='ltr'><strong>medici</strong></span> <span class='ocrx_word' id='word_1_710' title='bbox 2304 3413 2589 3481; x_wconf 89' lang='lat' dir='ltr'><strong>prudentis</strong></span> <span class='ocrx_word' id='word_1_711' title='bbox 2639 3419 2692 3472; x_wconf 91' lang='lat' dir='ltr'><strong>in</strong></span> <span class='ocrx_word' id='word_1_712' title='bbox 2745 3423 3093 3490; x_wconf 83' lang='lat' dir='ltr'><strong>gravioribus</strong></span> <span class='ocrx_word' id='word_1_713' title='bbox 3149 3430 3375 3496; x_wconf 82' lang='lat' dir='ltr'><strong>morbis,</strong></span> <span class='ocrx_word' id='word_1_714' title='bbox 3432 3434 3624 3488; x_wconf 86' lang='lat' dir='ltr'><strong>militis</strong></span> 
     </span>
    </p>
   </div>
   <div class='ocr_carea' id='block_1_95' title="bbox 2048 3503 3625 3594">
    <p class='ocr_par' dir='ltr' id='par_1_95' title="bbox 2048 3503 3625 3594">
     <span class='ocr_line' id='line_1_96' title="bbox 2048 3503 3625 3594; baseline 0.018 -41"><span class='ocrx_word' id='word_1_715' title='bbox 2048 3503 2254 3555; x_wconf 81' lang='lat' dir='ltr'><strong>streimi</strong></span> <span class='ocrx_word' id='word_1_716' title='bbox 2290 3504 2342 3558; x_wconf 93' lang='lat' dir='ltr'><strong>in</strong></span> <span class='ocrx_word' id='word_1_717' title='bbox 2379 3506 2499 3576; x_wconf 91' lang='lat' dir='ltr'><strong>ipso</strong></span> <span class='ocrx_word' id='word_1_718' title='bbox 2535 3524 2732 3578; x_wconf 75' lang='lat' dir='ltr'><strong>pugna:</strong></span> <span class='ocrx_word' id='word_1_719' title='bbox 2766 3513 3125 3572; x_wconf 89' lang='lat' dir='ltr'><strong>discrimine:</strong></span> <span class='ocrx_word' id='word_1_720' title='bbox 3161 3519 3234 3573; x_wconf 92' lang='lat' dir='ltr'><strong>ita</strong></span> <span class='ocrx_word' id='word_1_721' title='bbox 3264 3538 3483 3593; x_wconf 92' lang='lat' dir='ltr'><strong>quoque</strong></span> <span class='ocrx_word' id='word_1_722' title='bbox 3515 3527 3625 3594; x_wconf 89' lang='lat' dir='ltr'><strong>pie-</strong></span> 
     </span>
    </p>
   </div>
   <div class='ocr_carea' id='block_1_96' title="bbox 2047 3593 3623 3683">
    <p class='ocr_par' dir='ltr' id='par_1_96' title="bbox 2047 3593 3623 3683">
     <span class='ocr_line' id='line_1_97' title="bbox 2047 3593 3623 3683; baseline 0.019 -41"><span class='ocrx_word' id='word_1_723' title='bbox 2047 3593 2175 3646; x_wconf 84' lang='lat' dir='ltr'><strong>tatis</strong></span> <span class='ocrx_word' id='word_1_724' title='bbox 2204 3609 2268 3647; x_wconf 84' lang='lat' dir='ltr'><strong>ac</strong></span> <span class='ocrx_word' id='word_1_725' title='bbox 2290 3597 2570 3666; x_wconf 89' lang='lat' dir='ltr'><strong>religionis</strong></span> <span class='ocrx_word' id='word_1_726' title='bbox 2601 3603 2908 3660; x_wconf 89' lang='lat' dir='ltr'><strong>studiosum</strong></span> <span class='ocrx_word' id='word_1_727' title='bbox 2943 3609 3142 3673; x_wconf 87' lang='lat' dir='ltr'><strong>virum,</strong></span> <span class='ocrx_word' id='word_1_728' title='bbox 3171 3627 3364 3683; x_wconf 90' lang='lat' dir='ltr'><strong>magna</strong></span> <span class='ocrx_word' id='word_1_729' title='bbox 3391 3630 3457 3669; x_wconf 88' lang='lat' dir='ltr'><strong>ac</strong></span> <span class='ocrx_word' id='word_1_730' title='bbox 3485 3616 3623 3671; x_wconf 86' lang='lat' dir='ltr'><strong>diﬂi-</strong></span> 
     </span>
    </p>
   </div>
   <div class='ocr_carea' id='block_1_97' title="bbox 2047 3681 3622 3765">
    <p class='ocr_par' dir='ltr' id='par_1_97' title="bbox 2047 3681 3622 3765">
     <span class='ocr_line' id='line_1_98' title="bbox 2047 3681 3622 3765; baseline 0.018 -31"><span class='ocrx_word' id='word_1_731' title='bbox 2047 3681 2172 3735; x_wconf 89' lang='lat' dir='ltr'><strong>cilia</strong></span> <span class='ocrx_word' id='word_1_732' title='bbox 2205 3686 2447 3753; x_wconf 82' lang='lat' dir='ltr'><strong>pericula</strong></span> <span class='ocrx_word' id='word_1_733' title='bbox 2476 3692 2793 3758; x_wconf 88' lang='lat' dir='ltr'><strong>ostendunt,</strong></span> <span class='ocrx_word' id='word_1_734' title='bbox 2830 3712 2953 3748; x_wconf 90' lang='lat' dir='ltr'><strong>cum</strong></span> <span class='ocrx_word' id='word_1_735' title='bbox 2991 3705 3045 3752; x_wconf 90' lang='lat' dir='ltr'><strong>et</strong></span> <span class='ocrx_word' id='word_1_736' title='bbox 3083 3714 3163 3765; x_wconf 89' lang='lat' dir='ltr'><strong>se,</strong></span> <span class='ocrx_word' id='word_1_737' title='bbox 3194 3710 3248 3756; x_wconf 91' lang='lat' dir='ltr'><strong>ct</strong></span> <span class='ocrx_word' id='word_1_738' title='bbox 3276 3704 3414 3759; x_wconf 86' lang='lat' dir='ltr'><strong>alios</strong></span> <span class='ocrx_word' id='word_1_739' title='bbox 3441 3721 3507 3761; x_wconf 78' lang='lat' dir='ltr'><strong>ex</strong></span> <span class='ocrx_word' id='word_1_740' title='bbox 3539 3709 3622 3762; x_wconf 90' lang='lat' dir='ltr'><strong>in-</strong></span> 
     </span>
    </p>
   </div>
   <div class='ocr_carea' id='block_1_98' title="bbox 2048 3773 3620 3853">
    <p class='ocr_par' dir='ltr' id='par_1_98' title="bbox 2048 3773 3620 3853">
     <span class='ocr_line' id='line_1_99' title="bbox 2048 3773 3620 3853; baseline 0.018 -27"><span class='ocrx_word' id='word_1_741' title='bbox 2048 3773 2206 3828; x_wconf 89' lang='lat' dir='ltr'><strong>sidiis</strong></span> <span class='ocrx_word' id='word_1_742' title='bbox 2261 3779 2628 3853; x_wconf 87' lang='lat' dir='ltr'><strong>periculisque</strong></span> <span class='ocrx_word' id='word_1_743' title='bbox 2677 3788 2890 3842; x_wconf 86' lang='lat' dir='ltr'><strong>eximit.</strong></span> <span class='ocrx_word' id='word_1_744' title='bbox 2941 3787 3162 3846; x_wconf 82' lang='lat' dir='ltr'><strong>Nullum</strong></span> <span class='ocrx_word' id='word_1_745' title='bbox 3220 3809 3352 3851; x_wconf 88' lang='lat' dir='ltr'><strong>sane</strong></span> <span class='ocrx_word' id='word_1_746' title='bbox 3405 3798 3620 3853; x_wconf 92' lang='lat' dir='ltr'><strong>virtutis</strong></span> 
     </span>
    </p>
   </div>
   <div class='ocr_carea' id='block_1_99' title="bbox 2045 3872 3618 3954">
    <p class='ocr_par' dir='ltr' id='par_1_99' title="bbox 2045 3872 3618 3954">
     <span class='ocr_line' id='line_1_100' title="bbox 2045 3872 3618 3954; baseline 0.017 -37"><span class='ocrx_word' id='word_1_747' title='bbox 2045 3877 2218 3934; x_wconf 88' lang='lat' dir='ltr'><strong>genus</strong></span> <span class='ocrx_word' id='word_1_748' title='bbox 2253 3883 2283 3921; x_wconf 86' lang='lat' dir='ltr'><strong>a</strong></span> <span class='ocrx_word' id='word_1_749' title='bbox 2332 3872 2605 3928; x_wconf 84' lang='lat' dir='ltr'><strong>veteribus</strong></span> <span class='ocrx_word' id='word_1_750' title='bbox 2643 3879 2917 3932; x_wconf 74' lang='lat' dir='ltr'><strong>excultum</strong></span> <span class='ocrx_word' id='word_1_751' title='bbox 2958 3890 3062 3948; x_wconf 88' lang='lat' dir='ltr'><strong>est,</strong></span> <span class='ocrx_word' id='word_1_752' title='bbox 3092 3883 3146 3937; x_wconf 94' lang='lat' dir='ltr'><strong>in</strong></span> <span class='ocrx_word' id='word_1_753' title='bbox 3183 3900 3293 3954; x_wconf 87' lang='lat' dir='ltr'><strong>quo</strong></span> <span class='ocrx_word' id='word_1_754' title='bbox 3325 3886 3412 3941; x_wconf 92' lang='lat' dir='ltr'><strong>hic</strong></span> <span class='ocrx_word' id='word_1_755' title='bbox 3454 3890 3618 3944; x_wconf 90' lang='lat' dir='ltr'><strong>etiam</strong></span> 
     </span>
    </p>
   </div>
   <div class='ocr_carea' id='block_1_100' title="bbox 2044 3959 3616 4044">
    <p class='ocr_par' dir='ltr' id='par_1_100' title="bbox 2044 3959 3616 4044">
     <span class='ocr_line' id='line_1_101' title="bbox 2044 3959 3616 4044; baseline 0.018 -38"><span class='ocrx_word' id='word_1_756' title='bbox 2044 3969 2152 4008; x_wconf 90' lang='lat' dir='ltr'><strong>non</strong></span> <span class='ocrx_word' id='word_1_757' title='bbox 2177 3959 2514 4016; x_wconf 80' lang='lat' dir='ltr'><strong>excelluerit.</strong></span> <span class='ocrx_word' id='word_1_758' title='bbox 2549 3962 2729 4030; x_wconf 86' lang='lat' dir='ltr'><strong>Quare</strong></span> <span class='ocrx_word' id='word_1_759' title='bbox 2773 3977 2828 4022; x_wconf 90' lang='lat' dir='ltr'><strong>et</strong></span> <span class='ocrx_word' id='word_1_760' title='bbox 2857 3971 3098 4026; x_wconf 88' lang='lat' dir='ltr'><strong>animum</strong></span> <span class='ocrx_word' id='word_1_761' title='bbox 3136 3975 3328 4044; x_wconf 90' lang='lat' dir='ltr'><strong>ipsius,</strong></span> <span class='ocrx_word' id='word_1_762' title='bbox 3361 3979 3616 4044; x_wconf 77' lang='lat' dir='ltr'><strong>t-tilitate,</strong></span> 
     </span>
    </p>
   </div>
   <div class='ocr_carea' id='block_1_101' title="bbox 2043 4041 3620 4136">
    <p class='ocr_par' dir='ltr' id='par_1_101' title="bbox 2043 4041 3620 4136">
     <span class='ocr_line' id='line_1_102' title="bbox 2043 4041 3620 4136; baseline 0.02 -42"><span class='ocrx_word' id='word_1_763' title='bbox 2043 4041 2352 4109; x_wconf 89' lang='lat' dir='ltr'><strong>dulcedine,</strong></span> <span class='ocrx_word' id='word_1_764' title='bbox 2379 4049 2726 4116; x_wconf 89' lang='lat' dir='ltr'><strong>jucunditate</strong></span> <span class='ocrx_word' id='word_1_765' title='bbox 2761 4041 3172 4125; x_wconf 70' lang='lat' dir='ltr'><strong>scaturientem,</strong></span> <span class='ocrx_word' id='word_1_766' title='bbox 3210 4063 3344 4118; x_wconf 90' lang='lat' dir='ltr'><strong>l‘onti</strong></span> <span class='ocrx_word' id='word_1_767' title='bbox 3371 4083 3620 4136; x_wconf 85' lang='lat' dir='ltr'><strong>quacun-</strong></span> 
     </span>
    </p>
   </div>
   <div class='ocr_carea' id='block_1_102' title="bbox 2042 4141 3618 4228">
    <p class='ocr_par' dir='ltr' id='par_1_102' title="bbox 2042 4141 3618 4228">
     <span class='ocr_line' id='line_1_103' title="bbox 2042 4141 3618 4228; baseline 0.018 -43"><span class='ocrx_word' id='word_1_768' title='bbox 2042 4149 2148 4202; x_wconf 91' lang='lat' dir='ltr'><strong>que</strong></span> <span class='ocrx_word' id='word_1_769' title='bbox 2170 4149 2431 4204; x_wconf 88' lang='lat' dir='ltr'><strong>aquarmn</strong></span> <span class='ocrx_word' id='word_1_770' title='bbox 2460 4141 2790 4198; x_wconf 88' lang='lat' dir='ltr'><strong>abundantia</strong></span> <span class='ocrx_word' id='word_1_771' title='bbox 2817 4147 3002 4203; x_wconf 76' lang='lat' dir='ltr'><strong>llttetiti</strong></span> <span class='ocrx_word' id='word_1_772' title='bbox 3029 4151 3261 4207; x_wconf 88' lang='lat' dir='ltr'><strong>similem</strong></span> <span class='ocrx_word' id='word_1_773' title='bbox 3286 4153 3467 4211; x_wconf 90' lang='lat' dir='ltr'><strong>dicere</strong></span> <span class='ocrx_word' id='word_1_774' title='bbox 3490 4173 3618 4228; x_wconf 86' lang='lat' dir='ltr'><strong>pos-</strong></span> 
     </span>
    </p>
   </div>
   <div class='ocr_carea' id='block_1_103' title="bbox 2042 4232 3615 4312">
    <p class='ocr_par' dir='ltr' id='par_1_103' title="bbox 2042 4232 3615 4312">
     <span class='ocr_line' id='line_1_104' title="bbox 2042 4232 3615 4312; baseline 0.017 -33"><span class='ocrx_word' id='word_1_775' title='bbox 2042 4241 2254 4289; x_wconf 90' lang='lat' dir='ltr'><strong>sumus,</strong></span> <span class='ocrx_word' id='word_1_776' title='bbox 2307 4232 2390 4283; x_wconf 87' lang='lat' dir='ltr'><strong>vel</strong></span> <span class='ocrx_word' id='word_1_777' title='bbox 2447 4240 2604 4302; x_wconf 89' lang='lat' dir='ltr'><strong>prato</strong></span> <span class='ocrx_word' id='word_1_778' title='bbox 2665 4236 2901 4293; x_wconf 88' lang='lat' dir='ltr'><strong>diversis</strong></span> <span class='ocrx_word' id='word_1_779' title='bbox 2962 4239 3334 4312; x_wconf 82' lang='lat' dir='ltr'><strong>fragrantibus</strong></span> <span class='ocrx_word' id='word_1_780' title='bbox 3385 4249 3615 4307; x_wconf 79' lang='lat' dir='ltr'><strong>ﬂoribus</strong></span> 
     </span>
    </p>
   </div>
   <div class='ocr_carea' id='block_1_104' title="bbox 2043 4319 3616 4400">
    <p class='ocr_par' dir='ltr' id='par_1_104' title="bbox 2043 4319 3616 4400">
     <span class='ocr_line' id='line_1_105' title="bbox 2043 4319 3616 4400; baseline 0.022 -33"><span class='ocrx_word' id='word_1_781' title='bbox 2043 4319 2430 4384; x_wconf 87' lang='lat' dir='ltr'><strong>rcsplendenti,</strong></span> <span class='ocrx_word' id='word_1_782' title='bbox 2464 4325 2544 4377; x_wconf 85' lang='lat' dir='ltr'><strong>vel</strong></span> <span class='ocrx_word' id='word_1_783' title='bbox 2595 4327 2734 4380; x_wconf 77' lang='lat' dir='ltr'><strong>cmlo</strong></span> <span class='ocrx_word' id='word_1_784' title='bbox 2769 4330 2934 4386; x_wconf 89' lang='lat' dir='ltr'><strong>variis</strong></span> <span class='ocrx_word' id='word_1_785' title='bbox 2979 4334 3262 4390; x_wconf 86' lang='lat' dir='ltr'><strong>stellarum</strong></span> <span class='ocrx_word' id='word_1_786' title='bbox 3316 4339 3616 4400; x_wconf 82' lang='lat' dir='ltr'><strong>lmninibus</strong></span> 
     </span>
    </p>
   </div>
   <div class='ocr_carea' id='block_1_105' title="bbox 2041 4405 3610 4498">
    <p class='ocr_par' dir='ltr' id='par_1_105' title="bbox 2041 4405 3610 4498">
     <span class='ocr_line' id='line_1_106' title="bbox 2041 4405 3610 4498; baseline 0.019 -40"><span class='ocrx_word' id='word_1_787' title='bbox 2041 4405 2323 4473; x_wconf 87' lang='lat' dir='ltr'><strong>distincto,</strong></span> <span class='ocrx_word' id='word_1_788' title='bbox 2356 4413 2438 4466; x_wconf 92' lang='lat' dir='ltr'><strong>vel</strong></span> <span class='ocrx_word' id='word_1_789' title='bbox 2465 4416 2739 4482; x_wconf 89' lang='lat' dir='ltr'><strong>paradiso,</strong></span> <span class='ocrx_word' id='word_1_790' title='bbox 2767 4435 2928 4488; x_wconf 90' lang='lat' dir='ltr'><strong>quem</strong></span> <span class='ocrx_word' id='word_1_791' title='bbox 2960 4422 3012 4477; x_wconf 94' lang='lat' dir='ltr'><strong>in</strong></span> <span class='ocrx_word' id='word_1_792' title='bbox 3045 4423 3210 4480; x_wconf 89' lang='lat' dir='ltr'><strong>Edem</strong></span> <span class='ocrx_word' id='word_1_793' title='bbox 3238 4426 3407 4484; x_wconf 82' lang='lat' dir='ltr'><strong>fuisse</strong></span> <span class='ocrx_word' id='word_1_794' title='bbox 3432 4433 3610 4498; x_wconf 88' lang='lat' dir='ltr'><strong>audis,</strong></span> 
     </span>
    </p>
   </div>
   <div class='ocr_carea' id='block_1_106' title="bbox 2038 4495 3608 4592">
    <p class='ocr_par' dir='ltr' id='par_1_106' title="bbox 2038 4495 3608 4592">
     <span class='ocr_line' id='line_1_107' title="bbox 2038 4495 3608 4592; baseline 0.02 -42"><span class='ocrx_word' id='word_1_795' title='bbox 2038 4495 2423 4558; x_wconf 87' lang='lat' dir='ltr'><strong>innumerabili</strong></span> <span class='ocrx_word' id='word_1_796' title='bbox 2482 4505 2888 4566; x_wconf 80' lang='lat' dir='ltr'><strong>fructiferarum</strong></span> <span class='ocrx_word' id='word_1_797' title='bbox 2943 4516 3203 4572; x_wconf 91' lang='lat' dir='ltr'><strong>arborum</strong></span> <span class='ocrx_word' id='word_1_798' title='bbox 3248 4523 3406 4592; x_wconf 90' lang='lat' dir='ltr'><strong>copia</strong></span> <span class='ocrx_word' id='word_1_799' title='bbox 3450 4525 3608 4580; x_wconf 86' lang='lat' dir='ltr'><strong>deco-</strong></span> 
     </span>
    </p>
   </div>
   <div class='ocr_carea' id='block_1_107' title="bbox 2037 4589 3613 4677">
    <p class='ocr_par' dir='ltr' id='par_1_107' title="bbox 2037 4589 3613 4677">
     <span class='ocr_line' id='line_1_108' title="bbox 2037 4589 3613 4677; baseline 0.022 -40"><span class='ocrx_word' id='word_1_800' title='bbox 2037 4596 2158 4640; x_wconf 88' lang='lat' dir='ltr'><strong>rato</strong></span> <span class='ocrx_word' id='word_1_801' title='bbox 2208 4589 2320 4655; x_wconf 92' lang='lat' dir='ltr'><strong>(ita</strong></span> <span class='ocrx_word' id='word_1_802' title='bbox 2373 4598 2553 4649; x_wconf 84' lang='lat' dir='ltr'><strong>tamen</strong></span> <span class='ocrx_word' id='word_1_803' title='bbox 2585 4607 2644 4650; x_wconf 91' lang='lat' dir='ltr'><strong>ut</strong></span> <span class='ocrx_word' id='word_1_804' title='bbox 2687 4605 2927 4672; x_wconf 90' lang='lat' dir='ltr'><strong>serpenti</strong></span> <span class='ocrx_word' id='word_1_805' title='bbox 2972 4606 3233 4677; x_wconf 84' lang='lat' dir='ltr'><strong>maligno,</strong></span> <span class='ocrx_word' id='word_1_806' title='bbox 3274 4589 3613 4670; x_wconf 84' lang='lat' dir='ltr'><strong>comnmnis-</strong></span> 
     </span>
    </p>
   </div>
   <div class='ocr_carea' id='block_1_108' title="bbox 2036 4680 3610 4763">
    <p class='ocr_par' dir='ltr' id='par_1_108' title="bbox 2036 4680 3610 4763">
     <span class='ocr_line' id='line_1_109' title="bbox 2036 4680 3610 4763; baseline 0.021 -35"><span class='ocrx_word' id='word_1_807' title='bbox 2036 4692 2146 4746; x_wconf 91' lang='lat' dir='ltr'><strong>que</strong></span> <span class='ocrx_word' id='word_1_808' title='bbox 2179 4680 2360 4735; x_wconf 77' lang='lat' dir='ltr'><strong>exsilii</strong></span> <span class='ocrx_word' id='word_1_809' title='bbox 2400 4686 2636 4752; x_wconf 89' lang='lat' dir='ltr'><strong>auctori,</strong></span> <span class='ocrx_word' id='word_1_810' title='bbox 2669 4692 2854 4747; x_wconf 91' lang='lat' dir='ltr'><strong>nullus</strong></span> <span class='ocrx_word' id='word_1_811' title='bbox 2893 4700 3118 4751; x_wconf 90' lang='lat' dir='ltr'><strong>omnino</strong></span> <span class='ocrx_word' id='word_1_812' title='bbox 3151 4699 3207 4753; x_wconf 89' lang='lat' dir='ltr'><strong>in</strong></span> <span class='ocrx_word' id='word_1_813' title='bbox 3260 4717 3384 4755; x_wconf 90' lang='lat' dir='ltr'><strong>eum</strong></span> <span class='ocrx_word' id='word_1_814' title='bbox 3429 4704 3610 4763; x_wconf 88' lang='lat' dir='ltr'><strong>aditus</strong></span> 
     </span>
    </p>
   </div>
   <div class='ocr_carea' id='block_1_109' title="bbox 2035 4767 3612 4866">
    <p class='ocr_par' dir='ltr' id='par_1_109' title="bbox 2035 4767 3612 4866">
     <span class='ocr_line' id='line_1_110' title="bbox 2035 4767 3612 4866; baseline 0.02 -46"><span class='ocrx_word' id='word_1_815' title='bbox 2035 4767 2254 4837; x_wconf 80' lang='lat' dir='ltr'><strong>detur):</strong></span> <span class='ocrx_word' id='word_1_816' title='bbox 2291 4783 2383 4827; x_wconf 87' lang='lat' dir='ltr'><strong>aut</strong></span> <span class='ocrx_word' id='word_1_817' title='bbox 2423 4775 2469 4828; x_wconf 89' lang='lat' dir='ltr'><strong>si</strong></span> <span class='ocrx_word' id='word_1_818' title='bbox 2511 4778 2641 4846; x_wconf 89' lang='lat' dir='ltr'><strong>quid</strong></span> <span class='ocrx_word' id='word_1_819' title='bbox 2673 4782 2818 4837; x_wconf 85' lang='lat' dir='ltr'><strong>aliud</strong></span> <span class='ocrx_word' id='word_1_820' title='bbox 2868 4797 3179 4853; x_wconf 87' lang='lat' dir='ltr'><strong>venustum,</strong></span> <span class='ocrx_word' id='word_1_821' title='bbox 3225 4808 3612 4866; x_wconf 70' lang='lat' dir='ltr'><strong>animnumque</strong></span> 
     </span>
    </p>
   </div>
   <div class='ocr_carea' id='block_1_110' title="bbox 2037 4861 3608 4947">
    <p class='ocr_par' dir='ltr' id='par_1_110' title="bbox 2037 4861 3608 4947">
     <span class='ocr_line' id='line_1_111' title="bbox 2037 4861 3608 4947; baseline 0.02 -35"><span class='ocrx_word' id='word_1_822' title='bbox 2037 4861 2225 4916; x_wconf 90' lang='lat' dir='ltr'><strong>multis</strong></span> <span class='ocrx_word' id='word_1_823' title='bbox 2263 4866 2539 4935; x_wconf 86' lang='lat' dir='ltr'><strong>variisque</strong></span> <span class='ocrx_word' id='word_1_824' title='bbox 2579 4870 2739 4926; x_wconf 90' lang='lat' dir='ltr'><strong>bonis</strong></span> <span class='ocrx_word' id='word_1_825' title='bbox 2777 4877 3158 4933; x_wconf 80' lang='lat' dir='ltr'><strong>eoliouestavit</strong></span> <span class='ocrx_word' id='word_1_826' title='bbox 3187 4891 3410 4947; x_wconf 89' lang='lat' dir='ltr'><strong>natura;</strong></span> <span class='ocrx_word' id='word_1_827' title='bbox 3446 4887 3608 4942; x_wconf 89' lang='lat' dir='ltr'><strong>talem</strong></span> 
     </span>
    </p>
   </div>
   <div class='ocr_carea' id='block_1_111' title="bbox 2034 4955 3581 5046">
    <p class='ocr_par' dir='ltr' id='par_1_111' title="bbox 2034 4955 3581 5046">
     <span class='ocr_line' id='line_1_112' title="bbox 2034 4955 3581 5046; baseline 0.018 -44"><span class='ocrx_word' id='word_1_828' title='bbox 2034 4965 2250 5020; x_wconf 89' lang='lat' dir='ltr'><strong>quoque</strong></span> <span class='ocrx_word' id='word_1_829' title='bbox 2285 4955 2677 5015; x_wconf 75' lang='lat' dir='ltr'><strong>beatamillam</strong></span> <span class='ocrx_word' id='word_1_830' title='bbox 2712 4967 2887 5034; x_wconf 81' lang='lat' dir='ltr'><strong>magni</strong></span> <span class='ocrx_word' id='word_1_831' title='bbox 2921 4965 3166 5036; x_wconf 77' lang='lat' dir='ltr'><strong>Ephraem</strong></span> <span class='ocrx_word' id='word_1_832' title='bbox 3193 4975 3456 5038; x_wconf 87' lang='lat' dir='ltr'><strong>animum,</strong></span> <span class='ocrx_word' id='word_1_833' title='bbox 3490 4977 3581 5046; x_wconf 92' lang='lat' dir='ltr'><strong>plu</strong></span> 
     </span>
    </p>
   </div>
   <div class='ocr_carea' id='block_1_112' title="bbox 2034 5042 3606 5136">
    <p class='ocr_par' dir='ltr' id='par_1_112' title="bbox 2034 5042 3606 5136">
     <span class='ocr_line' id='line_1_113' title="bbox 2034 5042 3606 5136; baseline 0.018 -42"><span class='ocrx_word' id='word_1_834' title='bbox 2034 5042 2190 5098; x_wconf 87' lang='lat' dir='ltr'><strong>rimis</strong></span> <span class='ocrx_word' id='word_1_835' title='bbox 2223 5046 2464 5118; x_wconf 89' lang='lat' dir='ltr'><strong>undique</strong></span> <span class='ocrx_word' id='word_1_836' title='bbox 2486 5051 2748 5108; x_wconf 82' lang='lat' dir='ltr'><strong>virtutum</strong></span> <span class='ocrx_word' id='word_1_837' title='bbox 2773 5061 3063 5124; x_wconf 87' lang='lat' dir='ltr'><strong>generibus</strong></span> <span class='ocrx_word' id='word_1_838' title='bbox 3096 5076 3417 5118; x_wconf 79' lang='lat' dir='ltr'><strong>exornatum</strong></span> <span class='ocrx_word' id='word_1_839' title='bbox 3457 5077 3606 5136; x_wconf 85' lang='lat' dir='ltr'><strong>puta.</strong></span> 
     </span>
    </p>
   </div>
   <div class='ocr_carea' id='block_1_113' title="bbox 2038 5130 3606 5218">
    <p class='ocr_par' dir='ltr' id='par_1_113' title="bbox 2038 5130 3606 5218">
     <span class='ocr_line' id='line_1_114' title="bbox 2038 5130 3606 5218; baseline 0.015 -36"><span class='ocrx_word' id='word_1_840' title='bbox 2038 5130 2174 5184; x_wconf 85' lang='lat' dir='ltr'><strong>Nam</strong></span> <span class='ocrx_word' id='word_1_841' title='bbox 2207 5147 2422 5203; x_wconf 88' lang='lat' dir='ltr'><strong>semper</strong></span> <span class='ocrx_word' id='word_1_842' title='bbox 2475 5137 2559 5190; x_wconf 85' lang='lat' dir='ltr'><strong>vir</strong></span> <span class='ocrx_word' id='word_1_843' title='bbox 2597 5139 2687 5195; x_wconf 90' lang='lat' dir='ltr'><strong>ille</strong></span> <span class='ocrx_word' id='word_1_844' title='bbox 2737 5143 3097 5201; x_wconf 86' lang='lat' dir='ltr'><strong>admiratione</strong></span> <span class='ocrx_word' id='word_1_845' title='bbox 3135 5149 3354 5218; x_wconf 88' lang='lat' dir='ltr'><strong>dignus,</strong></span> <span class='ocrx_word' id='word_1_846' title='bbox 3390 5151 3442 5205; x_wconf 89' lang='lat' dir='ltr'><strong>in</strong></span> <span class='ocrx_word' id='word_1_847' title='bbox 3487 5168 3606 5206; x_wconf 89' lang='lat' dir='ltr'><strong>eam</strong></span> 
     </span>
    </p>
   </div>
   <div class='ocr_carea' id='block_1_114' title="bbox 2035 5222 3601 5313">
    <p class='ocr_par' dir='ltr' id='par_1_114' title="bbox 2035 5222 3601 5313">
     <span class='ocr_line' id='line_1_115' title="bbox 2035 5222 3601 5313; baseline 0.013 -40"><span class='ocrx_word' id='word_1_848' title='bbox 2035 5222 2285 5276; x_wconf 89' lang='lat' dir='ltr'><strong>incubuit</strong></span> <span class='ocrx_word' id='word_1_849' title='bbox 2317 5240 2529 5294; x_wconf 90' lang='lat' dir='ltr'><strong>curam,</strong></span> <span class='ocrx_word' id='word_1_850' title='bbox 2577 5239 2638 5283; x_wconf 92' lang='lat' dir='ltr'><strong>ut</strong></span> <span class='ocrx_word' id='word_1_851' title='bbox 2687 5233 2987 5301; x_wconf 84' lang='lat' dir='ltr'><strong>perfectum</strong></span> <span class='ocrx_word' id='word_1_852' title='bbox 3046 5238 3468 5313; x_wconf 88' lang='lat' dir='ltr'><strong>absolutumque</strong></span> <span class='ocrx_word' id='word_1_853' title='bbox 3509 5259 3601 5296; x_wconf 74' lang='lat' dir='ltr'><strong>cu.</strong></span> 
     </span>
    </p>
   </div>
   <div class='ocr_carea' id='block_1_115' title="bbox 2050 5313 3608 5392">
    <p class='ocr_par' dir='ltr' id='par_1_115' title="bbox 2050 5313 3608 5392">
     <span class='ocr_line' id='line_1_116' title="bbox 2050 5313 3608 5392; baseline 0.015 -26"><span class='ocrx_word' id='word_1_854' title='bbox 2050 5313 2242 5382; x_wconf 90' lang='lat' dir='ltr'><strong>reliqui</strong></span> <span class='ocrx_word' id='word_1_855' title='bbox 2276 5315 2508 5386; x_wconf 81' lang='lat' dir='ltr'><strong>singulis</strong></span> <span class='ocrx_word' id='word_1_856' title='bbox 2546 5324 2998 5392; x_wconf 89' lang='lat' dir='ltr'><strong>antecelluerunt,</strong></span> <span class='ocrx_word' id='word_1_857' title='bbox 3067 5345 3128 5385; x_wconf 91' lang='lat' dir='ltr'><strong>ea</strong></span> <span class='ocrx_word' id='word_1_858' title='bbox 3190 5341 3389 5387; x_wconf 90' lang='lat' dir='ltr'><strong>cuncta</strong></span> <span class='ocrx_word' id='word_1_859' title='bbox 3454 5336 3608 5389; x_wconf 89' lang='lat' dir='ltr'><strong>solus</strong></span> 
     </span>
    </p>
   </div>
   <div class='ocr_carea' id='block_1_116' title="bbox 2107 5490 3606 5589">
    <p class='ocr_par' dir='ltr' id='par_1_116' title="bbox 2107 5490 3606 5589">
     <span class='ocr_line' id='line_1_117' title="bbox 2107 5490 3606 5589; baseline 0.023 -48"><span class='ocrx_word' id='word_1_860' title='bbox 2107 5490 2384 5561; x_wconf 88' lang='lat' dir='ltr'><strong>Siquidem</strong></span> <span class='ocrx_word' id='word_1_861' title='bbox 2422 5506 2478 5549; x_wconf 92' lang='lat' dir='ltr'><strong>ut</strong></span> <span class='ocrx_word' id='word_1_862' title='bbox 2513 5501 2791 5565; x_wconf 88' lang='lat' dir='ltr'><strong>sacerdos,</strong></span> <span class='ocrx_word' id='word_1_863' title='bbox 2823 5519 2946 5559; x_wconf 91' lang='lat' dir='ltr'><strong>eum</strong></span> <span class='ocrx_word' id='word_1_864' title='bbox 2979 5508 3072 5578; x_wconf 91' lang='lat' dir='ltr'><strong>qui</strong></span> <span class='ocrx_word' id='word_1_865' title='bbox 3117 5510 3258 5566; x_wconf 89' lang='lat' dir='ltr'><strong>inter</strong></span> <span class='ocrx_word' id='word_1_866' title='bbox 3282 5515 3464 5584; x_wconf 85' lang='lat' dir='ltr'><strong>justos</strong></span> <span class='ocrx_word' id='word_1_867' title='bbox 3497 5523 3606 5589; x_wconf 89' lang='lat' dir='ltr'><strong>pri-</strong></span> 
     </span>
    </p>
   </div>
   <div class='ocr_carea' id='block_1_117' title="bbox 2034 5591 3602 5681">
    <p class='ocr_par' dir='ltr' id='par_1_117' title="bbox 2034 5591 3602 5681">
     <span class='ocr_line' id='line_1_118' title="bbox 2034 5591 3602 5681; baseline 0.022 -48"><span class='ocrx_word' id='word_1_868' title='bbox 2034 5595 2158 5637; x_wconf 87' lang='lat' dir='ltr'><strong>mus</strong></span> <span class='ocrx_word' id='word_1_869' title='bbox 2202 5595 2542 5654; x_wconf 87' lang='lat' dir='ltr'><strong>recensctur,</strong></span> <span class='ocrx_word' id='word_1_870' title='bbox 2575 5591 2704 5645; x_wconf 89' lang='lat' dir='ltr'><strong>Abel</strong></span> <span class='ocrx_word' id='word_1_871' title='bbox 2735 5595 2998 5662; x_wconf 85' lang='lat' dir='ltr'><strong>imitatus,</strong></span> <span class='ocrx_word' id='word_1_872' title='bbox 3032 5619 3136 5656; x_wconf 92' lang='lat' dir='ltr'><strong>non</strong></span> <span class='ocrx_word' id='word_1_873' title='bbox 3169 5622 3232 5659; x_wconf 73' lang='lat' dir='ltr'><strong>ex</strong></span> <span class='ocrx_word' id='word_1_874' title='bbox 3269 5610 3450 5662; x_wconf 89' lang='lat' dir='ltr'><strong>ovium</strong></span> <span class='ocrx_word' id='word_1_875' title='bbox 3481 5629 3602 5681; x_wconf 83' lang='lat' dir='ltr'><strong>gre-</strong></span> 
     </span>
    </p>
   </div>
   <div class='ocr_carea' id='block_1_118' title="bbox 2029 5675 3601 5771">
    <p class='ocr_par' dir='ltr' id='par_1_118' title="bbox 2029 5675 3601 5771">
     <span class='ocr_line' id='line_1_119' title="bbox 2029 5675 3601 5771; baseline 0.021 -46"><span class='ocrx_word' id='word_1_876' title='bbox 2029 5675 2208 5743; x_wconf 85' lang='lat' dir='ltr'><strong>gibus,</strong></span> <span class='ocrx_word' id='word_1_877' title='bbox 2257 5693 2433 5748; x_wconf 90' lang='lat' dir='ltr'><strong>neque</strong></span> <span class='ocrx_word' id='word_1_878' title='bbox 2481 5697 2548 5736; x_wconf 76' lang='lat' dir='ltr'><strong>ex</strong></span> <span class='ocrx_word' id='word_1_879' title='bbox 2591 5686 2750 5755; x_wconf 90' lang='lat' dir='ltr'><strong>adipe</strong></span> <span class='ocrx_word' id='word_1_880' title='bbox 2792 5693 3061 5749; x_wconf 86' lang='lat' dir='ltr'><strong>sacriticia</strong></span> <span class='ocrx_word' id='word_1_881' title='bbox 3108 5695 3338 5753; x_wconf 87' lang='lat' dir='ltr'><strong>Domino</strong></span> <span class='ocrx_word' id='word_1_882' title='bbox 3379 5701 3601 5771; x_wconf 89' lang='lat' dir='ltr'><strong>obtulit,</strong></span> 
     </span>
    </p>
   </div>
   <div class='ocr_carea' id='block_1_119' title="bbox 2031 5768 3602 5860">
    <p class='ocr_par' dir='ltr' id='par_1_119' title="bbox 2031 5768 3602 5860">
     <span class='ocr_line' id='line_1_120' title="bbox 2031 5768 3602 5860; baseline 0.022 -44"><span class='ocrx_word' id='word_1_883' title='bbox 2031 5780 2216 5818; x_wconf 84' lang='lat' dir='ltr'><strong>verum</strong></span> <span class='ocrx_word' id='word_1_884' title='bbox 2243 5768 2447 5840; x_wconf 77' lang='lat' dir='ltr'><strong>absque</strong></span> <span class='ocrx_word' id='word_1_885' title='bbox 2471 5779 2753 5845; x_wconf 80' lang='lat' dir='ltr'><strong>sanguine,</strong></span> <span class='ocrx_word' id='word_1_886' title='bbox 2787 5782 3104 5842; x_wconf 84' lang='lat' dir='ltr'><strong>rationabile</strong></span> <span class='ocrx_word' id='word_1_887' title='bbox 3133 5791 3454 5860; x_wconf 84' lang='lat' dir='ltr'><strong>obsequium</strong></span> <span class='ocrx_word' id='word_1_888' title='bbox 3477 5797 3602 5852; x_wconf 69' lang='lat' dir='ltr'><strong>vitae</strong></span> 
     </span>
    </p>
   </div>
   <div class='ocr_carea' id='block_1_120' title="bbox 3206 5883 3282 5938">
    <p class='ocr_par' dir='ltr' id='par_1_120' title="bbox 3206 5883 3282 5938">
     <span class='ocr_line' id='line_1_121' title="bbox 3206 5883 3282 5938; baseline 0.026 -2"><span class='ocrx_word' id='word_1_889' title='bbox 3206 5883 3282 5938; x_wconf 62' lang='grc' dir='ltr'><strong>Ξῖ</strong></span> 
     </span>
    </p>
   </div>
  </div>
