4132 6356
504 349 624 404 ’8ίὸ

1753 336 1810 392 S.
1868 333 2195 392 GREGORII
2243 329 2532 387 NYSSENI

3662 335 3772 390 844

523 463 759 532 puritate
790 457 1142 523 sacriﬁcavit,
1187 470 1252 511 ea
1285 455 1554 510 duntavat
1597 469 1653 508 re
1691 452 1824 507 Abel
1862 450 2104 506 dissimi-

2212 448 2396 518 ρότητι
2417 445 2903 518 όλοκαυτουμένην,
2937 445 3188 500 τοσοῦτον
3214 446 3404 517 ἐκείνῳ
3430 447 3775 520 ἁμιλληθεὶς*

523 555 610 612 lis.
644 549 786 620 quod
816 565 843 602 a
877 549 1084 603 nefario
1116 546 1389 600 homicida
1423 552 1482 598 ut
1515 545 1603 598 ille
1645 550 1957 613 peremptus
1987 556 2097 595 non

523 641 707 700 fuerit.
736 639 828 694 sed
868 637 1073 691 inimici
1114 633 1378 689 daemonis
1407 632 1620 686 evitans
1651 631 1894 699 laqueos,
1937 640 2099 695 supe-

523 731 657 784 ratis
697 727 936 790 insidiis,
963 725 1029 778 ad
1061 725 1225 778 vitam
1265 723 1412 777 omni
1467 722 1572 777 line
1616 729 1916 782 carentem,
1957 719 2100 773 sicut

491 825 635 886 .ille,
669 819 999 890 pervenerit.
1046 815 1232 868 Enoch
1269 827 1434 882 porro
1479 825 1628 881 spem
1683 810 1763 865 sic
1810 807 2099 862 annulatus

524 921 628 974 est,
663 920 719 962 ut
751 924 857 962 non
885 907 1061 960 solum
1089 903 1297 957 domini
1324 901 1418 956 Dei
1451 901 1538 956 sui
1569 914 1768 954 nomen
1809 897 2102 950 invocave-

525 1003 614 1066 rit,
640 1015 825 1052 verum
857 1007 912 1051 et
940 996 1099 1056 alios,
1133 1001 1192 1047 ut
1223 993 1366 1047 idem
1398 990 1532 1045 illud
1562 988 1943 1058 implorarent,
1971 986 2102 1041 edo-

524 1089 720 1143 cuerit.
767 1084 950 1138 Enoch
983 1091 1163 1136 autem
1198 1088 1255 1134 ut
1287 1079 1482 1135 similis
1511 1076 1846 1158 redderetur,
1877 1089 2098 1145 operam

524 1179 692 1240 dedit,
728 1193 834 1230 nou
873 1173 1090 1241 quidem
1129 1171 1506 1225 admirandam
1535 1168 1660 1236 ejus
1691 1182 1721 1221 e
1752 1167 1974 1221 terrain
2009 1180 2103 1234 pa-

527 1269 771 1322 radisum
804 1264 1219 1318 translationem
1253 1267 1416 1329 atque
1439 1273 1746 1319 secessum,
1776 1256 1868 1312 sed
1899 1270 1962 1310 ex
1999 1269 2103 1307 tua-

526 1361 676 1415 teriae
716 1355 1129 1428 perturbatione
1175 1353 1228 1405 in
1266 1351 1519 1420 spiritum
1560 1349 1908 1410 transitione,
1935 1361 2104 1400 annu-

527 1451 709 1504 lando.
742 1448 851 1502 Noe
875 1448 1038 1501 etiam
1070 1442 1266 1500 similis
1308 1439 1548 1503 exsistit,
1591 1455 1698 1494 non
1733 1437 1950 1508 quidem
1986 1452 2103 1490 mo-

527 1545 704 1595 dicam
751 1541 806 1594 in
843 1552 971 1592 arca
1012 1538 1184 1607 lignea
1231 1534 1447 1604 generis
1486 1533 1992 1594 conservationem,
2047 1536 2102 1581 at

527 1652 682 1690 suam
734 1635 915 1705 potius
958 1633 1126 1686 animi
1177 1631 1609 1684 incolumitatem
1663 1641 1992 1698 procurans,
2046 1633 2104 1678 ut

527 1731 652 1781 vita:
683 1725 946 1796 procellas
975 1723 1149 1777 tutius
1169 1719 1604 1790 subterfugiens,
1639 1719 1847 1772 nullum
1886 1715 2103 1770 virtutis

2203 539 2327 592 ὅσον
2370 538 2444 609 μὴ
2476 538 2580 591 ὑπὸ
2607 537 2700 590 106
2731 537 2968 609 πονηροῦ
3001 539 3206 607 φονέως
3233 539 3608 609 ἀναιρεθῆναι,
3641 541 3776 596 ἀλλὰ

2201 628 2488 700 διαδράντα
2513 629 2611 692 τὰς
2637 628 2867 698 παγίδας
2882 628 2976 682 106
3009 628 3390 699 μισανθρώπου
3411 630 3663 701 δαίμονος
3689 633 3776 684 ἐκ-

2205 724 2416 789 φυγεῖν,
2439 721 2688 792 καὶπρὸς
2714 719 3085 791 ἀτελεύτητον,
3101 720 3176 784 ὡς
3192 722 3418 783 ἐκεῖνος,
3439 721 3775 792 μεταστῆναι

2215 811 2381 881 ζωὴν,
2434 812 2531 882 τῆς
2579 810 2871 882 ἐπιϐουλῆς
2917 811 3151 880 φανέντα
3206 809 3498 880 ἀνώτερον.
3556 809 3663 862 T06
3720 812 3776 864 δὲ

2227 901 2398 973 Ἑνὼχ
2429 902 2526 973 τὴν
2567 901 2756 956 ἐλπίδα
2797 900 3072 971 ζηλώσας,
3103 903 3202 955 οὐκ
3231 901 3587 972 ἐπικέκληται
3619 902 3776 972 μόνον

2207 993 2266 1046 τὸ
2295 993 2464 1062 ϐνομα
2495 991 2698 1065 Κυρίου
2727 990 2821 1044 106
2841 991 2999 1055 Θεοῦ,
3019 991 3154 1045 ἀλλὰ
3181 992 3278 1044 καὶ
3303 994 3415 1054 τοῖς
3444 992 3623 1055 ἄλλοις
3648 1010 3774 1047 συν-

2211 1082 2587 1136 επικαλείσθαι
2646 1079 2901 1146 ἐδίδαξεν.
2948 1080 3139 1152 Ἑνὼχ,
3170 1082 3233 1134 οὐ
3259 1082 3357 1153 τὴν
3385 1081 3538 1152 ξένην
3579 1085 3642 1136 ἐκ
3672 1085 3774 1154 γῆς

2209 1174 2342 1245 πρὸς
2386 1174 2476 1227 τὸν
2512 1174 2839 1245 παράδεισον
2883 1172 3170 1244 μετάθεσιν
3212 1174 3591 1245 ἐπετήδευσεν,
3634 1176 3771 1231 ἀλλά

2206 1267 2303 1336 τὴν
2321 1265 2378 1332 ἐξ
2404 1265 2593 1336 ὑλικῆς
2620 1264 2993 1336 προσπαθείας
3013 1263 3107 1317 ἐπὶ
3123 1263 3183 1318 τὸ
3208 1265 3425 1335 πνεῦμα
3453 1267 3769 1336 μετάϐασιν.

2209 1358 2363 1422 Νῶε,
2403 1357 2464 1410 οὐ
2493 1357 2591 1426 τὴν
2625 1358 2682 1410 ἐν
2714 1355 2898 1427 ξυλίνῃ
2945 1355 3176 1428 λάρνακι
3219 1355 3422 1427 μικράν
3451 1357 3546 1410 τοῦ
3581 1357 3770 1425 γένους

2207 1447 2462 1502 διάσωσιν
2484 1489 2498 1510 .
2534 1446 2671 1501 ἀλλά
2709 1445 2804 1500 106
2843 1445 2942 1518 τὴν
2983 1444 3176 1500 ἐαυτοῦ
3216 1445 3396 1519 ψυχὴν
3440 1448 3774 1517 πανταχόθεν

2207 1535 2640 1604 ἀσφαλίσασθαι,
2672 1536 2814 1589 ὥστε
2847 1535 3136 1606 παρελθεῖν
3167 1535 3421 1600 ἀϐλαϐῶς
3441 1536 3503 1589 τὸ
3530 1535 3624 1590 106
3657 1536 3772 1607 βίου

2211 1627 2517 1691 κλυδώνιον,
2558 1627 2650 1680 καὶ
2685 1625 2754 1679 τὰ
2791 1627 2891 1694 τῆς
2921 1626 3121 1697 ἀρετῆς
3150 1625 3224 1696 μὴ
3255 1625 3600 1698 ζημιωθῆναι
3627 1627 3774 1695 άγὼ-

2208 1735 2366 1788 γιμα.
2400 1718 2506 1771 Τοῦ
2544 1715 2790 1786 Ἀϐραὰμ
2819 1719 2876 1770 ἐν
2897 1715 3108 1780 πολλοῖς
3137 1716 3235 1785 μὲν
3259 1717 3351 1770 καὶ
3379 1709 3556 1780 ἄλλοις
3581 1716 3775 1785 γέγονε

528 1815 872 1885 naufragium
905 1823 1204 1882 paleretur.
1241 1811 1297 1866 ln
1333 1813 1582 1882 plurimis
1613 1823 1849 1880 quoque,
1871 1806 2102 1863 Abraha:

2207 1807 2444 1879 μιμητὴς
2467 1849 2481 1871 ,
2513 1810 2578 1878 τῇ
2619 1807 2799 1860 πίστει
2830 1806 2924 1859 καὶ
2964 1807 3255 1878 πραότητι,
3296 1807 3392 1862 καὶ
3430 1810 3496 1878 τῇ
3532 1809 3611 1870 είς
3640 1807 3774 1860 Θεὸν

524 1908 809 1962 mitiulator
843 1905 977 1968 fuit;
1021 1914 1184 1973 atque
1219 1911 1277 1958 ut
1311 1903 1492 1967 Iidem,
1534 1901 2026 1963 mansuetudinem,
2051 1907 2106 1953 et

527 2012 768 2051 amorem
809 1997 860 2049 in
895 1995 1060 2048 Deum
1105 2005 1336 2059 taceam,
1363 1995 1415 2048 in
1460 2010 1526 2048 eo
1557 1993 1926 2064 potissimum,
1959 1990 2106 2062 quod

527 2085 991 2158 quemadmodum
1017 2084 1292 2156 propriam
1319 2093 1521 2140 terram
1541 2092 1702 2156 atque
1725 2082 2104 2150 cognationem

529 2181 638 2243 ille,
672 2178 747 2229 ita
782 2191 998 2246 quoque
1033 2177 1120 2230 hic
1170 2187 1356 2230 noster
1391 2175 1638 2246 Ephraun
1681 2173 1941 2226 mundum
1972 2171 2108 2225 effu-

526 2271 623 2338 git,
657 2276 708 2321 et
741 2268 793 2320 in
831 2282 933 2322 suo
963 2281 1194 2336 corpore
1227 2265 1494 2336 unigeniti
1519 2263 1850 2318 sacrilieium
1881 2275 2104 2330 expres-

528 2362 620 2424 sit,
650 2359 762 2413 Deo
795 2360 1036 2429 seipsnm
1060 2372 1417 2417 consecrans.
1438 2365 1492 2410 et
1523 2355 1762 2408 membra
1789 2368 1910 2423 qua:
1941 2366 2107 2414 super

525 2456 729 2501 terrain
746 2455 895 2512 sunt,
917 2448 1276 2502 tuortiiicans.
1291 2446 1446 2500 lsaac
1466 2460 1594 2499 vero
1613 2444 1854 2499 imitator
1871 2460 1933 2497 ex
1944 2443 2104 2509 stitit,

531 2547 756 2610 propter
794 2547 1023 2593 mortem
1064 2553 1225 2608 quam
1256 2543 1506 2608 prompto
1534 2535 1942 2605 tranquilloque
1972 2533 2106 2589 sob-

531 2631 609 2683 ire
651 2636 874 2698 paratus
917 2636 1035 2681 erat
1068 2629 1274 2688 animo,
1315 2642 1420 2680 non
1467 2634 1646 2679 tamen
1695 2624 1968 2679 inferentc
2017 2639 2104 2693 pa-

531 2729 634 2773 tre.
669 2717 809 2784 Quin
837 2727 890 2773 et
913 2717 1177 2787 quotidie,
1205 2718 1378 2771 instar
1411 2715 1677 2784 Apostoli,
1721 2730 1950 2784 corpore
1979 2715 2104 2783 qui-

522 2811 655 2865 dem
689 2812 948 2874 fructum,
976 2807 1119 2879 quod
1180 2809 1372 2861 attinet
1412 2808 1476 2859 ad
1527 2806 1887 2876 propositum,
1931 2805 2106 2876 perci—

537 2902 735 2969 piebat,
760 2899 956 2970 spirittt
986 2908 1168 2952 autem
1199 2897 1329 2957 Deo,
1354 2895 1424 2951 ob
1447 2903 1658 2949 castum
1685 2895 1936 2964 corporis
1960 2897 2105 2948 velut

533 2995 588 3046 in
626 2993 794 3046 ariete
825 2989 1177 3052 sacrificium,
1213 2989 1445 3042 vivebat.
1482 2987 1651 3042 Jacob
1686 3002 1848 3056 porro
1877 2988 2104 3041 aemula-

527 3093 622 3136 tor
655 3081 776 3145 fuit,
809 3079 1212 3151 supplantando
1244 3079 1417 3148 ipsum
1448 3075 1612 3141 Esau,
1653 3077 1754 3131 hoc
1799 3086 1902 3141 est,
1935 3077 2106 3132 hatre-

523 3187 655 3224 sum
703 3178 1003 3238 parentem,
1046 3182 1108 3220 ac
1149 3167 1527 3236 primogenita,
1577 3165 1628 3219 id
1669 3173 1772 3227 cst,
1824 3173 1970 3220 recta
2001 3165 2099 3220 Ec-

533 3261 715 3315 clesiae
766 3260 1008 3321 decreta,
1064 3258 1396 3325 accipiendo.
1455 3256 1510 3310 In
1545 3272 1608 3309 eo
1648 3269 1925 3326 praeterea,
1955 3257 2101 3326 quod

536 3367 643 3404 non
679 3353 882 3406 scalam
916 3366 944 3403 a
972 3358 1116 3403 terra
1148 3347 1214 3402 ad
1245 3349 1444 3402 caelum
1475 3363 1648 3416 usque
1678 3352 2098 3418 pertingentem,

529 3442 630 3495 sed
661 3442 732 3495 ob
761 3443 972 3510 longam
1003 3440 1143 3509 ignis
1167 3439 1471 3491 columnam
1507 3437 1875 3508 pulchriorem
1905 3447 2104 3508 mystc-

539 3533 601 3584 rii
632 3530 1054 3600 profunditatem
1084 3528 1412 3581 imlicantem
1443 3527 1814 3598 conspexerit,
1849 3529 2103 3598 quodque

538 3623 626 3675 hic
655 3621 960 3690 discipulis,
989 3619 1442 3687 quemadmodum
1470 3619 1558 3672 ille
1586 3619 1733 3683 ﬁliis,
1757 3635 1820 3672 ex
1852 3621 1951 3673 hac
1973 3620 2106 3673 emi-

532 3721 792 3780 graturus
836 3712 968 3772 vita,
1025 3709 1433 3764 benedictioues
1471 3709 1783 3776 impartitus
1831 3710 1921 3774 sit,
1967 3725 2107 3779 quas

536 3801 630 3867 qui
665 3815 871 3869 pronus
909 3799 1232 3867 excipiebat,
1270 3798 1450 3866 magni
1487 3799 1634 3853 illius
1663 3797 1832 3853 Jacob
1860 3816 1982 3855 esse
2016 3817 2105 3853 ar-

537 3892 860 3946 hitrabatur.
897 3889 1090 3943 Verum
1126 3891 1297 3958 ipsius
1319 3887 1517 3958 Joseph
1558 3890 1992 3957 similitudinem,
2019 3894 2101 3945 vel

2202 1900 2413 1970 ἀγάπῃ,
2447 1898 2680 1970 μάλιστα
2715 1898 2771 1950 δὲ
2811 1900 2877 1968 τῇ
2900 1897 2992 1951 106
3027 1898 3230 1968 κόσμου
3265 1900 3435 1968 φυγῇ,
3466 1898 3542 1961 ὡς
3569 1898 3669 1968 τῆς
3695 1899 3776 1950 οξ-

2203 1992 2354 2055 κείας
2383 1992 2488 2060 γῆς
2529 1991 2624 2044 καὶ
2657 1990 2756 2058 τῆς
2794 1989 3112 2058 συγγενείας
3148 1992 3353 2053 ἐκεῖνος
3393 1989 3650 2059 ἠμείϐετο
3687 1990 3775 2056 φί-

2202 2081 2312 2147 λον,
2343 2083 2435 2136 καὶ
2470 2083 2568 2152 τὴν
2601 2079 2694 2134 106
2719 2079 3053 2148 Μονογενοῦς
3088 2080 3279 2132 θυσίαν
3308 2081 3388 2142 είς
3419 2079 3519 2148 τὴν
3549 2079 3644 2132 106
3673 2079 3776 2131 σώ-

2207 2191 2371 2244 ματος
2415 2174 2627 2226 ἐκείνου
2685 2171 3078 2244 προαιρετικὴν
3132 2171 3220 2224 διὰ
3271 2170 3404 2224 Θεὸν
3454 2169 3775 2224 ἐκλαϐέσθαι

2206 2263 2538 2334 προσφορὰν,
2565 2261 2897 2333 νεκρὼσαντι
2927 2263 2993 2314 τὰ
3017 2263 3150 2332 μέλη
3175 2262 3245 2316 τὰ
3274 2264 3366 2317 ἐπὶ
3395 2265 3492 2332 τῆς
3521 2267 3644 2334 γῆς.
3667 2264 3773 2316 Τοῦ

2217 2355 2420 2416 Ἰσαάκ,
2453 2356 2509 2407 ἐν
2539 2353 2617 2424 τῷ
2660 2355 2892 2424 ἑκουσίῳ
2923 2355 3017 2407 καὶ
3047 2355 3304 2425 ἀταράχῳ
3353 2355 3598 2426 θανάτῳ,
3633 2357 3774 2428 πλὴν

2201 2446 2299 2516 οὐχ
2343 2445 2446 2498 ὑπὸ
2478 2446 2678 2516 πατρὸς
2714 2447 2939 2508 ἐκεῖνος.
2983 2439 3149 2508 Οὗτος
3177 2447 3286 2516 γάρ
3319 2447 3617 2516 ἰερουργῶν
3643 2448 3773 2500 ἐαυ-

2199 2536 2290 2590 τὸν
2312 2536 2562 2592 ἑκάστοθι
2587 2535 2976 2600 ἀποστολικῶς,
3003 2534 3214 2605 σώματι
3241 2536 3340 2605 μὲν
3367 2536 3772 2608 ὡλοκαρποῦτο,

2203 2627 2324 2679 ὅσον
2353 2626 2432 2688 είς
2463 2625 2740 2696 πρόθεσιν,
2778 2624 3048 2694 πνεύματι
3079 2625 3134 2678 δέ
3173 2624 3290 2694 ἔζη,
3319 2624 3413 2676 καὶ
3454 2624 3520 2695 ζῇ
3547 2623 3626 2694 τῷ
3655 2623 3774 2693 θεῷ

2202 2716 2289 2770 διὰ
2323 2715 2420 2786 τὴν
2450 2716 2523 2778 ὡς
2551 2719 2608 2767 ἐν
2643 2714 2781 2785 κριῷ
2813 2713 2906 2766 106
2945 2713 3194 2783 σώματος
3230 2716 3398 2785 ἁγνὴν
3436 2712 3770 2786 προσφοράν.

2204 2807 2306 2858 Τὸν
2348 2805 2570 2868 Ἰακὼϐ,
2621 2807 2679 2858 ἐν
2717 2803 2794 2874 τῷ
2836 2805 3121 2875 πτερνίσαι
3164 2805 3254 2859 τὸν
3287 2804 3508 2874 βέϐηλον
3565 2805 3773 2867 Ἠσαῦ,

2204 2898 2320 2967 ἦτοι
2372 2897 2462 2948 τὸν
2509 2895 2614 2948 τῶν
2667 2896 2930 2966 αἱρέσεων
2966 2899 3299 2967 γεννήτορά,
3358 2898 3451 2950 καὶ
3491 2896 3676 2950 λαϐεῖν
3706 2896 3776 2950 τὰ

2207 2989 2545 3060 πρωτότοκα,
2577 2987 2644 3040 τά
2662 2987 2796 3059 ὀρθὰ
2818 2987 2918 3057 τῆς
2950 2987 3273 3057 Ἐκκλησίας
3301 2987 3564 3058 δόγματα,
3593 2987 3686 3041 καὶ
3715 2989 3774 3041 ἐν

2208 3081 2285 3150 τῷ
2328 3080 2563 3133 κατιδεῖν
2607 3079 2668 3131 οὐ
2719 3079 2961 3148 κλίμακα
2998 3077 3095 3148 μὲν
3142 3078 3252 3130 ἀπὸ
3294 3077 3395 3146 γῆς
3431 3080 3510 3142 εἰς
3546 3078 3774 3150 οὐρανὸν

2208 3170 2624 3241 ἐστηριγμένην,
2657 3169 2845 3222 στύλον
2877 3169 2935 3222 δὲ
2963 3169 3133 3237 πυρὸς
3155 3170 3529 3241 οὐρανομήκη,
3562 3171 3771 3239 γλαφυ-

2211 3261 2444 3332 ρώτερόν
2483 3278 2599 3322 πως
2646 3261 2946 3330 μυστηρίου
2980 3259 3142 3330 βάθος
3169 3261 3518 3331 ἐμφαίνοντα.
3555 3263 3672 3314 Ἔτι
3710 3277 3771 3328 γε

2212 3354 2317 3422 μὴν
2343 3354 2436 3406 καὶ
2472 3353 2529 3404 ἐν
2547 3351 2620 3421 τῷ
2647 3354 2758 3414 τοῖς
2802 3351 3070 3420 μαθηταῖς
3107 3351 3182 3414 ὡς
3226 3355 3339 3415 τοῖς
3365 3352 3539 3405 υἱέσιν
3567 3354 3770 3415 ἐκεῖνος

2208 3443 2267 3494 ἐν
2293 3441 2370 3511 τῷ
2403 3441 2648 3510 μέλλοντι
2675 3442 2928 3511 ἀπαίρειν
2956 3441 3052 3495 106
3078 3440 3346 3511 σώματος,
3381 3443 3650 3512 διανεῖμαι
3673 3443 3772 3506 τὰς

2209 3532 2453 3599 εὐλογίας
2473 3549 2485 3562 ο
2514 3525 2598 3594 αἶς
2629 3549 2713 3595 τις
2739 3532 3039 3600 φιλοπόνως
3066 3533 3331 3603 ἐγκύψας,
3363 3534 3526 3588 αὐτοῦ
3557 3536 3764 3588 ἐκείνου

2211 3622 2303 3675 τοῦ
2349 3623 2583 3692 μεγάλου
2644 3623 2837 3675 Ἰακὼϐ
2879 3623 3080 3687 ταύτας
3110 3619 3250 3680 εἶναι
3288 3626 3618 3697 οίηθήσεται.
3665 3623 3771 3679 T06

2225 3712 2438 3783 Ἰωσὴφ,
2471 3713 2704 3783 μάλιστα
2736 3714 2832 3784 μὲν
2861 3715 2918 3766 ἐν
2947 3716 3013 3784 τῇ
3045 3713 3137 3768 τοῦ
3177 3713 3424 3784 σώματος
3457 3716 3645 3788 ἁγνείᾳ
3678 3717 3771 3768 καὶ

2211 3803 2581 3874 καθαρότητι·
2618 3803 2751 3857 πολὺ
2808 3804 2866 3856 δὲ
2921 3805 3081 3857 πλέον
3111 3807 3169 3857 ἐν
3202 3809 3266 3878 τῇ
3298 3807 3388 3860 106
3418 3808 3574 3876 λόγου
3606 3825 3772 3877 μετα-

2209 3893 2371 3955 δόσει,
2401 3894 2476 3956 ὠς
2510 3895 2715 3958 ἐκεῖνος
2741 3895 2836 3947 τοῦ
2865 3895 3035 3951 σίτου.

539 3987 771 4039 maxime
791 3985 1060 4054 expressit
1082 3984 1202 4037 vita:
1230 3984 1546 4054 integritate
1576 3994 1630 4038 et
1661 3986 1907 4055 corporis
1933 3986 2219 4040 castitate:
2253 3987 2424 4040 multo
2475 3997 2654 4040 autem
2689 3991 2860 4056 magis
2908 4005 3006 4058 per
3076 3993 3199 4051 hoc,
3264 3990 3408 4060 quod
3482 3991 3624 4046 sicut
3680 3991 3770 4045 ille

529 4074 802 4134 triticum,
835 4073 904 4125 ita
937 4073 1022 4126 hic
1046 4073 1269 4126 verbum
1307 4073 1501 4128 salutis
1531 4075 1981 4130 communicavit.

609 4167 667 4220 In
717 4182 823 4222 non
868 4167 1056 4236 paucis
1103 4181 1322 4235 quoque
1371 4166 1536 4237 Moysi
1593 4167 1929 4223 simillimum
1983 4184 2103 4225 sese

530 4260 803 4329 prmbuit:
835 4273 958 4312 nam
1009 4265 1063 4313 et
1109 4257 1222 4326 ipse
1256 4255 1588 4313 Pharaonem
1622 4260 1896 4314 diabolum
1934 4261 2102 4332 fugit,

537 4362 590 4404 et
621 4355 991 4403 commoratus
1021 4355 1106 4402 est
1140 4347 1192 4400 in
1239 4348 1566 4412 solitudine,
1603 4348 1884 4419 Deumque
1928 4352 2093 4414 vidit,

2273 4164 2378 4218 Τοῦ
2403 4165 2641 4227 Μωσέως
2669 4166 2702 4236 ἢ
2734 4169 2790 4218 ἐν
2818 4167 3035 4237 πᾶσινή
3061 4168 3117 4218 ἐν
3145 4166 3412 4232 πλείστοις
3439 4171 3732 4240 παρόμοιος
3753 4191 3764 4201 ·

2201 4257 2368 4323 ἔφυγε
2391 4256 2498 4326 γὰρ
2524 4257 2611 4308 καὶ
2636 4252 2788 4321 οὗτος
2815 4258 2904 4311 τὸν
2928 4259 3120 4329 γοητὸν
3147 4260 3367 4332 Φαραὼ,
3391 4264 3485 4316 καὶ
3509 4264 3566 4316 ἐν
3582 4265 3773 4336 ἐρήμῳ

2203 4346 2430 4416 ηὐλίσθη
2459 4387 2473 4408 ,
2507 4348 2601 4399 καὶ
2630 4347 2761 4400 θεὸν
2793 4344 2951 4410 εἶδεν,
2987 4351 3110 4401 ὅσον
3150 4350 3368 4418 ἐφικτὸν
3397 4351 3600 4423 θεωρίᾳ
3627 4394 3640 4416 ,
3676 4363 3771 4407 καὶ

539 4449 808 4506 quatenus
837 4436 1294 4505 contemplatione.
1327 4437 1494 4491 videri
1530 4447 1705 4506 potest
1732 4454 1747 4502 ;
1782 4455 1977 4509 resque
2005 4439 2100 4494 ad-

2207 4436 2457 4504 θαύματα
2487 4437 2807 4507 εἰργάσατο,
2837 4441 2929 4491 καὶ
2957 4439 3086 4492 λαοῦ
3120 4441 3468 4511 καθηγήσατο
3500 4445 3772 4513 χρηματί-

541 4530 820 4585 mirandas
847 4530 1087 4598 peregit,
1117 4543 1179 4582 ac
1209 4530 1456 4583 doctrina
1493 4546 1551 4586 se
1577 4533 1768 4585 ducem
1802 4541 1964 4602 atque
1991 4548 2104 4587 ma-

539 4623 768 4691 gistrum
823 4619 1020 4689 populo
1068 4619 1350 4684 exhibuit,
1405 4619 1802 4692 Aﬂgyptiosque
1851 4624 2103 4693 decepit,

539 4730 730 4765 eorum
783 4713 1003 4765 divitias
1059 4711 1402 4779 surripiens,
1459 4712 1840 4767 haereticorum
1895 4717 2106 4768 scilicet

539 4806 742 4864 libros,
773 4807 836 4856 de
861 4804 1061 4872 quibus
1097 4802 1210 4872 ipse
1241 4803 1615 4871 triumphavit.
1651 4805 1863 4860 Salsum
1888 4821 2106 4874 quoque

541 4916 603 4951 ac
636 4898 786 4966 potiti
831 4895 1055 4948 minime
1095 4895 1430 4948 conveniens
1468 4895 1809 4950 inﬁdelitatis
1839 4912 1986 4950 mare
2019 4897 2105 4949 di-

539 4991 667 5043 visit
688 5030 701 5049 ,
741 4987 1106 5056 populumque
1141 4985 1348 5039 fidelem
1382 4985 1434 5038 itt
1467 5001 1662 5054 magno
1691 5002 1914 5046 numero
1946 4986 2109 5054 traje-

541 5083 634 5134 cit.
683 5077 984 5133 Pharaonis
1027 5091 1152 5129 vero
1202 5077 1533 5135 exercitum,
1583 5077 1801 5146 impiam
1850 5077 2107 5130 nimirum

541 5169 998 5221 calumniatoruut
1049 5165 1402 5233 progeniem,
1457 5165 1752 5233 prostravit
1799 5173 1960 5234 atque
2011 5180 2110 5233 op-

544 5258 765 5330 pressit.
807 5257 871 5308 I‘Zt
919 5256 1142 5308 Amalec
1193 5255 1276 5322 (si
1310 5271 1469 5324 quem
1505 5256 1878 5310 haereticorum
1916 5270 1980 5309 eo
2012 5271 2111 5307 no-

545 5349 692 5402 mine
729 5346 1001 5414 appellare
1035 5344 1204 5411 velis)
1243 5346 1295 5396 in
1345 5346 1524 5414 fugam
1565 5345 1756 5409 vertit,
1807 5359 1872 5398 ac
1921 5345 2106 5414 prolli-

546 5437 714 5509 gavit.
763 5435 954 5506 Legem
995 5437 1129 5488 lene
1174 5435 1598 5502 Christianeque
1648 5435 1860 5490 vivendi
1915 5451 1946 5487 a
2001 5435 2110 5490 Deo

548 5527 751 5594 act-cpit
777 5566 791 5586 ,
827 5533 878 5576 et
914 5524 1070 5575 nobis
1101 5523 1373 5576 universis
1408 5539 1524 5575 eam
1562 5523 1798 5575 tradidit.
1832 5520 2111 5576 Taberna-

545 5613 652 5669 culi
711 5612 988 5680 extunplar
1040 5611 1092 5663 iu
1142 5620 1325 5663 monte,
1374 5615 1776 5680 contemplatus
1823 5621 1943 5665 est:
2001 5627 2108 5664 non

543 5704 770 5775 Moysis,
803 5703 895 5756 sed
945 5699 1205 5757 horrendi
1253 5701 1398 5754 illius
1442 5701 1634 5770 judirii
1689 5701 1876 5755 futuri.
1912 5700 2108 5756 Sacer-

2209 4546 2306 4593 σας
2334 4529 2653 4593 διδάσκαλος
2678 4547 2690 4560 ·
2717 4530 2809 4582 καὶ
2837 4530 2962 4592 τοὺς
3001 4529 3330 4596 Αἰγυπτίους
3356 4535 3767 4602 κατεσοφίσατο,

2204 4619 2294 4672 τὸν
2337 4619 2564 4672 πλοῦτον
2612 4621 2832 4672 ἐκείνων
2874 4621 3163 4688 ἀρπάσας,
3200 4626 3296 4685 τὰς
3339 4624 3444 4675 τῶν
3483 4627 3771 4696 αίρετικῶν

2209 4710 2420 4779 βίϐλους
2447 4711 2852 4781 αἰχμαλωτίσας
2885 4713 2978 4765 καὶ
3005 4711 3394 4782 θριαμϐεύσας,
3433 4715 3526 4767 καὶ
3547 4716 3644 4785 τὴν
3677 4716 3772 4769 θά-

2206 4801 2407 4862 λασσαν
2433 4800 2704 4872 διέρρηξε,
2737 4800 2833 4868 τὴν
2868 4802 3114 4874 ἁλμυρὰν
3139 4805 3228 4856 καὶ
3259 4805 3458 4858 ἄποτον
3492 4807 3766 4867 ἀπιστίαν,

2207 4892 2300 4944 καὶ
2331 4891 2422 4944 τὸν
2460 4890 2588 4943 λαὸν
2613 4890 2883 4943 διεϐίϐασε
2909 4931 2922 4953 ,
2961 4892 3020 4944 τὸ
3054 4893 3328 4962 ὀρθόδοξον
3359 4895 3628 4966 σύστημα.
3663 4900 3772 4950 Kac

2207 4983 2329 5044 τοὺς
2369 4980 2717 5052 Φαραωνίτας
2751 4981 3033 5044 ἐπόντισε,
3068 4985 3134 5036 τά
3173 4987 3281 5038 τῶν
3313 4988 3603 5057 αίρετικῶν
3639 4988 3771 5043 ἀθεα

2209 5074 2533 5142 γεννήματα.
2568 5071 2676 5125 Καὶ
2711 5072 2801 5124 τὸν
2840 5073 3087 5142 Ἀμαλὴκ
3133 5077 3477 5144 ἐτροπώσατο
3517 5078 3614 5147 ’(εί
3653 5096 3771 5132 τινα

2208 5162 2312 5213 τῶν
2334 5160 2620 5231 αἱρετικῶν
2644 5161 2813 5230 τούτῳ
2836 5161 3014 5230 βούλει
3044 5165 3267 5218 καλέσαι
3292 5167 3369 5237 τῷ
3395 5168 3659 5236 όνόματι)·
3683 5171 3784 5223 τδνι

2210 5249 2368 5318 νόμον
2393 5250 2458 5302 ἐκ
2493 5248 2627 5301 θεοῦ
2653 5254 2751 5319 τῆς
2785 5250 3092 5320 ὀρθοδοξίας
3130 5253 3309 5314 ἔλαϐε.
3346 5257 3440 5308 καὶ
3468 5258 3599 5327 ἡμῖν
3641 5261 3773 5312 πᾶσι

2213 5339 2502 5408 μετέδωκε.
2537 5339 2650 5408 Τῆς
2701 5340 2904 5409 σκηνῆς
2945 5342 3002 5393 ἐν
3044 5341 3119 5412 τῷ
3153 5343 3266 5412 ϐρει
3303 5343 3394 5396 τὸν
3425 5347 3590 5399 τύπον
3622 5348 3773 5400 ἐθεα-

2211 5446 2358 5492 σατο,
2388 5431 2449 5482 οὐ
2491 5431 2590 5499 τῆς
2619 5429 2709 5483 ἐπὶ
2737 5431 3000 5494 Μωσέως,
3031 5431 3164 5485 ἀλλά
3189 5433 3288 5502 τῆς
3328 5435 3621 5504 μελλούσης
3651 5455 3774 5508 φρι-

2209 5523 2340 5592 κτῆς
2371 5521 2601 5592 κρίσεώς
2635 5539 2693 5574 τε
2719 5523 2814 5574 καὶ
2842 5523 3250 5588 καταστάσεως.
3280 5527 3418 5589 Τοὺς
3455 5527 3636 5597 ἱερέας
3657 5531 3776 5581 ἐτε-

2209 5611 2417 5674 λείωσε,
2451 5611 2516 5663 τὰ
2546 5613 2670 5682 περὶ
2694 5611 2989 5682 ἱερωσύνης
3015 5614 3340 5683 νομοθετῶν.
3374 5617 3558 5688 ’Ὑδωρ
3590 5620 3654 5671 ἐκ
3679 5617 3770 5671 πέρ

2210 5719 2341 5772 τρας
2373 5702 2634 5770 ἐπήγασε,
2664 5701 2760 5764 τὰς
2790 5700 3032 5766 λιθώδεις
3058 5704 3283 5774 καρδίας
3323 5705 3538 5770 στάζειν
3564 5707 3775 5779 δάκρυα
