4132 6356
317 394 428 452 Μρὸ

1314 384 1400 437 1)Ε
1441 382 1602 437 VITA
1647 380 1703 434 S.
1746 370 1998 433 PATRIS
2048 375 2356 433 EPHRASM
2406 374 2586 429 SYlll.

3468 362 3575 429 Βιϐ

321 504 768 577 παρασκευάσας.
813 504 1012 572 Ἀρτον
1056 500 1333 570 ἐψώμισεν
1374 497 1447 559 ὼς
1483 497 1685 555 ἐκεῖνος
1728 492 1892 560 οὐρά·-

2021 490 2148 542 ῐοιιιε
2175 489 2463 543 constituit
2485 502 2588 551 ,rac
2612 487 2678 540 de
2703 484 2980 541 sacriﬁcio
3015 485 3163 555 leges
3195 490 3576 557 praeceptaque
3612 506 3615 509 ν

324 616 466 661 νιον,
500 598 625 657 τοὺς
661 596 759 662 τῆς
800 594 1020 662 ἀγάπης
1049 593 1238 659 λόγους
1270 590 1403 641 πᾶσι
1436 586 1656 656 προθεὶς
1677 626 1691 647 ,
1722 583 1788 634 δι’
1836 574 1896 633 οὗ

328 686 564 756 μάλιστα
608 683 923 755 στηρίζεται
964 684 1115 735 πᾶσα
1158 680 1333 749 ψυχὴ.
1382 679 1475 730 καὶ
1522 676 1600 745 τῷ
1635 674 1763 742 θείῳ
1808 673 1900 725 καὶ

327 773 573 845 μυστικῷ
623 774 985 843 προσέρχεται
1027 771 1177 842 ἄρτῳ
1219 767 1527 837 θαρροῦσα,
1568 763 1645 834 τῷ
1690 765 1755 815 ἐκ
1792 761 1900 815 τῶν

326 866 539 919 κόλπων
589 863 682 916 τοῦ
727 863 937 933 Πατρὸς
981 865 1061 924 εἰς
1096 860 1368 930 σωτηρίαν
1401 856 1557 927 ἡμῶν
1601 870 1902 924 παραγενο-

330 958 491 1027 μένῳ.
549 956 997 1026 Ὀρτυγομήτραν
1049 954 1284 1015 ἔδωκεν,
1337 950 1581 1005 κάτωθεν
1620 951 1748 1019 ήμῖν
1787 947 1901 1008 τοῖς

324 1050 538 1110 πιστοῖς
576 1050 642 1117 τῇ
682 1046 809 1117 περὶ
841 1044 976 1097 Θεοῦ
1032 1045 1219 1114 μνήμῃ
1261 1043 1645 1111 οὐρανοπορεῖν
1686 1037 1899 1090 ἐκδιδάι

330 1155 497 1199 σκων,
532 1138 625 1189 καὶ
667 1136 735 1188 τά
772 1138 888 1188 ἐκεῖ
919 1134 1284 1201 φαντάζεσθαι
1332 1131 1522 1200 κάλλη.
1569 1130 1679 1182 Καὶ
1712 1127 1899 1191 ἁπλῶς

324 1223 407 1291 οἷς
438 1229 502 1281 ἂν
537 1227 699 1300 βούλῃ
728 1227 960 1297 Θεωρίας
988 1224 1167 1292 λόγοις
1200 1224 1267 1276 τά
1295 1222 1387 1275 τοῦ
1416 1221 1627 1291 Πατρδς
1657 1222 1768 1282 τοῖς
1795 1236 1901 1273 πα-

327 1320 497 1382 λαιοῖς
535 1318 745 1385 ἐξισοῦν
792 1318 1270 1388 σεμνολογήματα,
1304 1314 1415 1367 οὐδ’
1459 1313 1597 1375 ὅλως
1646 1305 1900 1383 εὑρήσεις

329 1410 789 1481 καθυστεροῦντα.

2003 582 2249 635 tradidit.
2285 581 2497 650 Aquam
2530 594 2561 633 e
2597 586 2748 647 petra
2778 576 3000 641 eduxit,
3053 577 3183 630 dum
3229 574 3399 630 corda
3438 576 3579 647 lapi-

2000 673 2100 727 dea
2136 676 2203 727 ad
2241 673 2510 742 lacrytnas
2544 670 2850 725 fundendas
2882 670 3199 724 commovit.
3233 669 3381 723 l’ane
3410 669 3580 724 coale-

2001 767 2110 829 sti,
2143 765 2287 820 sicut
2318 765 2443 828 ille,
2490 763 2709 819 abunde
2757 762 3017 833 populum
3066 762 3245 831 pavit,
3293 760 3580 815 ebaritatis

2004 858 2165 912 nobis
2199 872 2481 912 sermones
2512 871 2827 927 proponens
2848 894 2862 917 ,
2892 855 3095 925 quibus
3126 854 3360 907 maxime
3389 868 3580 909 corro-

2004 948 2273 1003 borantur
2305 948 2510 1013 animi,
2545 956 2599 1004 et
2632 950 2699 1003 ad
2731 947 3055 1002 sumendum
3098 962 3225 1000 cum
3271 946 3464 1001 ﬁducia
3494 945 3581 999 di-

2006 1038 2195 1092 vinum
2250 1054 2314 1092 ac
2365 1054 2582 1095 sacrum
2640 1039 2785 1093 hunc
2835 1037 3069 1101 Panem,
3100 1037 3191 1108 qui
3244 1052 3342 1107 pro
3393 1046 3581 1091 nostra

2006 1131 2186 1187 salute
2217 1132 2324 1186 huc
2358 1147 2388 1186 ε
2420 1133 2547 1188 sinu
2584 1131 2761 1188 Patris
2795 1132 2974 1195 venit,
3026 1131 3425 1188 accenduntur.
3477 1132 3582 1185 Co-

2016 1221 2266 1278 turnices
2299 1239 2516 1293 quoque
2542 1224 2791 1278 tidelibus
2812 1265 2827 1287 ,
2856 1231 2915 1277 ut
2944 1222 3034 1277 ille
3054 1262 3069 1287 ,
3092 1222 3369 1288 exhibuit,
3397 1230 3582 1277 osten-

2008 1311 2148 1367 dens
2182 1329 2422 1382 quonam
2461 1326 2621 1384 pacto
2658 1329 2753 1384 per
2786 1314 2879 1368 Dei
2914 1313 3350 1368 recordationem
3386 1313 3440 1366 in
3471 1327 3583 1367 ca:-

2012 1402 2124 1459 lum
2179 1421 2301 1462 sese
2347 1407 2579 1471 tollant,
2615 1422 2679 1460 ac
2710 1422 2831 1476 qua:
2860 1406 2931 1460 ibi
2978 1412 3112 1460 sunt
3152 1406 3379 1475 pulchra
3402 1446 3415 1469 ,
3451 1419 3584 1457 con-

328 1503 679 1571 templemur.
708 1500 775 1553 Et
807 1501 909 1555 hoc
936 1498 1159 1569 quidem
1189 1498 1353 1554 modo
1414 1505 1581 1567 atque
1638 1495 1889 1561 ratione,
1921 1494 1968 1549 si
2005 1511 2126 1565 quae
2152 1496 2314 1553 Pater
2361 1500 2451 1553 hic
2481 1500 2720 1569 graviter
2763 1514 2829 1553 ac
2875 1506 3099 1553 strenue
3141 1497 3342 1567 gessit.
3375 1496 3585 1567 prisco-

334 1610 455 1647 rmn
492 1593 803 1647 actionibus
838 1592 1091 1646 conferre
1128 1590 1405 1655 Iubuerit,
1443 1591 1552 1645 illis
1588 1589 1902 1643 nullatenus
1938 1586 2254 1645 inferiorem
2290 1592 2599 1662 comperies

416 1687 569 1739 Ἐπεὶ
612 1687 704 1739 καὶ
764 1684 969 1755 Ἰησοῦς
1006 1686 1035 1737 ὁ
1080 1684 1319 1753 Ναυϊτης
1369 1683 1639 1756 Ἰορδάνην
1688 1682 1907 1752 ἔσχισεν

333 1778 430 1838 τὰς
473 1774 975 1844 ἀποκεκλεισμένας
1022 1775 1103 1836 είς
1150 1772 1434 1843 μετάδοσιν
1486 1772 1592 1825 τῶν
1636 1769 1907 1824 πλουσίων

2085 1682 2204 1753 Ιρεε
2236 1699 2508 1753 namque,
2544 1694 2603 1739 ut
2634 1684 2798 1741 Jesus
2833 1684 3008 1750 Nave,
3041 1682 3334 1737 Jordanem
3363 1695 3584 1751 quoque

2013 1775 2237 1839 divisit,
2276 1791 2400 1830 cum
2447 1776 2667 1832 clausas
2718 1774 2951 1830 divitum
3001 1790 3197 1828 manus
3249 1773 3587 1840 benignitate

334 1870 549 1938 χεῖρας,
581 1866 715 1935 πρὸς
750 1864 995 1917 εὐποιίαν
1027 1864 1240 1933 διάρας,
1274 1862 1369 1916 καὶ
1401 1861 1479 1931 τῷ
1510 1861 1625 1931 λαῷ
1651 1861 1750 1930 τὴν
1780 1860 1906 1929 γῆν,

2021 1868 2265 1938 aperuit,
2299 1883 2363 1921 ac
2410 1868 2610 1937 populo
2662 1876 2898 1928 terram,
2934 1881 3041 1920 non
3091 1866 3312 1935 quidem
3359 1864 3587 1932 abjeetaa

332 1962 397 2011 οὐ
437 1959 535 2028 τῆς
573 1958 724 2010 κάτω
753 1955 1087 2024 ἐπαγγελίας
1114 1994 1128 2016 ,
1160 1954 1301 2007 ἀλλά
1334 1955 1434 2021 τῆς
1462 1952 1720 2025 οὐρανίου
1755 1952 1911 2021 βασι-

338 2051 487 2113 λείας
531 2048 972 2119 ἐκληροδότησεν.
1020 2047 1107 2110 Ὠς
1148 2046 1402 2115 Σαμουὴλ
1434 2047 1498 2098 ἐκ
1533 2044 1765 2116 βρέφους
1819 2044 1914 2097 άν-

337 2143 500 2211 ετέθη
520 2140 599 2211 τῷ
622 2139 761 2209 Θεῷ,
790 2140 884 2191 καὶ
912 2140 1093 2208 φωνῆς
1118 2137 1267 2200 θείας
1289 2138 1539 2205 ἤκουσεν.
1575 2137 1662 2200 Ὠς
1688 2137 1717 2188 ὁ
1742 2135 1913 2206 μέγας

355 2233 560 2295 Ἠλίας,
584 2233 708 2294 τοὺς
746 2231 843 2301 τῆς
878 2229 1136 2299 αἰσχύνης
1172 2229 1661 2299 παρεδειγμάτισεν
1702 2229 1873 2298 ἱερεῖς
1896 2266 1911 2291 ,

340 2326 440 2379 καὶ
464 2324 576 2395 πῦρ
603 2323 792 2394 νοητὸν
836 2322 931 2375 ἐπὶ
957 2325 1025 2392 τῇ
1052 2321 1240 2392 λογικῇ
1279 2320 1439 2390 θυσίᾳ.
1457 2359 1471 2383 ,
1497 2321 1561 2373 οὐ
1595 2321 1752 2390 μίαν,
1780 2318 1917 2373 ἀλλά

342 2415 602 2477 πολλάκις
632 2414 911 2484 κατήγαγε
930 2429 947 2445 ο
970 2414 1065 2464 καὶ
1094 2412 1302 2483 πυρίνῳ
1328 2410 1436 2464 τῶν
1457 2411 1664 2479 ἀρετῶν
1686 2412 1914 2481 ἀρματι,

338 2509 442 2559 οὐκ
476 2506 747 2576 αἰθέριος,
796 2504 913 2557 ἀλλ’
956 2503 1205 2573 οὐράνιος
1243 2502 1636 2573 άρματηλάτης
1684 2502 1913 2573 ἀνήχθη.

355 2599 443 2661 Ὠς
496 2597 797 2659 Ἐλισσαῖος
822 2636 838 2660 ,
877 2594 1075 2664 διπλῆν
1122 2593 1215 2647 τοῦ
1246 2592 1562 2664 Πνεύματος
1608 2593 1707 2665 τὴν
1750 2593 1912 2663 χάριν

343 2688 687 2758 πεπλούτηκε
714 2704 727 2716 ·
766 2686 861 2739 καὶ
883 2685 959 2747 ὡς
983 2687 1033 2737 oi
1062 2685 1337 2755 προφῆται
1369 2683 1690 2754 θεοφανείας
1717 2684 1918 2737 πολλά-

340 2798 431 2843 κις
460 2780 706 2849 ἠξίωται.
741 2777 928 2847 Τολμᾷ
956 2777 1146 2831 τοῦτον
1178 2778 1206 2829 ὀ
1246 2777 1401 2845 λόγος
1429 2777 1523 2829 καὶ
1551 2777 1686 2845 πρὸς
1726 2776 1818 2829 τὸν
1859 2776 1917 2829 ἐν

342 2873 619 2941 γεννητοῖς
648 2868 922 2937 γυναικῶν
961 2866 1235 2937 ἀνώτερον
1263 2866 1608 2937 παραθεῖναι,
1641 2867 1731 2919 τὸν
1764 2866 1919 2937 μεσί-

342 2980 442 3032 την
488 2961 582 3015 τοῦ
630 2961 794 3030 νόμου
830 2958 1051 3027 καὶτῆς
1094 2958 1332 3027 χάριτος.
1393 2958 1480 3019 Ὠς
1517 2957 1820 3027 πρόδρομος
1862 2960 1920 3010 ἐν

343 3056 536 3123 ἐῄμῳ
558 3050 789 3122 ηὐλίσθη
812 3066 824 3078 ·
859 3050 952 3103 καὶ
978 3049 1043 3118 ῥῆ
1053 3067 1127 3117 μα
1150 3048 1284 3100 Θεοῦ
1306 3048 1497 3117 γέγονε
1523 3049 1619 3102 καὶ
1641 3048 1778 3119 πρὸς
1798 3048 1921 3101 τοῦ-

346 3164 457 3209 τον,
480 3145 575 3197 καὶ
598 3143 885 3213 μετανοίας
910 3143 1083 3212 κήρυξ
1115 3140 1473 3209 ἐχρημάτισε,
1506 3139 1717 3203 καὶτὰς
1741 3140 1918 3209 ἀμαρ-

2016 1961 2182 2030 hujus
2204 1959 2613 2030 promissionis,
2638 1974 2825 2015 verum
2846 1958 3089 2014 celestis
3103 1957 3256 2028 regni
3278 1955 3583 2013 distribuit.

2014 2053 2056 2106 A
2087 2068 2186 2108 sua
2217 2050 2489 2117 infantia,
2521 2060 2583 2106 ut
2612 2050 2868 2117 Samuel,
2900 2058 3258 2106 consecratus
3304 2056 3389 2105 est
3437 2048 3581 2115 Deo,

2014 2146 2364 2216 divinamque
2397 2159 2582 2199 vocem
2604 2184 2619 2206 ,
2652 2153 2712 2199 ut
2748 2143 2839 2198 ille
2862 2181 2877 2208 ,
2922 2141 3150 2197 audivit.
3190 2140 3346 2196 Sicut
3397 2139 3582 2203 Elias,

2016 2235 2333 2291 sacerdotes
2372 2235 2731 2304 turpitudinis
2766 2234 3052 2305 coarguit,
3098 2233 3388 2305 ignemque
3439 2232 3585 2287 divi-

2016 2345 2145 2382 nntn
2179 2328 2450 2383 orationis
2488 2327 2803 2390 sacriﬁcio,
2850 2340 2960 2381 non
3003 2326 3207 2392 semel,
3247 2325 3343 2381 sed
3384 2326 3587 2395 saepius

2015 2418 2282 2481 deduxit,
2332 2419 2602 2489 igneoque
2636 2418 2901 2473 virtutum
2934 2434 3103 2473 curru
3128 2458 3142 2484 ,
3172 2433 3282 2472 non
3330 2417 3383 2471 in
3417 2418 3587 2472 aethe-

2018 2527 2077 2564 ra
2101 2553 2116 2576 ,
2151 2510 2245 2566 sed
2281 2510 2336 2564 in
2372 2511 2549 2579 ipsum
2585 2509 2783 2564 coelum
2824 2508 3075 2565 sublatus
3118 2516 3225 2565 est.
3271 2507 3427 2563 Sicut
3477 2507 3589 2562 Eli-

2017 2618 2177 2664 scus,
2230 2602 2501 2671 duplicem
2546 2602 2778 2672 spiritus
2827 2602 3060 2670 gratiam
3107 2610 3441 2657 consecutus
3479 2610 3587 2655 est.

2019 2694 2173 2747 Sicut
2205 2693 2512 2763 prophetae,
2547 2692 2745 2746 divina:
2777 2690 3009 2747 visionis
3044 2707 3271 2746 munere
3305 2706 3370 2745 ac
3405 2692 3586 2762 gratia

2017 2785 2254 2837 donatus
2279 2791 2384 2837 est.
2408 2781 2549 2847 Quin
2580 2789 2633 2835 et
2664 2782 2781 2850 ipsa
2809 2797 2897 2837 me
2926 2790 3107 2835 movet
3136 2781 3309 2844 ratio,
3342 2789 3400 2835 ut
3428 2797 3589 2835 eum-

2018 2874 2140 2929 dem
2174 2874 2321 2927 hunc
2351 2873 2431 2927 vel
2463 2888 2587 2926 cum
2624 2872 2721 2925 illo
2745 2911 2759 2933 ,
2795 2887 2905 2941 quo
2936 2872 3078 2926 inter
3106 2881 3268 2928 natos
3295 2874 3588 2929 mulierum

2019 2967 2205 3020 ιιιιΙΙιιε
2248 2964 2567 3035 perhibetur
2589 2963 2869 3018 exstitisse
2897 2962 3094 3031 major,
3142 2978 3463 3034 comparare
3490 2979 3592 3019 au~

2019 3059 2175 3113 deam
2202 3076 2217 3112 :
2251 3072 2376 3110 cum
2408 3056 2502 3109 illo
2522 3097 2536 3119 ,
2572 3056 2792 3123 inquam
2815 3096 2829 3121 ,
2859 3053 2953 3124 qui
2997 3054 3139 3109 inter
3170 3054 3341 3126 legem
3379 3064 3432 3111 et
3462 3072 3588 3126 gra-

2021 3154 2151 3203 tiam
2183 3146 2285 3201 fuit
2314 3146 2548 3202 medius.
2578 3144 2862 3215 Siquidem
2894 3144 2985 3200 hic
3006 3187 3020 3212 ,
3047 3154 3106 3199 ut
3140 3162 3449 3216 praecursor
3474 3148 3587 3213 ille,

344 3239 466 3299 τίας
500 3233 937 3305 ἐξομολογεῖσθαι
989 3235 1116 3295 τοὺς
1150 3230 1619 3303 προσερχομένους
1656 3228 1913 3294 ἐδίδαξεν.

2023 3252 2269 3293 erem‘um
2301 3236 2507 3303 coluit,
2538 3244 2594 3290 et
2623 3236 2689 3289 ad
2721 3252 2843 3292 eum
2877 3252 3095 3307 quoque
3129 3238 3334 3291 factum
3363 3246 3448 3293 est
3471 3254 3593 3294 ver-

359 3330 445 3391 Ὠς
478 3326 690 3389 Παῦλος
727 3326 788 3378 τὸ
827 3325 927 3394 τῆς
957 3324 1189 3392 ἐκλογῆς
1230 3323 1458 3385 σκεῦος,
1499 3320 1786 3383 παντοίους
1824 3320 1921 3372 ὐπ-

349 3417 373 3469 ἐ
382 3434 445 3487 με
455 3433 530 3468 ινε
554 3433 619 3468 πε
629 3415 912 3485 ιρασμοὺς,
938 3414 1033 3466 καί
1056 3411 1126 3464 τά
1158 3413 1256 3484 τῆς
1280 3412 1563 3482 μετανοίας
1594 3411 1921 3466 καταδαλεῖν

349 3510 655 3580 σπέρματα,
678 3508 753 3566 ώς
782 3508 988 3568 ἐκεῖνος
1020 3505 1119 3575 τῆς
1145 3504 1401 3567 πίστεως,
1426 3505 1486 3556 οὐ
1519 3503 1915 3575 κατενάρκησε.

350 3600 461 3652 Καὶ
498 3599 549 3651 τί
579 3599 660 3651 δεῖ
688 3600 796 3659 τοῖς
821 3597 962 3649 κατά
993 3596 1157 3666 μέρος
1195 3594 1385 3647 τοῦτον
1421 3594 1810 3666 παραϐάλλειν,
1840 3594 1920 3646 ἐτι

349 3694 457 3746 τῶν
500 3691 689 3745 τούτου
734 3688 1174 3758 κατορθωμάτων
1219 3688 1399 3740 πᾶσαν
1439 3687 1788 3757 πληρούντων
1820 3685 1918 3757 τὴν

350 3784 728 3854 οἰκουμένην;
773 3780 1114 3850 Φαινομένων
1156 3780 1213 3831 δέ
1240 3779 1368 3831 -τῶν
1415 3778 1611 3850 ἔργων,
1667 3778 1919 3849 περιττόν

351 3880 463 3929 ἐστι
501 3874 833 3947 μακρολογία
852 3890 866 3903 ο
902 3873 961 3926 τό
986 3890 1043 3925 τε
1068 3871 1159 3924 τοῦ
1202 3872 1362 3939 λόγου
1399 3874 1570 3942 μῆκος
1601 3873 1681 3934 είς
1706 3870 1921 3934 ἀδοξίαν

350 3969 459 4022 τῶν
486 3967 692 4039 ἀρετῶν
717 3965 1126 4036 περιτρέπεται,
1149 3964 1225 4025 ὡς
1248 3963 1345 4032 οὐχ
1375 3963 1573 4015 ἱκανῶν
1593 3962 1767 4014 οὐσῶν
1797 3964 1922 4014 ἐαυ-

353 4063 448 4123 τάς
476 4060 785 4131 ἀρκούντως
811 4058 879 4110 δι’
910 4055 1089 4127 ἔργων
1122 4054 1377 4125 μηνῦσαι,
1408 4053 1543 4106 ἀλλά
1583 4055 1684 4123 τῆς
1711 4054 1775 4106 ἐκ
1813 4052 1922 4105 τῶν

354 4151 524 4217 λόγων
557 4147 875 4217 ἐπικουρίας
922 4144 1212 4214 δεομένων.
1269 4142 1445 4196 Καλὸν
1474 4143 1529 4195 δέ
1558 4138 1669 4195 οἷόν
1720 4161 1770 4195 τι
1801 4161 1924 4213 τερ-

356 4242 614 4294 πνότατον
635 4238 871 4305 ἥδυσμα,
890 4235 1201 4307 προσθεῖναι
1219 4233 1298 4303 τῷ
1322 4233 1463 4304 λόγῳ
1491 4235 1584 4288 καὶ
1602 4235 1660 4287 τὸ
1688 4254 1753 4288 πε
1760 4237 1813 4307 ρί
1828 4237 1927 4305 τὴν

355 4330 562 4382 ἐκείνου
589 4328 842 4395 τελευτὴν
878 4327 1132 4397 ᾀδόμενον
1160 4325 1598 4397 τερατούργημα.

2023 3332 2151 3386 bum
2182 3328 2309 3393 Dei,
2340 3343 2405 3382 ac
2452 3342 2755 3397 praeconem
2803 3342 2971 3396 agens
3015 3329 3351 3398 poenitentia
3398 3329 3590 3384 docuit

2021 3421 2273 3478 conﬁteri
2302 3429 2526 3490 peccata
2566 3418 2890 3473 accedentes
2934 3419 3001 3472 ad
3047 3434 3126 3473 se.
3182 3419 3339 3474 Sicut
3389 3419 3594 3476 Paulus

2024 3524 2203 3567 autent
2240 3529 2334 3568 vas
2386 3511 2713 3573 electionis,
2765 3510 2948 3564 varias
2990 3509 3374 3566 tribulationes
3428 3522 3595 3582 atque

2024 3607 2352 3659 tentationes
2384 3601 2606 3671 pertulit
2634 3644 2648 3664 ,
2684 3600 3127 3672 paenitentiaeque
3153 3603 3390 3670 semina,
3417 3614 3475 3656 ut
3504 3605 3596 3661 ille

2027 3694 2188 3756 ﬁdei,
2226 3693 2415 3747 sedulo
2444 3691 2671 3761 sparsit.
2710 3689 2820 3744 Sed
2866 3690 2998 3759 quid
3030 3706 3256 3746 necesse
3299 3703 3412 3757 est,
3449 3695 3595 3749 lnme

2027 3801 2151 3841 cum
2181 3782 2387 3838 sanctis
2418 3781 2699 3850 sigillatim
2722 3778 2972 3835 conferre
2995 3821 3011 3844 ,
3041 3796 3165 3835 eum
3193 3784 3313 3852 ejus
3340 3796 3487 3840 recte
3519 3786 3597 3840 fa-

2028 3878 2134 3929 ctis
2162 3884 2314 3928 totus
2340 3883 2615 3927 terrarum
2646 3871 2801 3925 orbis
2828 3871 2902 3925 sit
2926 3872 3164 3941 plenus?
3193 3872 3464 3929 Prolixior
3495 3891 3595 3929 au-

2030 3978 2136 4022 tem
2166 3965 2343 4019 oratio
2372 3977 2779 4032 supervacanea
2812 3962 2885 4017 sit
2911 4003 2927 4027 ,
2956 3978 3080 4017 cum
3114 3965 3230 4033 ipsa
3260 3967 3396 4022 satis
3427 3982 3597 4038 appa-

2030 4065 2185 4112 reant
2206 4068 2390 4124 opera,
2419 4055 2648 4122 ipsaque
2674 4054 2966 4107 verborum
2998 4056 3289 4109 multitudo
3314 4058 3474 4111 .‘iden;
3511 4060 3595 4111 in-

2034 4150 2250 4203 ﬁrmare
2293 4146 2564 4207 videatur,
2603 4145 2757 4213 quasi
2808 4161 2916 4198 non
2968 4147 3104 4200 satis
3146 4163 3210 4201 ex
3262 4149 3396 4215 ipsis
3435 4150 3599 4205 rebus

2033 4237 2384 4292 declarentur
2411 4234 2678 4297 virtutes,
2724 4233 2820 4288 sed
2868 4236 3136 4290 sermonis
3170 4237 3350 4292 adhuc
3391 4240 3601 4294 auxilio

2035 4330 2337 4397 indigeant.
2375 4325 2722 4393 Quapropter
2755 4340 2933 4394 operae
2964 4326 3201 4395 pretium
3240 4328 3443 4394 fuerit,
3479 4338 3603 4384 tan-

355 4439 515 4494 quam
571 4420 959 4475 suavissimum
1026 4416 1303 4486 quoddam
1358 4417 1769 4472 condimentum
1820 4420 1947 4478 huic
1979 4419 2214 4479 orationi
2271 4416 2602 4485 adjungere,
2650 4415 3019 4485 pereelebrem
3072 4419 3364 4485 nimirum,
3412 4423 3601 4494 prodi-

353 4528 551 4587 qune
581 4512 808 4565 similem
838 4508 1010 4576 ipsius
1039 4523 1102 4561 ex
1134 4508 1236 4559 hac
1265 4506 1482 4559 mortali
1511 4507 1620 4560 vita
1648 4511 1872 4565 exitum.

427 4601 648 4656 Μέλλων
670 4600 777 4668 γὰρ
804 4601 833 4650 ὁ
861 4597 1113 4667 θεοφόρος
1139 4590 1291 4660 οὗτος
1334 4597 1471 4667 ἀνὴρ
1509 4598 1760 4667 ἀπαίρειν
1790 4602 1917 4671 πρὸς

2099 4595 2154 4649 ln
2185 4595 2382 4650 caelum
2418 4608 2547 4662 ergo
2577 4592 2688 4661 jam
2726 4602 3074 4662 perrecturus
3108 4612 3331 4655 sanctus
3368 4603 3455 4661 hic
3497 4608 3600 4670 vir,

357 4695 422 4747 τὰ
444 4691 688 4761 οὐράνια,
722 4690 833 4748 τοῖς
875 4685 1107 4756 παροῦσι
1140 4687 1527 4756 παρηγγυᾶτο,
1571 4688 1647 4751 ὡς
1679 4688 1777 4741 οὐκ
1811 4689 1928 4756 ἐξὸν

357 4786 538 4845 αὐτοῖς
562 4781 747 4851 ἐσθῆτι
772 4778 1055 4831 πολυτελεῖ
1089 4778 1150 4829 το
1175 4777 1364 4829 τούτου
1400 4778 1557 4848 σῶμα
1589 4780 1925 4849 ἐνταφιάσαι.

360 4877 419 4927 ΕΞ
451 4874 506 4927 δέ
528 4873 619 4925 καί
646 4889 727 4934 τις
754 4870 1068 4940 φιλοπάτωρ
1090 4867 1164 4921 ὢν
1192 4868 1430 4921 τοιοῦτόν
1459 4888 1511 4922 τι
1543 4872 1922 4941 προνενόηκεν,

358 4969 390 5037 ἥ
416 4965 814 5037 παρητοίμασε,
852 4960 1113 5030 μηδαμῶς
1149 4962 1225 5021 εἰς
1256 4960 1413 5028 ἔργον
1442 4961 1539 5030 τὴν
1568 4962 1760 5033 βουλὴν
1792 4964 1926 5031 ἀγα-

358 5062 472 5126 γεῖν
492 5098 506 5121 ,
535 5056 648 5110 ἀλλ’
687 5054 817 5107 αὐτὸ
845 5055 1020 5105 ἐκεῖνο
1042 5052 1103 5103 τὺ
1125 5052 1339 5121 ὁρισθὲν
1369 5053 1446 5115 είς
1471 5053 1566 5124 τὴν
1600 5055 1806 5107 ἐκείνου
1831 5072 1927 5106 τα-

359 5151 463 5220 φὴν
488 5148 707 5219 δοθῆναι
742 5148 996 5214 πτωχοῖς.
1023 5140 1112 5206 Εἷς
1136 5142 1266 5211 γοῦν
1296 5143 1402 5197 τῶν
1432 5146 1813 5216 παρεστώτων,
1838 5147 1931 5199 καὶ

357 5235 507 5302 οὗτος
540 5239 649 5291 τῶν
678 5234 985 5304 ἐπιφανῶν,
1044 5234 1245 5303 ἐσθῆτα
1280 5234 1544 5306 πολυτελῆ
1578 5237 1934 5307 προευτρεπί-

361 5347 480 5392 σας,
515 5328 739 5398 κάκείνῃ
765 5328 1091 5381 συνθάπτειν
1117 5326 1175 5378 τὸ
1199 5325 1291 5378 τοῦ
1320 5327 1463 5379 θείου
1488 5328 1789 5397 πρεσϐύτου
1830 5328 1933 5380 σῶ-

364 5438 437 5490 μα
472 5419 911 5489 προϐουλευθεὶς,
962 5418 1201 5481 ἀκούσας
1244 5420 1342 5489 τῆς
1376 5418 1674 5487 ἐπιτιμίας,
1704 5420 1930 5489 ἤλγησε,

363 5511 456 5563 καὶ
500 5509 682 5563 δοῦναι
712 5513 946 5581 πτωχοῖς
976 5509 1037 5563 τὸ
1077 5510 1503 5581 προετοιμασθέν
1534 5510 1746 5579 ἱμάτιον
1770 5512 1937 5578 ὑπερ·

365 5598 534 5659 έθετο,
552 5598 700 5662 ἀξιον
718 5598 770 5649 τί
778 5616 851 5668 μη
860 5616 932 5667 μα
952 5598 1135 5652 δοῦναι
1155 5599 1353 5668 μᾶλλον
1373 5601 1483 5661 τοῖς
1506 5598 1774 5668 δεομένοις
1797 5598 1937 5651 κατά

364 5688 487 5741 νοῦν
519 5689 807 5757 ὁσιώτερον
839 5689 1051 5758 κρίνας.
1093 5691 1186 5753 ⁸⁸ος
1219 5691 1412 5743 αὐτίκα
1441 5689 1666 5759 πληγεὶς
1694 5689 1797 5741 ὑπὸ
1823 5689 1935 5741 δαίο

368 5800 528 5855 μονος
564 5781 796 5852 novum-3
820 5823 833 5849 ,
870 5781 969 5850 τῆς
1013 5782 1271 5850 ἀνηκοΐας
1306 5782 1504 5850 ἐτρύγα
1538 5782 1604 5834 τά
1638 5780 1936 5851 πικρότατα

2034 4690 2120 4752 iis,
2157 4688 2249 4758 qui
2294 4694 2423 4739 tunc
2461 4685 2534 4739 ibi
2577 4684 2837 4751 aderant,
2885 4687 3212 4755 mandabat,
3250 4708 3318 4747 ne
3364 4698 3603 4764 pretioso

2032 4795 2154 4835 cum
2182 4779 2506 4833 vestimento
2535 4792 2737 4846 corpus
2767 4793 2926 4830 suum
2956 4782 3271 4850 sepelirent.
3309 4785 3376 4841 Et
3403 4789 3448 4843 si
3477 4794 3602 4860 quis

2034 4869 2303 4922 amantior
2333 4869 2504 4937 patris
2539 4868 2645 4921 tale
2673 4868 2956 4937 quidpiam
2994 4873 3315 4941 cogitasset,
3348 4886 3442 4931 aut
3465 4895 3604 4949 ιιι-ω

2031 4967 2299 5029 parasset,
2329 4957 2381 5011 id
2415 4972 2482 5011 ne
2507 4965 2916 5025 exsequeretur,
2949 4959 3043 5013 sed
3066 4962 3296 5016 consilio
3324 4964 3377 5017 in
3410 4968 3603 5023 melius

2030 5057 2401 5111 commutato,
2454 5046 2559 5100 hoc
2609 5047 2787 5115 ipsum
2837 5048 2982 5114 quod
3034 5050 3327 5118 sepultura:
3362 5054 3605 5110 cohone-

2032 5141 2240 5196 standae
2276 5139 2652 5203 decrevisset,
2684 5138 3019 5207 pauperibus
3047 5140 3436 5209 impertiretur.
3466 5147 3603 5202 Cum

2034 5233 2199 5301 igitur
2221 5246 2361 5284 unus
2392 5244 2580 5285 eorum
2613 5230 2704 5297 qui
2742 5230 3003 5291 aderant,
3034 5233 3321 5302 praecipuae
3346 5236 3603 5297 nobilita-

2035 5325 2107 5380 tis
2139 5324 2243 5388 vir,
2280 5321 2459 5392 magni
2504 5334 2636 5375 sane
2685 5321 2846 5389 pretii
2891 5323 3275 5378 vestimentum
3323 5340 3602 5395 parasset,

2035 5430 2144 5484 quo
2186 5414 2363 5469 sancti
2397 5412 2544 5467 senis
2578 5426 2779 5480 corpus
2808 5412 3066 5467 amictum
3103 5417 3396 5486 sepultura:
3427 5421 3606 5476 trade-

2035 5514 2138 5569 ret,
2171 5505 2543 5575 increpatione
2572 5503 2717 5558 illius
2748 5503 2934 5559 audita
2959 5505 3154 5569 doluit,
3178 5517 3232 5564 et
3258 5511 3455 5567 melius
3484 5528 3608 5568 esse

2038 5599 2220 5651 animo
2252 5606 2532 5667 reputans,
2569 5596 2613 5649 si
2662 5602 2872 5649 tantum
2909 5597 3087 5667 stipis,
3131 5609 3396 5668 quantum
3436 5605 3606 5658 vestis

2038 5691 2390 5749 constiterat,
2431 5687 2552 5755 ejus
2596 5687 2717 5740 loco
2750 5686 3118 5758 indigentibus
3142 5690 3329 5756 daret,
3354 5702 3601 5762 paratum

2040 5782 2421 5837 vestimentum
2468 5778 2801 5850 pauperibus
2848 5780 3067 5854 elargiri
3120 5782 3352 5839 distulit.
3401 5784 3607 5851 Quam-
