4132 6356
512 355 627 415 «μέ-Ἰ

1737 351 1796 408 S.
1851 351 2179 411 ειιεοοιιιι
2212 353 2509 413 NYSSENI

3672 361 3779 417 848

519 474 706 531 obrem
755 487 882 527 mox
927 487 959 527 a
1002 472 1243 545 maligno
1287 480 1573 543 correptus
1624 471 1899 537 daemone,
1948 471 2089 541 quod

2195 473 2505 546 δράγματα,
2537 477 2724 530 ἑαυτὸν
2756 476 2861 549 πρὸ
2885 477 2990 547 τῆς
3009 475 3195 546 κλίνης
3225 474 3320 530 τοῦ
3349 474 3499 531 ὁσίου
3535 479 3781 548 σπαράτ-

520 563 795 619 mandatis
822 580 933 616 non
964 564 1263 634 paruisset,
1293 562 1652 634 gravissimas
1685 576 1876 632 pmnas
1903 563 2093 628 dabat,

522 670 692 724 seque
720 664 847 711 ante
880 654 1165 720 lectulum,
1198 654 1253 709 in
1297 669 1409 725 quo
1446 657 1535 709 vir
1560 663 1785 710 sanctus
1813 655 2096 711 decumbe-

523 747 640 809 bat,
678 760 775 801 ore
822 744 1097 802 ferventes
1146 760 1316 816 agens
1354 760 1610 817 spumas,
1657 746 1976 802 dilaniabat.
2014 746 2097 800 Ad

522 852 686 908 quem
721 839 803 891 vir
843 836 936 895 Dei
964 837 1431 895 clementissimus
1456 839 1836 897 calamitosum
1867 852 2099 896 conven-

523 944 662 985 sus:
695 928 967 994 Quidnam
995 968 1010 991 ,
1050 928 1258 998 inquit,
1295 929 1605 997 admisisti,
1650 947 1685 986 ο
1723 932 1908 998 homo,
1938 942 1997 986 ut
2041 931 2096 986 in

520 1020 623 1074 hoc
654 1020 954 1090 periculum
986 1020 1375 1090 coujicereris?
1398 1021 1493 1076 Ille
1512 1037 1642 1078 vero
1670 1026 1819 1079 senis
1841 1024 2098 1079 mandato

517 1111 792 1168 excitatus
818 1155 832 1178 ,
883 1113 1012 1166 licet
1057 1113 1180 1180 ejus
1230 1114 1403 1168 menti
1442 1116 1699 1172 tenebras
1743 1116 2095 1171 caco‘daemnn

518 1203 805 1259 oliudisset
825 1242 841 1268 ,
873 1211 1172 1267 secretum,
1200 1205 1344 1274 quod
1374 1207 1518 1276 apud
1548 1223 1609 1264 se
1627 1218 1957 1279 conceperat
1987 1224 2095 1265 non

519 1296 932 1365 obteinperandi
982 1296 1156 1365 jussis
1212 1296 1422 1367 ipsius,
1471 1301 1765 1357 consilium
1813 1301 2093 1372 patefecit.

518 1388 689 1452 Quem
709 1385 1060 1441 conﬁtentem
1091 1387 1521 1462 benignissimus
1544 1392 1627 1448 vir
1654 1394 2093 1459 commiseratus,

519 1492 779 1531 manuum
808 1485 1123 1532 sanctarum
1159 1478 1514 1549 impositione
1544 1490 1598 1535 et
1633 1483 1889 1552 precibus
1920 1483 2096 1537 homi-

521 1583 643 1622 nem
673 1567 922 1638 protinus
945 1568 1013 1624 ab
1038 1569 1130 1624 illa
1153 1569 1440 1626 aﬂ‘ectionc
1467 1573 1739 1638 liberavit,
1769 1582 1823 1629 et
1849 1575 2096 1644 pristina:

519 1658 745 1713 sanitati
773 1658 1282 1730 restituit,eumque
1308 1661 1389 1717 sic
1412 1671 1497 1717 est
1520 1664 1793 1722 allocutus
1818 1681 1834 1720 :
1867 1663 2092 1734 Perﬁce,

517 1751 704 1814 homo,
738 1764 859 1820 quae
891 1749 1099 1806 dudum
1138 1751 1463 1822 promisisti.

2202 583 2345 630 των,
2394 569 2487 622 καὶ
2511 570 2620 622 -τὸν
2648 570 2821 639 ἀφρὸν
2858 570 2924 623 ὲκ
2963 569 3058 622 τοῦ
3093 570 3358 641 στόματος
3395 570 3776 640 ἀναϐράσσων,

2212 659 2273 712 '0
2316 659 2374 711 δὲ
2407 661 2854 730 συμπαθέστατος
2894 659 2988 714 τοῦ
3018 659 3153 714 Θεοῦ
3179 660 3466 732 ἄνθρωπος
3507 661 3657 729 λέγει
3701 661 3780 733 τῷ

2202 751 2542 805 πεπονοόντι·
2604 752 2842 824 Ἐπειδὴ,
2874 746 2923 806 ὧ
2952 751 3228 823 ἄνθρωπε,
3277 752 3331 805 τί
3358 768 3440 805 σοι
3469 752 3781 823 παράλογον

2200 843 2543 914 πέπρακται,
2589 845 2684 903 καὶ
2718 845 2855 916 πρὸς
2885 844 3075 900 τοῦτον
3112 845 3204 899 τὸν
3233 844 3476 899 κίνδυνον
3514 844 3777 917 έῤῥιψενς

2213 933 2271 986 '0
2299 934 2357 988 δὲ
2386 937 2452 1005 τῇ
2479 935 2725 989 κελεύσει
2753 936 3064 1001 διαναστὰς,
3098 936 3300 1006 καίπερ
3329 937 3435 990 ὑπὸ
3465 935 3559 990 τοῦ
3589 937 3781 1006 δαίμο-

2199 1042 2285 1088 vo;
2324 1026 2415 1079 τδν
2449 1027 2575 1080 νοῦν
2605 1027 2916 1091 σκοτωθεὶς,
2944 1029 3037 1081 τὶν
3071 1029 3453 1099 κεκρυμμένον
3483 1027 3661 1092 ἐξεῖπε
3691 1028 3778 1082 λο-

2198 1117 2419 1191 γισμὸν,
2450 1118 2544 1172 καὶ
2567 1120 2666 1190 τὴν
2692 1119 2971 1190 παρακοίτν
2994 1119 3358 1190 ἐφανέρωσεν,
3397 1122 3494 1173 "Ov
3522 1120 3778 1190 ἐξομολο-

2197 1208 2506 1279 γησάμενον
2554 1210 2584 1261 ό
2640 1207 3088 1278 συμπαθέστατος
3141 1207 3319 1279 γέρων
3368 1207 3493 1275 ὑγιῆ
3537 1209 3780 1261 ἀποκατ-

2197 1300 2446 1369 έστησεν,
2496 1299 2737 1354 ὲπιΟέσει
2794 1299 2965 1369 ἁγίων
3009 1299 3208 1371 χειρῶν
3272 1299 3369 1352 καὶ
3414 1299 3546 1369 εὐχῇ
3588 1299 3777 1352 τοῦτον

2196 1392 2512 1459 ἀπαλλάξας
2545 1394 2640 1445 τοῦ
2686 1392 2889 1455 πάθους
2920 1408 2933 1421 ·
2963 1387 3081 1445 εἶτα
3112 1392 3205 1445 καὶ
3236 1390 3548 1463 προσειπὼν
3574 1407 3587 1420 ·
3632 1390 3778 1459 Πλή-

2199 1500 2292 1555 ρου
2328 1500 2425 1537 σου
2466 1484 2565 1557 τὴν
2593 1485 2917 1556 ὑπόσχεσιν,
2972 1483 3261 1555 ἄνθρωπε,
3327 1485 3394 1556 ἢν
3443 1484 3612 1539 πάλαι
3639 1500 3777 1555 προ-

2185 1577 2501 1649 ενενόησας.

587 1840 707 1908 Quo
749 1841 971 1911 quidem
1023 1840 1402 1898 demonstrato
1461 1844 1762 1911 miraculo,
1811 1862 1936 1901 cum
1976 1849 2089 1917 jam

2265 1839 2489 1896 Τοιοῦτο
2530 1841 2815 1914 τεράστιον
2858 1840 2998 1913 πρὸς
3043 1839 3184 1915 [τὰ]
3215 1840 3293 1912 τῷ
3342 1841 3484 1895 τέλει
3530 1840 3625 1895 τοῦ
3656 1840 3774 1911 βίου

516 1932 638 1987 vita:
668 1932 789 1987 linis
819 1932 1153 1995 immineret,
1184 1948 1302 1999 eos,
1329 1935 1424 2004 qui
1461 1943 1592 1990 tunc
1624 1936 1873 2004 aderam,
1904 1940 2089 1995 multis

516 2024 620 2094 piis
667 2023 1191 2080 commonitiouilms
1239 2025 1306 2080 ad
1364 2028 1585 2083 virtutis
1642 2030 1885 2083 studium
1931 2043 2095 2101 atque

505 2126 754 2170 antorem
805 2115 1168 2182 cohortatus,
1210 2127 1268 2170 ut
1318 2126 1594 2187 postrema
1639 2119 1761 2189 ejus
1810 2120 2096 2176 declarant

515 2206 701 2271 verita,
726 2203 791 2260 ad
825 2206 1183 2277 tranquillum
1210 2207 1400 2263 aeterni
1431 2208 1584 2279 regni
1613 2216 1829 2279 portum
1861 2209 2097 2267 feliciter

511 2301 818 2371 endgravit,
860 2307 1159 2369 sanctaque
1183 2312 1249 2354 ac
1277 2298 1388 2354 Deo
1431 2309 1585 2370 grata
1620 2302 1955 2366 accessione,
1991 2319 2094 2356 uu-

505 2406 726 2446 merum
760 2391 1067 2453 beatortrn,
1099 2391 1193 2459 qui
1221 2390 1290 2444 ab
1319 2390 1476 2446 initio
1507 2389 1723 2445 fuerant
1755 2394 1961 2451 smeuli.
1992 2411 2091 2449 cu-

513 2483 760 2539 mulavit.
799 2481 933 2536 Nam
975 2483 1030 2538 in
1070 2482 1391 2536 (-(clcstibus
1420 2483 1600 2536 anima
1639 2484 1811 2552 ipsius
1843 2485 2093 2539 consedit

506 2574 902 2639 tabernaculis,
945 2572 1035 2628 ubi
1070 2574 1387 2642 angelorum
1422 2582 1551 2627 sunt
1594 2574 1840 2637 ordines,
1872 2575 1961 2628 ubi
1995 2591 2092 2645 pa-

510 2668 882 2723 triarcharum
902 2666 1107 2736 populi.
1128 2666 1220 2720 ubi
1241 2665 1630 2734 prophetarum
1653 2665 1835 2729 chori,
1853 2667 1944 2720 ubi
1970 2681 2095 2735 apo-

510 2759 774 2812 stolorum
799 2755 980 2815 sedes,
1010 2753 1101 2808 ubi
1120 2761 1419 2824 martyrum
1445 2752 1731 2823 gaudium,
1758 2753 1848 2807 ubi
1876 2754 2091 2824 piorum

504 2849 728 2914 laetitiae,
747 2847 838 2901 ubi
852 2846 1135 2900 doctorum
1154 2844 1433 2913 splendor,
1451 2843 1540 2898 ubi
1561 2843 1806 2899 celebres
1829 2844 2095 2915 primoge-

512 2941 750 2994 nitorum
767 2945 965 2997 cintus,
987 2935 1079 2989 ubi
1104 2950 1251 3004 purae
1268 2933 1661 2990 exsultantium
1682 2949 1865 2998 voces,
1891 2934 1982 2988 ubi
2003 2934 2094 2990 illa

504 3031 649 3085 bona
668 3036 1000 3099 patent,qu:n
1018 3025 1193 3093 angeli
1210 3022 1526 3095 prospicere
1538 3030 1749 3092 optant.
1768 3021 1823 3074 in
1841 3033 2092 3078 sanctum

505 3123 660 3177 illum
688 3122 864 3175 locum
890 3118 1204 3175 felicissima
1227 3115 1369 3170 beati
1395 3114 1641 3184 clarique
1660 3114 2092 3185 patrilephrzem

508 3215 687 3267 anima
719 3210 985 3281 pervenit.
1017 3207 1270 3260 Arbitror
1297 3218 1427 3257 vero
1464 3218 1588 3256 cum
1630 3203 1684 3255 in
1724 3205 1927 3257 eceltun
1971 3202 2088 3271 ipsa
2119 3219 2165 3277 η

506 3302 863 3364 ascenderet,
914 3298 1161 3369 singulas
1207 3311 1349 3366 quas
1385 3294 1437 3348 in
1485 3294 1589 3348 hac
1631 3294 1740 3346 vita
1772 3295 2091 3348 excoluerat

507 3396 741 3449 virtutes
774 3390 1141 3463 praecessiSse,
1168 3401 1232 3441 ac
1265 3401 1354 3441 res
1385 3385 1506 3439 illas
1536 3384 1848 3439 reconditas
1874 3393 1936 3439 et.
1965 3399 2089 3454 spe-

505 3485 868 3549 ciosissimas,
896 3495 1018 3551 qua
1043 3477 1375 3541 mortalibus
1400 3475 1553 3529 cerni
1574 3481 1855 3543 nequeunt
1884 3474 2086 3541 oculis,

505 3574 913 3628 demonstrasse
937 3586 953 3636 ;
981 3567 1333 3635 omniumque
1362 3562 1876 3619 excellentissimam
1901 3562 2086 3617 chari-

506 3674 669 3717 tatcm
705 3662 787 3715 sic
837 3659 904 3714 ad
957 3672 1078 3713 eam
1138 3655 1486 3710 accedentem
1522 3653 1729 3709 dixisse
1775 3673 1789 3710 :
1832 3654 2085 3721 Intuere,

499 3756 703 3809 dilecta
737 3751 918 3806 anima
940 3790 955 3815 ,
984 3746 1483 3820 pulchritudinem,
1513 3761 1677 3815 quam
1712 3745 1812 3800 tibi
1857 3761 2082 3817 compa-

502 3846 617 3902 πεινί
638 3886 652 3907 ,
685 3844 961 3912 simulque
984 3840 1214 3896 delicias
1260 3838 1589 3893 ostendisse.
1623 3835 1857 3907 Moxque
1884 3851 2080 3892 accur-

501 3945 710 3993 rentcm
740 3936 1122 3995 lmmilitatent,
1153 3932 1228 3985 ita
1260 3945 1379 3984 eam
1419 3929 1782 4000 compellasse
1810 3946 1824 3983 :
1862 3929 2086 3999 Aspice,

502 4031 685 4084 anima
714 4028 820 4081 lien
849 4026 1037 4086 chara.
1069 4022 1386 4094 cujusmodi
1411 4036 1511 4093 ego
1535 4022 1634 4077 tibi
1665 4022 1850 4076 locum
1880 4021 2085 4092 quietis

498 4120 783 4178 exornavi.
803 4118 940 4173 Tum
961 4126 1189 4174 crateras
1209 4131 1402 4173 omnes
1418 4114 1635 4185 sigillati
1645 4130 1696 4168 m
1718 4114 2083 4179 recensuisse,

501 4215 1019 4281 demonstrasseque
1059 4209 1279 4280 praemia
1306 4247 1323 4273 ,
1357 4222 1480 4277 quae
1515 4205 1625 4276 jam
1659 4205 1817 4272 inde,
1849 4220 1977 4260 cum
2016 4207 2084 4260 ab

503 4308 621 4378 ipsa
659 4304 839 4359 adhuc
867 4304 920 4356 in
949 4316 1181 4372 corpore
1227 4299 1621 4355 excolerentur
1659 4306 1826 4369 atque
1859 4312 2084 4354 exerce-

500 4406 710 4460 rentur,
742 4396 795 4448 in
830 4393 1072 4448 futurum
1112 4391 1526 4461 comparabant.
1566 4387 1998 4455 Odecantanda,
2029 4395 2086 4444 et

2194 1931 2698 2001 κατεργασάμενος.
2748 1930 2970 1988 πολλαῖς
3013 1947 3073 1983 τε
3101 1931 3453 2002 παραινέσεσι
3490 1931 3617 1995 τοὺς
3650 1948 3776 1984 cov—

2192 2019 2353 2083 όντας
2392 2020 2527 2091 πρὸς
2555 2021 2646 2075 τὸν
2675 2021 2777 2091 τῆς
2807 2023 3008 2093 ἀρετῆς
3030 2020 3194 2092 ζῆλον
3238 2022 3617 2094 διαναστήσας.
3646 2022 3721 2084 ὡς
3745 2022 3775 2073 δ

2193 2109 2503 2172 τελευταῖος
2521 2110 2688 2165 αὐτοῦ
2721 2111 2879 2180 λόγος
2919 2111 3104 2181 δηλοῖ,
3135 2113 3214 2174 εἰς
3240 2112 3333 2166 τὸν
3361 2111 3673 2181 ἀκύμαντον
3694 2109 3777 2162 λι-

2198 2200 2334 2271 μένα
2360 2202 2458 2272 τῆς
2487 2202 2708 2257 αἰωνίου
2750 2201 3027 2272 βασιλείας
3058 2203 3348 2270 ἐξέπνευσε
3391 2203 3485 2255 καὶ
3511 2200 3772 2254 εύαπόδε-

2194 2307 2338 2352 κτος.
2368 2290 2478 2344 [Ιοῦ
2498 2291 2555 2345 δὲ
2594 2292 2695 2364 τὴν
2715 2294 2924 2348 ἐκείνου
2946 2293 3121 2366 ψυχὴν
3145 2293 3378 2365 ἀλλαχοῦ
3401 2293 3639 2357 είκάζειν
3669 2293 3774 2365 χρὴ

2194 2380 2518 2442 καταλῦσαι,
2542 2382 2576 2454 ἦ
2597 2383 2756 2454 δῆλον
2776 2385 2834 2437 ὲν
2862 2387 3088 2454 σκηναῖς
3109 2385 3403 2456 οὐρανίοις,
3430 2386 3565 2438 ὅπου
3591 2384 3775 2449 τᾶξεις

2195 2471 2460 2540 ἀγγέλων,
2512 2476 2649 2528 ὅπου
2691 2475 2842 2546 χοροὶ
2876 2477 3188 2547 προφητῶν,
3236 2477 3372 2530 ὅπου
3415 2476 3595 2548 θρόνοι
3634 2479 3774 2531 ἀπο-

2197 2562 2420 2626 στόλων,
2466 2564 2598 2617 ὅπου
2629 2566 2773 2633 χαρὰ
2811 2563 2920 2617 τῶν
2952 2564 3266 2635 μαρτύρων,
3320 2566 3455 2618 ὅπου
3492 2566 3653 2618 ὁσίων
3681 2566 3766 2618 εὐ·-

2198 2655 2464 2727 φροσύνη,
2495 2655 2630 2709 ὅπου
2657 2655 2991 2709 διδασκάλων
3019 2655 3359 2726 λαμπρότης,
3389 2656 3525 2708 ὅπου
3560 2672 3775 2726 πρωτο-

2192 2748 2368 2801 τόκων
2411 2749 2749 2817 πανήγυρις,
2795 2747 2890 2801 καὶ
2935 2742 3069 2818 ἦχος
3117 2746 3355 2818 καθαρὸς
3404 2748 3512 2798 τῶν
3561 2744 3775 2799 ἐκεῖθεν

2194 2838 2581 2909 ἑορταζόντων.
2621 2838 2717 2900 Είς
2759 2836 2943 2891 ἐκεῖνα
2974 2836 3045 2890 τά
3086 2835 3298 2905 ἀγαθά,
3344 2836 3381 2891 ἃ
3414 2835 3776 2906 ἐπιθυμοῦσιν

2192 2924 2416 2994 ἄγγελοι
2462 2925 2824 2996 παρακύψαι,
2867 2928 2947 2991 εἰς
2974 2928 3180 2980 ἐκεῖνον
3214 2926 3305 2980 τὸν
3331 2927 3477 3000 ἱερὸν
3516 2928 3774 3001 ἐφοίτησε

2195 3016 2372 3087 χῶρον
2418 3016 2454 3087 ὴ
2500 3014 2595 3068 τοῦ
2632 3012 2903 3087 μακαρίου
2949 3015 3042 3068 καὶ
3082 3014 3325 3085 ἀοιδίμου
3360 3016 3573 3087 Πατρός
3618 3019 3775 3089 ⁴ἡμῶν

2196 3106 2674 3178 πολυμακάριστος
2702 3108 2795 3160 καὶ
2820 3107 2951 3176 ἀγία
2977 3107 3144 3178 ψυχή.
3182 3108 3451 3178 Ἠγοῦμαι
3473 3109 3528 3162 δὲ
3552 3112 3618 3181 τῇ
3637 3111 3773 3180 πρὸς

2193 3199 2423 3271 οὐρανὸν
2446 3199 2616 3268 αὐτῆς
2644 3199 2906 3255 ἀναϐάσει
2933 3200 3191 3270 ἡγεῖσθαι
3219 3200 3319 3264 τὰς
3344 3201 3497 3269 παρά
3537 3203 3630 3255 τὸν
3659 3202 3773 3272 βίον

2189 3289 2353 3344 αὐτοῦ
2380 3291 2604 3359 ἀρετὰς,
2628 3292 2723 3345 καὶ
2742 3292 3007 3347 δεικνύειν
3032 3294 3170 3364 αὐτῇ
3193 3295 3439 3365 ἑκάστην
3463 3294 3531 3348 τὰ
3555 3295 3773 3367 ἄρρητα

2189 3384 2374 3438 ἐκεῖνα
2407 3385 2502 3438 καὶ⁵
2543 3384 2751 3438 ἀθέατα
2799 3385 3003 3455 κάλλη,
3053 3386 3147 3439 καὶ
3193 3387 3597 3458 προσελθοῦσαν
3630 3391 3770 3459 τάχα

2186 3473 2285 3545 τὴν
2330 3473 2550 3544 μείζονα
2585 3475 2775 3529 πασῶν
2807 3474 2918 3529 τῶν
2949 3477 3160 3548 ἀρετῶν
3193 3478 3436 3548 ἀγάπην,
3485 3478 3657 3543 οὕτως
3687 3482 3768 3533 εξι

2187 3568 2309 3620 πεῖν
2329 3582 2342 3597 ·
2377 3567 2540 3637 Ὅρα,
2569 3565 2807 3637 φιλτάτη
2825 3566 2993 3639 ψυχὴ,
3022 3565 3133 3621 οἶόν
3163 3582 3245 3621 σοι
3278 3568 3614 3642 προεξένησα
3640 3571 3771 3625 κάλ-

2186 3657 2278 3721 λος
2301 3676 2315 3691 -
2356 3659 2453 3712 καὶ
2496 3658 2593 3713 σὺν
2630 3658 2710 3729 τῷ
2745 3659 2890 3730 λόγῳ
2920 3658 3303 3725 καθυποδεῖξαι
3336 3662 3395 3714 τὸ
3423 3663 3764 3734 ὲντρύφημα.

2186 3750 2296 3802 Καὶ
2359 3749 2458 3822 τὴν
2520 3750 3023 3822 ταπεινοφροσύνην
3075 3751 3485 3822 ὲπιδραμοῦσαν
3534 3754 3767 3823 φράσαι·

2186 3841 2405 3905 Σκόπει,
2436 3842 2791 3913 πεποθημένη
2811 3841 2931 3913 Θεῷ
2968 3842 3137 3912 ψυχὴ,
3170 3837 3282 3896 οἷον
3304 3842 3461 3911 κάγὼ
3498 3860 3581 3897 σοι
3602 3845 3769 3898 τόπον

2184 3933 2543 3997 ἀναπαύσεως
2581 3932 2873 4003 ήτοίμασα.
2929 3932 3040 3986 Καὶ
3066 3930 3206 3986 κατὰ
3240 3933 3405 4002 μέρος
3452 3933 3551 3997 τάς
3586 3930 3769 3996 πάσας

2184 4028 2358 4079 εἰπεῖν
2385 4041 2445 4079 τε
2479 4025 2574 4079 καὶ
2606 4024 3010 4089 καθυποδεῖξαι,
3036 4025 3155 4088 οἵας
3180 4026 3318 4096 αὐτῇ
3346 4024 3445 4088 τάς
3469 4026 3768 4088 ἀντιδόσεις

2185 4116 2449 4188 πρότερον
2501 4115 2944 4187 φιλοπονηοείσαι
2987 4116 3358 4188 προεξένησαν
3396 4116 3641 4189 ὕστερον.
3701 4119 3767 4172 ’Ὠ

2188 4210 2571 4281 πολυυμνήτου
2607 4210 2704 4263 καὶ⁵
2745 4208 2990 4281 ζηλωτῆς
3036 4209 3348 4280 ἀποδημίας
3383 4211 3395 4263 !
3446 4208 3492 4262 ὣ
3532 4209 3764 4265 θανάτου

2182 4300 2436 4371 δακρύων
2471 4300 2546 4372 μὴ
2579 4300 2834 4372 δεομένου
2869 4301 2881 4353 i
2914 4300 2961 4354 ὣ
2987 4301 3268 4372 χωρισμοῦ
3291 4338 3308 4364 ,
3359 4302 3458 4372 τὴν
3491 4302 3765 4372 ποθουμέ-

2183 4407 2282 4461 νην
2334 4391 2723 4463 προξενοῦντος
2767 4390 3111 4461 συνάφειανί
3171 4390 3219 4444 ὣ
3270 4391 3652 4461 μεταστάσεως
3701 4394 3762 4444 οὐ

496 4482 714 4543 imitatu
746 4485 1065 4556 dignissima
1108 4481 1431 4552 emigratiol
1478 4480 1524 4535 0
1578 4495 1767 4545 mors,
1823 4480 2082 4552 lacrymis

2190 4483 2532 4554 παρεχούσης
2583 4483 2663 4555 τῷ
2728 4484 3058 4555 μεταστάντι
3135 4482 3493 4553 μετάμελονι
3573 4481 3620 4536 ὣ
3665 4500 3766 4553 κη·-

497 4591 607 4631 non
633 4575 914 4644 indigens!
945 4571 991 4628 Ο
1024 4571 1298 4642 separatio
1320 4576 1562 4640 optatam
1592 4569 1920 4625 societatem
1951 4584 2079 4624 con-

2190 4569 2328 4634 Βείας
2370 4571 2432 4625 οὐ
2474 4572 2822 4645 κεκτημένης
2862 4571 3198 4643 μετάμελονι
3253 4572 3344 4638 Ἐξ
3374 4567 3451 4627 ὧν
3487 4573 3596 4644 γὰρ
3639 4575 3763 4636 τοὺς

495 4669 734 4723 eilians!
787 4664 833 4721 Ο
885 4665 1189 4728 transitus,
1233 4661 1396 4730 cujus
1440 4669 1818 4716 transeuntem
1851 4660 2078 4717 minime

2190 4664 2392 4719 ἐκείνου
2419 4665 2654 4737 τρόπους
2683 4664 3067 4736 θαυμάζομεν,
3114 4666 3179 4718 ὲκ
3208 4664 3412 4719 τούτων
3447 4664 3546 4735 τὴν
3579 4681 3757 4735 παρα.

496 4757 759 4830 ιιωηὶιειί
787 4755 831 4813 0
861 4754 1048 4816 funus,
1076 4753 1254 4808 omnis
1276 4751 1482 4807 doloris
1506 4761 1674 4822 atque
1700 4750 1960 4805 molestite
1976 4766 2075 4806 ex-

414 4883 421 4889 -
495 4851 655 4922 persi
683 4848 817 4903 Dum
846 4847 997 4902 enim
1020 4845 1194 4916 ipsius
1221 4858 1406 4897 mores
1432 4841 1791 4912 suspicimus,
1813 4839 2075 4894 eonsola~

495 4940 699 4994 tionem
732 4935 857 4990 inde
886 4933 1239 5005 percipimus.
1273 4931 1522 4985 Aliorum
1553 4931 1757 5000 quippe
1787 4929 2071 4983 hominum

493 5043 684 5093 mors,
742 5026 850 5080 illis
898 5024 991 5095 qui
1046 5023 1452 5093 relinquuntur,
1497 5021 1833 5093 lacrymandi
1872 5021 2075 5093 praebet

494 5134 719 5175 causam
768 5137 782 5172 :
829 5128 1148 5175 sanctorum
1189 5123 1373 5167 autem
1436 5112 1681 5168 laetitiam
1739 5112 1901 5168 nobis
1936 5113 2081 5167 cele-

496 5214 859 5285 britatemque
880 5210 1137 5285 conciliat
1161 5222 1175 5259 :
1205 5220 1377 5275 quare
1394 5207 1497 5261 ista
1520 5220 1628 5261 non
1647 5203 1879 5258 dicenda
1904 5220 2076 5269 mors,

2185 4757 2382 4827 μυονίαν
2426 4756 2793 4827 λαμϐάνομεν.
2866 4756 2990 4809 Ἐπὶ
3024 4757 3122 4827 μὲν
3156 4756 3266 4827 γὰρ
3308 4754 3417 4808 τῶν
3453 4753 3632 4808 ἄλλων
3664 4757 3760 4807 ἀν-

2181 4850 2438 4923 θρώπων,
2474 4853 2503 4903 ὁ
2548 4850 2776 4913 Θάνατος
2819 4851 2991 4914 αἴτιος
3023 4848 3275 4921 δακρύων
3302 4851 3416 4911 τοῖς
3447 4848 3761 4919 περιλειποσ

2182 4938 2364 5008 μένοις
2404 4937 2729 5009 γνωρίζεται
2752 4955 2765 4970 ι
2819 4939 2914 4992 ἐπὶ
2951 4938 3008 4991 δὲ
3040 4938 3149 4991 τῶν
3189 4937 3380 5007 ἁγίων,
3417 4934 3757 5005 εὐφροσύνης

2182 5030 2272 5083 καὶ
2305 5029 2662 5101 πανηγύρεως
2694 5029 3017 5084 καθίσταται
3048 5029 3305 5100 πρόξενος
3327 5044 3342 5059 ⁸
3397 5028 3479 5079 ὄτι
3505 5027 3567 5079 οὐ
3593 5024 3760 5079 θάνα-

2177 5139 2269 5184 τος
2301 5122 2331 5172 ὁ
2355 5121 2613 5187 τοιοῦτος,
2650 5120 2784 5175 ἀλλά
2816 5121 3148 5192 μετάστασις
3177 5118 3376 5189 μᾶλλον
3402 5118 3497 5170 καὶ
3524 5114 3661 5187 πρὸς
3686 5114 3757 5167 τὰ

2178 5213 2411 5284 κρείττω
2451 5215 2765 5285 μετάὸασις.

495 5299 591 5354 sed
626 5301 808 5370 potius
843 5297 1147 5362 transitus,
1193 5302 1247 5349 ct
1288 5294 1354 5348 ad
1401 5294 1565 5347 vitam
1620 5293 1747 5346 hinc
1799 5293 2076 5348 meliorem

493 5391 805 5462 emigratio.

568 5484 693 5539 llaec
732 5491 882 5547 sunt,
916 5497 1040 5553 qua:
1076 5480 1198 5541 tibi,
1247 5479 1470 5532 Patrum
1503 5478 1707 5547 optimc
1729 5516 1743 5540 ,
1774 5476 2075 5547 mundique

493 5577 686 5632 doctor
718 5573 1045 5636 clarissime,
1090 5572 1309 5625 laudum
1347 5569 1618 5639 praeconia
1653 5569 1832 5623 audax
1867 5569 2072 5639 lingua,

493 5677 556 5724 ut
581 5669 709 5724 vilia
743 5665 1092 5729 munuscula,
1137 5661 1296 5715 amart
1326 5679 1340 5716 ;
1375 5676 1481 5714 non
1507 5673 1571 5714 ea
1604 5658 1827 5729 quidem
1855 5676 1954 5730 pro
1991 5659 2077 5714 di-

493 5762 728 5834 gnitate,
766 5772 944 5830 neque
976 5765 1037 5813 ut
1066 5752 1327 5824 indigenti
1352 5751 1448 5806 tibi
1476 5766 1489 5806 :
1516 5766 1682 5823 quam
1708 5751 1852 5807 enim
1881 5753 2076 5809 ali‘erre

2244 5476 2428 5532 Ταῦτά
2459 5495 2539 5531 σοι
2584 5478 2713 5547 παρ’
2740 5473 2897 5545 ἡμῶν
2917 5513 2929 5536 ,
2968 5472 3075 5526 τῶν
3106 5472 3367 5542 Πατέρων
3402 5470 3615 5541 ἄριστε,
3662 5471 3758 5522 καὶ

2172 5568 2271 5638 τῆς
2295 5568 2620 5639 οἰκουμένης
2643 5563 2950 5627 διδάσκαλε,
2975 5562 3146 5632 τολμη
3156 5561 3225 5632 ρά
3246 5559 3488 5629 γλώσση,
3515 5560 3590 5623 ὡς
3606 5558 3755 5627 δῶρα

2174 5660 2302 5729 παρ’
2321 5660 2498 5725 ἀξίαν,
2526 5657 2860 5727 προσάγεται
2884 5653 2951 5707 τὰ
2985 5651 3235 5722 ἐγκώμια
3255 5669 3268 5683 ·
3290 5652 3389 5721 οὐχ
3410 5650 3486 5714 ὡς
3501 5647 3755 5719 χρῄζοντι

2175 5750 2358 5817 (ποίαν
2380 5750 2490 5820 γὰρ
2518 5747 2764 5801 εὔκλειαν
2782 5746 3061 5816 χαρίζεται
3087 5745 3265 5814 λόγος,
3288 5743 3464 5796 ὀπίσω
3479 5745 3575 5814 τῆς
3596 5741 3753 5806 ἀξίας
