4132 6356
361 270 468 328 θέο
1358 279 1441 334 ως

1499 281 1659 337 νιτΑ
1699 283 1756 337 S.
1796 279 2048 336 PATRIS
2091 280 2390 336 ['IPHRJEM
2432 277 2606 337 SYRI.

3516 277 3623 346 830

364 387 458 440 τοῦ
493 387 883 458 ἐπαινουμένου
937 391 1221 464 βαδίζων),
1259 395 1392 467 πρὸς
1431 399 1616 470 ὄνησιν
1647 400 1701 453 δὲ
1745 400 1942 470 μᾶλλον

2046 409 2208 470 queat
2239 399 2467 469 gloriam
2531 398 2747 460 oratio,
2805 411 2928 467 qua:
2973 393 3176 449 laudati
3229 391 3435 448 meritis
3462 392 3622 462 plane

365 479 476 530 τῶν
502 479 718 542 ζώντων
742 497 754 510 ο
787 482 866 534 ὃτι
897 485 1124 556 μεγίστη
1153 491 1266 552 τοῖς
1293 489 1505 550 πολλοῖς
1533 492 1624 544 ἐπὶ
1649 491 1717 545 τὰ
1748 491 1941 561 βελτίω

369 571 712 641 παράκλησίς
733 590 790 624 τε
823 575 916 627 καὶ
947 579 1247 649 προτροπὴ,
1297 582 1330 650 ἡ
1353 580 1458 634 τῶν
1485 582 1704 650 ἀγαθῶν
1729 583 1944 654 ἀνδρῶν

369 660 634 730 εὐφημία.
688 663 934 732 Ἐκίνησε
968 667 1023 718 δέ
1067 669 1200 739 πρὸς
1238 669 1461 735 τούτους
1505 674 1650 743 ἡμᾶς
1703 675 1827 736 τοὺς
1856 673 1943 726 λό-
1992 663 2013 679 ’

370 768 501 818 γους
532 757 624 806 καὶ
657 755 953 826 τολμητίας
979 760 1293 830 εἰργάσατο,
1332 762 1501 816 πολλὰ
1537 765 1634 834 μὲν
1664 766 1758 819 καὶ
1788 765 1940 820 ἄλλα.

386 841 489 893 Ἐῶ
518 844 625 914 γὰρ
655 844 764 912 ἐγὼ
799 845 866 898 τὰ
900 848 1149 921 πολυειδῆ
1180 854 1592 924 προτερήματα,
1633 856 1726 908 καὶ
1761 855 1822 908 τὸ
1849 855 1942 909 τοῦ

376 933 490 1001 βίου
524 935 618 987 καὶ
647 935 803 1004 λόγου
838 938 1026 1010 κόσμῳ
1070 944 1229 996 παντὶ
1255 943 1573 1016 διαλάλητον
1594 962 1608 976 ·
1655 945 1858 1000 τούτων
1886 947 1945 1001 δὲ

375 1025 534 1080 πλέον
568 1029 599 1098 ἡ
631 1028 918 1100 θαυμαστή
965 1050 1056 1086 σου
1091 1035 1399 1100 ἐπιστασία,
1447 1038 1540 1092 καὶ
1569 1037 1944 1109 ἀπολύτρωσις

373 1117 406 1185 ἡ
434 1118 510 1180 εἰς
543 1118 632 1170 τὸν
681 1121 763 1172 σοὶ
801 1125 1164 1192 γεγενημένον
1203 1125 1512 1197 ὁμώνυμον,
1554 1129 1646 1182 τὸν
1683 1129 1778 1181 καὶ
1809 1127 1945 1199 πρὸς

373 1210 594 1272 τούτους
634 1211 779 1280 ἡμᾶς
811 1214 1181 1270 ἀποδύσασθαι
1218 1220 1344 1282 τοὺς
1387 1220 1602 1288 ἀγῶνας
1636 1221 1944 1292 προτρεψά-

377 1315 555 1367 μενον,
594 1299 653 1364 ὃς
686 1302 787 1356 ὑπὸ
817 1303 1106 1377 βαρϐάρων
1147 1309 1386 1377 ἐκγόνων
1420 1310 1514 1364 τοῦ
1540 1311 1764 1382 Ἰσμαὴλ
1797 1312 1948 1383 δορυ-

375 1386 577 1448 ἀὶωτος
599 1389 886 1460 ἀπαχθεὶς,
907 1395 998 1447 καὶ
1019 1398 1117 1467 τῆς
1133 1398 1500 1468 ἐνεγκαμένης
1517 1401 1577 1453 οὐ
1604 1401 1798 1472 μικρὸν
1821 1403 1944 1473 χρό-

375 1494 464 1528 νον
498 1481 804 1550 χωρισθεὶς,
847 1484 980 1554 πρὸς
1009 1487 1076 1539 τὰ
1116 1489 1289 1541 οἰκεῖα
1319 1491 1684 1555 παλινοστῶν,
1727 1493 1822 1545 καλ⁸
1847 1494 1945 1565 τῆς

373 1568 493 1622 ὀδοῦ
525 1570 620 1641 τὴν
647 1572 979 1630 λυσιτέλειαν
1017 1578 1260 1647 ἀγνοῶν,
1310 1582 1410 1651 τῆς
1449 1583 1546 1652 σῆς
1577 1583 1732 1654 ἔτυχε
1765 1601 1944 1654 παρα-

373 1657 524 1722 δόξου
557 1662 896 1727 ἐπιστασίας,
945 1668 1039 1720 καὶ
1091 1669 1188 1739 τὴν
1235 1670 1354 1725 όδὺν
1387 1672 1635 1744 ἐδιδάχθη
1680 1672 1779 1745 τὴν
1809 1673 1944 1744 πρὸς

373 1749 630 1804 διάσωσιν
652 1756 850 1824 μᾶλλον
879 1759 1208 1830 ἐπιτηδείαν,
1227 1765 1320 1816 καὶ
1355 1764 1447 1816 τοῦ
1484 1766 1690 1818 σκοποῦ
1716 1765 1790 1829 ὡς
1813 1741 1944 1836 ἀλη-
1977 1741 2019 1794 Β

375 1841 485 1904 θῶς
511 1843 571 1894 ού
599 1843 863 1917 διήμαρτε
883 1888 897 1901 .
939 1850 1046 1903 Ναὶ
1078 1852 1184 1922 μὴν
1219 1854 1310 1906 καὶ
1335 1855 1413 1916 είς
1446 1854 1577 1907 αὐτὸ
1607 1856 1946 1926 καταντήσας

374 1932 482 1985 τῶν
512 1935 768 1991 κινδύνων
792 1938 853 1990 τὸ
875 1940 1060 2010 ἄκρον,
1085 1943 1176 1995 καὶ
1201 1943 1424 1999 θάνατον
1443 1946 1812 2016 ἐκδεχόμενος,
1842 1947 1948 2000 ὑπὸ

375 2025 638 2096 ἐπηρείας
662 2029 798 2082 κατά
817 2031 913 2099 τὴν
934 2032 1050 2084 ὁδὸν
1073 2033 1409 2106 βαρϐαρικῆς
1425 2037 1710 2101 στενωθεὶς
1725 2077 1738 2100 ,
1763 2037 1837 2099 ὡς
1859 2039 1949 2108 μό-

375 2134 462 2168 νον
485 2118 581 2187 τῆς
609 2119 707 2188 σῆς
732 2123 1046 2192 ἐπεμνήσθη
1077 2126 1470 2196 προσηγορίας,
1493 2129 1761 2182 ἐπειπών·
1791 2131 1946 2198 Ἀγιε

388 2207 646 2279 Ἐφραῒμ,
681 2211 862 2280 βοήθει
899 2230 1011 2283 μοι.
1049 2217 1158 2268 Καὶ
1181 2216 1279 2287 τὴν
1308 2217 1512 2288 πλάνην
1543 2219 1652 2274 τῶν
1688 2221 1946 2274 κινδύνων

375 2300 624 2365 ἀϐλαϐῶς
647 2302 918 2374 ὑπερέϐη,
966 2307 1058 2359 καὶ
1090 2306 1182 2360 τοῦ
1218 2307 1382 2378 φόϐου
1413 2311 1782 2382 κατεφρόνησε
1803 2353 1818 2378 ,
1853 2312 1946 2365 καὶ

376 2392 646 2461 σωτηρίας
676 2394 815 2465 ὑπὲρ
845 2395 967 2449 νοῦν
989 2399 1273 2468 τετύχηκε,
1313 2401 1408 2454 κα)⁴
1437 2404 1506 2472 τῇ
1551 2403 1772 2473 πατρίδι
1815 2405 1952 2476 παρ’

375 2483 563 2541 ἐλπίδα
606 2485 709 2540 ὑπὸ
751 2487 846 2557 τῆς
895 2489 994 2557 σῆς
1060 2491 1317 2559 προνοίας
1361 2493 1764 2564 φρουρούμενος
1821 2496 1949 2549 ἀπο-

371 2573 602 2630 δέδοται.
661 2575 762 2634 Διά
807 2579 995 2643 τοῦτο,
1049 2582 1132 2645 εἰς
1166 2581 1235 2635 τὰ
1267 2585 1642 2654 προειρημένα
1670 2589 1946 2657 προτεῖναι

374 2664 800 2736 ἐκτατικώτερον
834 2669 1232 2742 ἐτολμήσαμεν,
1285 2673 1378 2727 καὶ
1418 2675 1528 2727 τῶν
1577 2675 1814 2728 ἐπαίνων
1853 2679 1949 2745 ἐφ-

375 2754 614 2823 άψασθαι
663 2757 994 2830 ἀκαθάρτοις
1039 2761 1413 2834 ἐτολμήσαμεν
1445 2764 1697 2835 χείλεσιν.
1748 2767 1858 2819 Καὶ
1898 2770 1947 2821 εί

377 2843 475 2911 μὲν
499 2844 649 2914 παρά
677 2847 810 2902 πολὺ
847 2850 940 2902 τοῦ
978 2849 1191 2915 δέοντος
1217 2851 1451 2923 ἤλθομεν
1487 2853 1546 2904 ἐν
1597 2856 1710 2917 τοῖς
1748 2854 1944 2922 λόγοις,

375 2934 544 2985 αἴτιον
573 2935 631 2988 σὲ
677 2939 1001 3008 γεγενῆσθαι
1037 2943 1136 3010 τῆς
1173 2942 1461 3012 ἐπιτυχίας
1505 2943 1946 3016 στηλογραφήσο-

379 3040 497 3124 μενἶ
547 3027 640 3123 καὶ
673 3030 888 3124 τὴν
940 3033 1099 3102 χάριν
1139 3034 1563 3104 ὁμολογήσομεν.
1627 3037 1688 3088 Et
1710 3036 1767 3088 δὲ
1797 3038 1947 3108 παρὰ

379 3115 511 3162 πολὺ
541 3115 641 3182 τῆς
678 3115 834 3180 ἀξίας
866 3120 913 3171 οἱ
948 3119 1178 3186 ἔπαινοι,
1227 3123 1319 3174 καὶ
1365 3122 1538 3187 οὕτως
1583 3124 1743 3178 πάλιν
1779 3127 1950 3181 αίτιον

378 3199 441 3252 σὲ
487 3202 585 3270 τῆς
645 3205 943 3276 ἀποτυχίας
988 3212 1450 3282 καταιτιασόμεθα
1477 3254 1491 3276 ,
1544 3213 1645 3281 κάν
1681 3216 1950 3288 τολμηρός

378 3307 495 3354 πως
525 3294 555 3344 ό
588 3294 762 3362 λόγος.
823 3298 893 3355 Σὺ
929 3299 1037 3370 γὰρ
1064 3300 1285 3369 φεύγειν
1317 3304 1441 3366 τοὺς
1483 3304 1735 3370 ἐπαίνους
1767 3306 1950 3376 βουλό-

381 3400 561 3452 μενος,
609 3387 704 3440 καὶ
727 3388 804 3451 ὡς
849 3390 956 3454 ζῶν
997 3393 1054 3446 ἐν
1093 3392 1216 3463 βίῳ,
1259 3392 1402 3448 οὕτω
1430 3395 1524 3449 καὶ
1565 3399 1837 3465 μεταστὰς
1862 3415 1951 3452 τα-

379 3477 750 3543 πεινοφρονεῖν
793 3477 1194 3550 ἀσπαζόμενος,
1243 3483 1669 3553 παρεμποδίζεις
1694 3488 1819 3552 τοὺς
1851 3489 1944 3558 ἐγο

379 3565 679 3631 κωμιάζειν
707 3585 765 3620 σε
789 3568 1056 3635 θέλοντας.
1091 3573 1235 3644 Πλὴν
1256 3574 1356 3628 κάν
1382 3593 1442 3628 τε
1466 3577 1642 3639 τοῦτο,
1675 3578 1777 3632 κάν
1802 3597 1861 3633 τε
1889 3581 1949 3634 τὸ

379 3655 486 3726 πρὸ
510 3658 718 3724 αὐτῶν,
763 3663 925 3731 ἡμεῖς
958 3663 1017 3716 τὸ
1055 3666 1230 3736 χρέος,
1282 3667 1404 3719 ὅσον
1437 3668 1519 3730 είς
1564 3667 1823 3738 δύναμιν,
1849 3669 1952 3740 ἀφ-

379 3747 692 3818 οσιούμεθα,
750 3754 843 3805 καὶ
884 3754 1229 3824 πιστεύομεν,
1274 3757 1350 3821 ὡς
1395 3758 1503 3812 οὐδ’
1553 3760 1950 3832 άποστραφήσῃ

380 3840 528 3908 ἡμᾶς
573 3842 700 3906 τοὺς
740 3842 974 3916 θερμοὺς
1020 3847 1428 3921 φιλοπάτορας’
1484 3850 1598 3908 ἀλλ’
1626 3851 1702 3914 ὡς
1749 3852 1951 3905 παίδων

379 3931 648 4003 προσφιλῆ
689 3934 905 4002 γονεῦσι
945 3936 1072 4008 δέξῃ
1101 3937 1462 4011 ψελλίσματα.
1514 3942 1586 3995 Σὺ
1627 3941 1684 3994 δὲ
1714 3942 1793 4012 τῷ
1821 3941 1952 4013 θείῳ

380 4023 786 4093 παριστάμενος
834 4026 1232 4101 Θυσιαστιηρίῳ,
1282 4032 1379 4084 καὶ
1417 4033 1483 4102 τῇ
1528 4031 1809 4103 ξωαρχικῇ
1861 4033 1952 4085 καὶ

381 4113 657 4183 ὑπεραγίξι
692 4115 1018 4186 λειτουργῶν
1048 4119 1143 4172 σὺν
1169 4120 1422 4188 ἀγγέλοις
1445 4121 1637 4191 Τριάδι
1660 4165 1672 4186 ,
1705 4121 1952 4192 μέμνησο

382 4203 600 4256 πάντων
626 4205 802 4274 ἡμῶν,
818 4206 1134 4276 αἰτούμενος
1153 4211 1286 4279 ήμίν
1303 4211 1520 4282 ἀμαρτη
1530 4210 1714 4280 μάτων
1733 4209 1948 4278 ἄφεσιν,

383 4292 599 4345 αἰωνίου
629 4312 687 4347 τε
720 4295 996 4364 βασιλείας
1039 4298 1372 4364 ἀπόλαυσιν,
1406 4302 1464 4352 ἐν
1504 4300 1724 4371 Χριστῷ
1774 4298 1948 4369 Ἰησοῦ

2047 491 2390 560 superatur?
2434 488 2634 545 Verum
2671 499 2895 559 propter
2934 485 3232 540 viventium
3271 483 3450 552 p0tius
3477 483 3622 536 utili-

2047 589 2209 633 tatem
2242 595 2256 642 ;
2295 594 2419 632 nam
2462 580 2730 632 bonorum
2783 589 2946 645 atque
2997 573 3436 645 praestantiorum
3472 571 3619 624 viro-

2045 683 2166 722 rum
2205 669 2478 730 cncomia,
2516 667 2808 720 maximam
2859 663 3136 735 plerisque
3190 661 3620 715 consolationem

2043 769 2098 812 et
2130 759 2562 813 cohortationem
2617 757 2686 810 ad
2741 755 2966 810 meliora
2992 754 3250 808 afferunt.
3286 751 3437 806 llanc
3493 767 3621 804 vero

2046 849 2300 904 laudandi
2343 848 2681 918 provinciam
2715 848 2952 900 alaertus
2981 843 3346 914 suscepimus,
3379 856 3503 896 cum
3538 856 3623 894 va-

2044 942 2142 996 riis
2169 941 2292 996 aliis
2325 939 2543 994 adducti
2582 937 2922 995 rationibus.
2953 943 3146 1006 praeter
3178 935 3300 988 vitae
3328 933 3620 988 dor-trime-

2043 1045 2149 1101 qne
2176 1039 2284 1084 tua:
2315 1028 2511 1082 famam
2539 1035 2653 1082 toto
2695 1035 2963 1082 terrarum
3001 1026 3135 1080 orbe
3164 1023 3574 1079 celeberrimam
3599 1039 3619 1088 ;

2045 1131 2160 1176 tum
2193 1137 2322 1177 cura
2364 1122 2456 1176 illa
2486 1163 2501 1186 ,
2547 1136 2711 1191 quam
2743 1120 2798 1174 in
2847 1119 3065 1173 homine
3090 1115 3332 1186 ejusdem
3386 1114 3622 1169 nominis

2043 1212 2330 1268 liberando
2365 1211 2685 1266 adhibuisti.
2746 1209 2842 1263 llle
2882 1206 3155 1278 siquidem
3221 1221 3322 1261 nos
3372 1205 3438 1259 ad
3490 1205 3623 1258 sub.-

2045 1304 2283 1359 eundum
2327 1303 2432 1357 hoe
2459 1317 2600 1357 onus
2626 1301 2860 1372 impulit,
2897 1300 2990 1370 qui
3025 1314 3053 1352 a
3089 1297 3324 1368 posteris
3354 1294 3542 1352 lsmael
3566 1296 3621 1349 in

2047 1399 2189 1452 bello
2218 1405 2432 1466 captus,
2466 1405 2520 1451 et
2553 1394 2770 1464 longius
2804 1409 2834 1446 a
2883 1393 3055 1463 patria
3097 1391 3190 1444 ditt
3226 1397 3620 1451 commoratus,

2045 1505 2167 1543 eum
2189 1489 2301 1559 jam
2329 1488 2395 1541 ad
2423 1502 2543 1542 eam
2587 1487 2766 1542 redire
2803 1483 3158 1546 desideraret,
3191 1480 3444 1550 viamque
3474 1495 3622 1534 com-

2046 1581 2261 1635 modam
2291 1580 2586 1650 ignoraret,
2625 1576 2890 1646 singulari
2939 1589 3041 1644 ope
3089 1581 3180 1626 tua
3210 1582 3386 1641 aptam
3433 1571 3498 1623 ad
3531 1583 3619 1622 sa-

2047 1672 2212 1726 lutem
2247 1670 2516 1725 rationem
2547 1668 2778 1734 invenit,
2811 1674 2866 1722 et
2904 1664 3049 1735 quod
3092 1663 3186 1718 diu
3209 1660 3620 1730 concupiverat,

2047 1762 2276 1832 adepttts
2307 1769 2411 1816 est.
2447 1760 2582 1814 Cum
2614 1759 2759 1814 enim
2820 1757 2876 1811 in
2923 1756 3218 1809 maximum
3263 1753 3385 1806 vitae
3429 1750 3622 1805 discri-

2050 1871 2169 1910 men
2199 1853 2466 1910 adductus
2494 1861 2641 1907 esset
2684 1849 2862 1922 (quod
2891 1863 3083 1903 omnes
3130 1847 3228 1900 viae
3263 1845 3621 1900 barbarorum

2049 1947 2356 2002 interclusa:
2388 1945 2562 2014 copiis
2592 1943 2969 2010 tenerentur),
3007 1951 3059 1994 te
3091 1939 3309 1993 nomine
3359 1937 3624 1989 duntaxat

2049 2038 2340 2102 invocavit,
2382 2035 2570 2090 dicens
2597 2051 2611 2089 :
2636 2034 2835 2089 Sancte
2865 2032 3135 2103 Ephrmm,
3164 2043 3424 2086 succurre
3464 2026 3617 2080 mihi.

2050 2128 2249 2199 Sicque
2283 2136 2398 2182 tuto
2439 2126 2805 2197 periculorum
2838 2125 3062 2194 laqueos
3096 2121 3291 2183 evasit,
3328 2133 3393 2172 ac
3429 2115 3624 2170 mortis

2049 2233 2248 2277 metum
2299 2221 2554 2291 neglexit,
2596 2219 3047 2290 inopinatamque
3093 2221 3424 2270 consecutus
3476 2210 3624 2264 salu-

2050 2324 2176 2380 tem,
2218 2312 2406 2383 patria:
2436 2319 2530 2366 tuo
2555 2311 2799 2365 munitus
2838 2307 3092 2380 prmsidio
3123 2314 3318 2376 praeter
3347 2317 3496 2371 spem
3539 2305 3627 2356 est

2047 2407 2352 2462 reSIitutus.
2387 2403 2567 2470 Quare
2613 2403 2680 2458 ad
2717 2403 2821 2457 ista
2860 2399 3190 2462 enarranda,
3233 2395 3498 2450 audacius
3532 2409 3625 2460 ag-

2047 2499 2258 2570 gressi,
2293 2497 2481 2552 laudes
2541 2505 2663 2550 tuas
2714 2495 2945 2565 impuris
2986 2493 3252 2561 attingere
3288 2488 3448 2542 labiis
3513 2501 3622 2539 non

2048 2608 2240 2649 sumus
2273 2589 2452 2645 veriti.
2506 2588 2622 2653 Qua
2647 2586 2868 2658 quidem
2904 2587 2956 2640 in
2993 2602 3051 2640 re
3076 2624 3090 2646 ,
3136 2583 3180 2637 si
3215 2581 3344 2652 quid
3384 2577 3626 2650 profere-

2048 2684 2242 2748 rimus,
2283 2683 2334 2737 id
2371 2689 2464 2736 tuo
2498 2696 2598 2735 nos
2651 2687 2939 2735 assecutus
2971 2675 3175 2740 auxilio
3210 2672 3526 2732 fatebimur,
3560 2668 3625 2720 ti-

2048 2775 2212 2844 bique
2237 2779 2517 2841 acceptum
2571 2770 2827 2824 feremus.
2876 2767 2972 2821 Sin
3029 2780 3159 2820 vero
3211 2775 3303 2816 tua
3363 2760 3626 2828 dignitate

2050 2867 2224 2920 multo
2260 2861 2550 2917 inferiores
2586 2861 2696 2915 sint
2725 2865 2926 2913 nostra!
2959 2854 3301 2912 laudationes
3337 2892 3352 2916 ,
3395 2857 3449 2903 te
3489 2864 3624 2920 quo;

2049 2971 2154 3028 que
2191 2956 2351 3024 (licet
2401 2953 2542 3008 forte
2569 2951 2834 3006 audacius
2859 2949 2964 3004 hoc
3002 2948 3208 3002 dictum
3249 2942 3537 3010 videatur)
3568 2941 3623 2996 in

1976 3078 2019 3135 ο
2053 3061 2219 3101 causa
2257 3045 2427 3100 fuisse
2462 3044 2729 3107 dicemus,
2762 3041 2854 3113 qui
2889 3049 2943 3097 et
2967 3041 3155 3096 vivens
3182 3078 3196 3103 ,
3225 3045 3278 3094 et
3308 3036 3622 3099 defunctus,

2054 3137 2314 3191 modestia
2345 3135 2779 3205 humilitatisque
2809 3131 2992 3188 studio
3015 3170 3030 3194 ,
3065 3139 3117 3186 te
3161 3127 3476 3194 collaudare
3527 3142 3623 3180 cu-

2050 3227 2263 3297 pientes
2299 3226 2551 3298 impedis.
2595 3223 2985 3286 Verumtamen
3007 3261 3023 3288 ,
3057 3222 3173 3278 sive
3207 3217 3353 3274 istud
3379 3218 3472 3284 sit,
3509 3216 3626 3272 sive

2051 3318 2218 3381 illud,
2250 3334 2350 3374 nos
2395 3326 2658 3388 quantum
2709 3316 2953 3370 tulerunt
2979 3313 3123 3367 vires
3149 3351 3164 3375 ,
3206 3310 3423 3384 pictatis
3449 3307 3625 3364 ollicio

2050 3409 2457 3469 satisfecimus:
2489 3420 2651 3479 teque
2689 3408 2795 3462 hoc
2825 3408 2999 3476 ipsum
3034 3404 3257 3460 minime
3298 3402 3456 3456 nobis
3499 3416 3625 3454 suc-

2051 3518 2368 3566 censurum,
2414 3514 2589 3570 neque
2629 3499 2705 3553 tui
2737 3495 3150 3553 amantissimos
3194 3500 3573 3548 aversaturum
3605 3507 3621 3557 ;

2051 3608 2238 3648 verum
2268 3607 2422 3663 zrquo
2442 3591 2814 3660 benevoloque
2846 3590 3030 3642 animo
3061 3585 3293 3640 ﬁliorum
3320 3582 3626 3636 balbutien-

2052 3685 2186 3738 tium
2227 3683 2418 3739 laudes
2463 3681 2832 3737 admissurum
2861 3720 2877 3746 ,
2937 3675 3283 3732 confidimus.
3328 3671 3408 3726 Tu
3445 3682 3622 3726 autem

2050 3775 2236 3831 divino
2263 3774 2377 3844 jam
2427 3774 2694 3830 assistens
2738 3771 2932 3836 altari,
2978 3770 3210 3838 vitaeque
3244 3765 3476 3837 principi
3509 3805 3524 3830 ,
3561 3781 3625 3819 ac

2053 3865 2412 3923 sanctissima:
2439 3880 2548 3919 una
2593 3879 2717 3919 eum
2748 3862 2955 3932 angelis
2989 3858 3308 3916 sacriﬁcans
3337 3856 3624 3921 Trinitati,

2052 3957 2295 4011 omnium
2363 3962 2613 4011 nostrum
2688 3953 3044 4016 memineris,
3083 3950 3406 4018 veniamque
3463 3946 3625 4001 nobis

2051 4056 2398 4120 peccatorum
2430 4047 2659 4114 impetra
2687 4063 2699 4099 :
2727 4052 2785 4098 ut
2816 4043 3148 4112 sempiterna
3181 4038 3426 4094 cmlestis
3471 4037 3622 4106 regni

2052 4139 2387 4196 beatitudine
2437 4137 2642 4208 perfrui
2675 4136 2968 4206 possimus.
3004 4132 3059 4186 In
3113 4131 3329 4186 Christo
3360 4128 3488 4185 Jesu
3526 4126 3625 4181 Do-

2053 4229 2201 4282 mino
2228 4235 2456 4282 nostro:
2497 4226 2586 4280 cui
2617 4224 2794 4295 gloria
2844 4238 2969 4277 cum
3017 4221 3178 4276 Patre
3229 4219 3496 4291 principio
3529 4233 3622 4274 ca-

2052 4331 2227 4384 rente,
2253 4326 2304 4374 et
2367 4325 2557 4374 saneto
2613 4332 2677 4371 ac
2726 4315 3037 4371 vivificante
3085 4313 3325 4383 Spiritu,
3367 4327 3510 4366 nunc
3567 4316 3626 4364 et

391 4397 465 4481 τῳΔ
491 4380 680 4481 Κυρίῳ
717 4386 896 4455 ήμῶν,
944 4381 990 4454 ᾧ
1021 4390 1054 4458 ή
1108 4389 1234 4456 δόξα
1263 4391 1360 4443 σὺν
1412 4391 1487 4462 τῷ
1526 4391 1747 4461 ἀνάρχῳ
1775 4391 1950 4461 Πατρὶ

2061 4427 2291 4481 semper,
2323 4418 2376 4465 et
2415 4409 2468 4464 in
2499 4409 2696 4465 szecula
2741 4408 3084 4464 saeculorum.
3121 4406 3311 4459 Amen.

383 4477 478 4528 καὶ
501 4475 579 4546 τῷ
607 4476 736 4548 Θείῳ
763 4479 854 4532 καὶ
876 4479 1124 4552 ζωοποιῷ
1146 4483 1443 4554 Πνεύματι,
1471 4482 1566 4539 νῦν
1594 4485 1688 4538 καὶ
1708 4484 1817 4550 ἀεὶ»
1852 4485 1945 4538 καὶ

381 4567 464 4630 εἰς
495 4570 618 4633 τοὺς
642 4569 842 4633 αἰῶνας
868 4571 975 4626 τῶν
1004 4572 1232 4630 αἰώνων.
1270 4577 1462 4630 ‘Aut'w.
