4132 6356
512 291 612 350 851

529 451 1951 486 2m

1701 473 1945 482 ————_—_

1754 299 1809 352 S.
1852 296 2174 353 GREGORII
2209 297 2501 354 NYSSENI

1953 475 2325 484 -—————-—_——.—

3671 294 3779 351 85B

3401 469 3762 482 *σν-..κ

1781 607 2010 692 ΤΟΥ
2106 609 2479 694 ΑΥΤΟΥ

1406 798 2245 914 ΕΠΙΤΑΦΙΟΣ
2358 793 2886 914 ΛΟΓΟΣ

1141 1012 1254 1068 ΕΙΣ
1303 1012 1442 1066 ΤυΝ
1493 1012 1731 1067 ΜΕΓΔΝ
1793 1010 2150 1065 ΜΕΛΕΤΙΟΝ
2207 1013 2606 1066 ΕΠΙΣΚΟΠΟΝ

2677 1013 3092 1067 ΑΝΤΙΟΧΕΙΑΣ

1874 1299 2404 1390 EJUSDEM

1478 1513 2014 1629 ORATIO
2109 1504 2806 1627 FUNEBRIS

1302 1735 1368 1795 IN
1403 1732 1695 1795 MAGNUM
1735 1737 2092 1795 MELETIUM
2131 1736 2520 1794 EPISCOPUM
2551 1738 2971 1796 ΔΝΤΙΟΟΙΠᾹΞ.

1761 1895 1946 1947 Eodem
1972 1897 2189 1961 Siphano
2213 1899 2514 1963 interprete.

592 2214 758 2270 Auxit
804 2214 960 2270 nobis
1019 2230 1303 2270 numerum
1334 2217 1701 2285 apostolorum
1746 2227 1924 2275 novus‘
1963 2234 2125 2291 apo-.

2269 2223 2516 2293 Ηῠξησεν
2553 2225 2682 2294 ἡμῖν
2712 2223 2803 2276 τὸν
2843 2223 3072 2294 ἀριθμὸν
3104 2222 3211 2276 τῶν
3254 2221 3564 2276 ἀποστόλων
3594 2224 3623 2276 ὁ
3649 2223 3774 2286 νέος

523 2308 718 2368 stolus.
768 2306 862 2377 qui
893 2315 1182 2377 cooptatus
1207 2315 1293 2362 est
1343 2309 1396 2362 in
1426 2309 1671 2364 ordinem
1701 2313 2094 2381 apostolorum.

524 2392 832 2452 Traxerunt
859 2398 1003 2452 enim
1033 2400 1207 2453 sancti
1243 2399 1309 2454 ad
1341 2415 1401 2454 se
1430 2402 1698 2464 moribus,
1723 2403 2096 2471 consimilem;

523 2490 801 2554 athletam,
833 2491 1081 2556 athletae;
1104 2499 1449 2559 coronatum,
1471 2494 1714 2548 coronati
1741 2511 1758 2561 ;
1779 2495 1959 2550 animo
1975 2511 2100 2550 cas-

525 2589 672 2644 ttttn,
711 2580 876 2636 corde
912 2583 1076 2652 puri;
1115 2597 1423 2652 praeconem
1480 2587 1752 2640 sermonis
1782 2625 1798 2653 ,
1857 2586 2098 2641 ministri

523 2672 814 2727 sermonis.
850 2671 1049 2728 Verum
1108 2682 1264 2745 pater
1301 2676 1520 2746 quidem
1575 2685 1762 2733 noster
1807 2677 2097 2748 apostolici

522 2763 890 2830 contubernii,
929 2773 984 2820 et
1012 2765 1080 2820 ad
1133 2765 1412 2822 Christum
1455 2769 1811 2824 resolutionis
1871 2770 2099 2825 nomine

524 2852 717 2910 beatus
745 2854 1029 2912 habendus
1047 2864 1166 2915 est:
1193 2871 1293 2913 nos
1323 2872 1454 2913 vero
1481 2858 1847 2916 miserabiles.
1877 2859 2098 2916 Orbitas

522 2945 668 3000 enim
717 2956 1046 3016 praematura
1088 2962 1198 3003 non
1236 2949 1389 3014 sinit,
1427 2959 1486 3006 ut
1531 2965 1598 3007 eo
1638 2951 1864 3007 nomine
1910 2953 2100 3008 beatos

524 3049 625 3089 nos
658 3037 927 3102 dicamus,
968 3039 1113 3108 quod
1141 3049 1248 3094 tam
1279 3041 1483 3096 bonum
1508 3051 1565 3098 et
1603 3042 1951 3098 commodum
1999 3059 2099 3114 pa-

525 3135 662 3182 trem
693 3130 840 3184 nacti
871 3145 1094 3185 eramus
1115 3172 1130 3187 .
1182 3131 1267 3186 Illi
1301 3132 1500 3189 melius
1531 3141 1650 3189 erat
1685 3149 1781 3204 per
1808 3136 2101 3192 resolutio-

525 3234 647 3274 nem
679 3235 804 3275 esse
831 3235 958 3275 cum
997 3221 1220 3278 Christo
1249 3240 1264 3278 :
1300 3229 1356 3278 at
1389 3223 1550 3280 nobis
1586 3227 1845 3281 acerbum
1884 3234 1940 3282 et
1978 3242 2103 3282 mo-

525 3311 721 3365 lestum
783 3321 1014 3381 paterno
1091 3312 1350 3384 prasidio
1421 3315 1833 3388 patrocinioque
1887 3331 2100 3373 carere.

525 3396 668 3454 Ecce
695 3401 840 3455 enim
872 3409 1088 3472 tempus
1122 3404 1340 3460 consilii
1375 3415 1500 3470 est,
1532 3415 1587 3462 et
1643 3410 1935 3465 consilium
1969 3411 2103 3467 dare

2195 2316 2510 2378 ἀπόστολος,
2535 2318 2562 2368 ὁ
2593 2313 3129 2384 συγκαταψηφισθεὶς
3152 2313 3288 2386 μετά
3317 2315 3425 2366 τῶν
3436 2313 3763 2367 ἀποστόλων.

2195 2409 2466 2461 Εῖλκυσαν
2494 2409 2603 2480 γὰρ
2639 2411 2688 2461 οί
2731 2411 2873 2476 ἀγιοι
2899 2409 3035 2478 πρὸς
3062 2407 3287 2469 ἑαυτοὺς
3318 2406 3409 2459 τὸν
3443 2407 3765 2478 όμότροπον,

2195 2501 2283 2554 τὸν
2313 2500 2544 2571 ἀθλητὴν
2567 2499 2658 2553 τὶν
2688 2499 3008 2568 στεφανίτην
3044 2501 3092 2552 οί
3124 2501 3458 2568 πεφανῖται,
3485 2497 3577 2551 τὸν
3605 2495 3770 2565 άγνδν

2194 2590 2245 2642 οί
2274 2589 2520 2660 ἀθληταὶ,
2559 2590 2624 2658 τῇ
2644 2588 2788 2658 ψυχῇ
2813 2589 2862 2640 οί
2884 2587 3110 2658 καθαροὶ
3128 2590 3194 2657 τῇ
3213 2585 3531 2658 καρδία,τδν
3551 2587 3768 2654 κήρυκα

2194 2680 2288 2734 τοῦ
2306 2681 2462 2748 λόγου
2479 2681 2528 2732 οἱ
2545 2679 2811 2750 ὑπηρέται
2826 2678 2920 2732 τοῦ
2939 2679 3115 2747 λόγου.
3133 2678 3292 2732 Ἀλλά
3312 2677 3641 2749 μακαριστὸς
3667 2677 3774 2746 μὲν

2195 2771 2224 2821 ὁ
2237 2768 2426 2839 Πατὴρ
2448 2769 2481 2836 ὴ
2491 2766 2627 2837 μῶν,
2643 2767 2743 2834 τῆς
2757 2783 2817 2819 τε
2841 2767 3200 2837 ἀποστολικῆς
3218 2766 3530 2838 συσκηνίας,
3558 2765 3770 2833 καὶτῆς

2198 2859 2333 2931 πρὸς
2360 2859 2450 2912 τὸν
2481 2857 2714 2930 Χριστὸν
2743 2857 3054 2921 ἀναλύσεως
3077 2874 3091 2888 ·
3136 2857 3360 2911 ὲλεεινοὶ
3386 2857 3440 2909 δὲ
3461 2857 3642 2926 ἡμεῖς.
3693 2854 3770 2908 Οὐ

2197 2952 2307 3021 γὰρ
2335 2951 2400 3021 ὲᾷ
2426 2948 2751 3020 μακαρίζειν
2780 2949 2928 3019 ἡμᾶς
2964 2947 3058 3002 τοῦ
3092 2949 3307 3021 Πατρδς
3330 2947 3428 3019 τὴν
3452 2946 3768 3016 εὐκληρίαν,

2198 3044 2232 3112 ὴ
2255 3041 2431 3112 ἀωρία
2466 3043 2565 3109 τῆς
2613 3039 2895 3110 ὀρφανίας.
2947 3040 3170 3111 Ἐκείνῳ
3209 3042 3454 3112 κρεῖττον
3481 3035 3549 3109 ἦν
3580 3038 3641 3090 τὸ
3674 3037 3772 3089 σὺν

2199 3131 2420 3204 Χριστῷ
2445 3127 2582 3190 εἶναι
2615 3132 2702 3185 διὰ
2738 3131 2834 3202 τῆς
2874 3130 3206 3198 ἀναλύσεως,
3237 3132 3352 3186 ἀλλ’
3385 3133 3516 3202 ἡμῖν
3537 3129 3775 3200 χαλεπὸν

2198 3223 2260 3276 τὺ
2289 3221 2671 3294 διαζευχθῆναι
2693 3222 2792 3291 τῆς
2821 3222 3092 3293 πατρικῆς
3113 3221 3466 3293 προστασίας.
3505 3221 3635 3272 Ἰδοὺ
3663 3219 3771 3289 γάρ

2203 3315 2398 3387 βουλῆς
2446 3315 2662 3386 καιρὸς,
2694 3313 2790 3368 καὶ
2829 3315 2858 3366 ὁ
2899 3313 3278 3385 συμϐουλεύων
3323 3315 3472 3384 σιγᾷ.
3530 3312 3772 3382 Πόλεμος

2202 3408 2350 3477 ἡμᾶς
2396 3407 2890 3476 περιεστοίχισται,
2944 3406 3180 3476 πόλεμος
3221 3404 3494 3476 αἱρετικός
3523 3419 3538 3434 ο
3599 3403 3693 3456 καὶ
3741 3403 3778 3454 ὁ

527 3491 724 3547 solitus
757 3500 920 3548 tacet.
958 3492 1166 3549 Bellum
1201 3511 1304 3552 nos
1335 3497 1698 3566 circumstat,
1750 3502 1955 3557 bellum
1988 3503 2099 3558 hae-

2204 3497 2522 3568 στρατηγῶν
2575 3497 2676 3551 οὐκ
2723 3497 2859 3550 ἐστι.
2924 3497 3141 3568 Κάμνει
3174 3499 3294 3560 ταῖς
3343 3494 3672 3569 ἀρρωστίαις
3709 3494 3774 3546 τὸ

525 3583 752 3636 relicum
773 3599 792 3648 ;
817 3591 871 3636 et
907 3584 1002 3654 qui
1029 3584 1222 3640 ducem
1251 3602 1312 3642 se
1339 3589 1613 3658 praebeat,
1651 3592 1810 3647 nobis
1843 3609 1952 3647 non
1986 3602 2094 3649 est.

2202 3566 2574 3658 κοίνὺν-σῶμα
2621 3589 2715 3656 τῆς
2755 3566 3111 3658 Ἐκκλησίας,
3162 3587 3257 3640 καὶ⁵
3305 3566 3394 3641 τὸν
3450 3585 3629 3656 ἰατρὸν
3674 3583 3773 3652 οὐχ

527 3673 770 3729 Laborat
802 3676 1213 3733 inﬁrmitatibus
1239 3693 1530 3737 commune
1561 3696 1760 3753 corpus
1787 3683 2045 3741 Ecclesiae
2081 3726 2097 3751 ,

527 3777 582 3820 et
613 3766 886 3820 medicum
922 3783 1030 3822 non
1082 3770 1412 3826 invenimus.
1447 3771 1640 3828 Videte
1671 3790 1782 3844 quo
1839 3777 1962 3832 loco
1989 3777 2102 3832 sint

528 3871 618 3912 res
647 3865 876 3911 nostra}:
897 3857 1112 3923 vellem,
1131 3859 1306 3930 siquo
1331 3861 1494 3917 modo
1521 3861 1637 3918 ﬁeri
1667 3873 1876 3934 posset,
1896 3871 2101 3921 contir-

529 3956 676 4001 mata
707 3963 825 4004 mea
856 3948 1135 4006 debilitate
1165 3968 1277 4007 una
1309 3968 1432 4008 cum
1466 3956 1845 4026 magnitudine
1873 3957 2102 4012 calami-

530 4040 659 4094 tatis
681 4037 998 4104 ascendere,
1024 4049 1078 4096 et
1111 4041 1348 4112 aliquam
1368 4058 1619 4113 rumpere
1638 4059 1848 4113 vocem,
1868 4062 1990 4117 quae
2020 4049 2102 4104 in-

530 4129 820 4184 commodo
866 4129 1225 4200 responderet
1267 4148 1282 4187 :
1327 4132 1791 4202 quemadmodum
1847 4136 1939 4189 isti
1997 4136 2099 4189 viri

531 4221 736 4291 egregii
792 4220 1090 4285 fecerunt,
1141 4222 1236 4292 qui
1298 4238 1491 4294 magna
1542 4239 1675 4280 voce
1734 4227 2102 4281 calamitatem

533 4313 719 4368 amissi
773 4313 946 4382 patris
980 4311 1422 4381 deploraverunt.
1461 4312 1567 4368 Sed
1596 4314 1729 4382 quid
1768 4329 1924 4384 agam
1954 4315 1978 4368 ?
2007 4316 2103 4386 qui

534 4418 727 4472 cogam
771 4403 1010 4473 linguam
1039 4403 1108 4456 ad
1139 4403 1543 4458 inserviendum
1573 4405 1810 4459 orationi
1842 4415 2102 4476 tanquam

531 4493 684 4562 gravi
725 4492 942 4548 vinculo
975 4534 992 4556 ,
1055 4493 1366 4548 calamitate
1419 4493 1733 4563 impeditam
1765 4495 1788 4548 ?
1817 4495 2104 4561 Quomodo

533 4586 771 4652 aperiam
799 4599 862 4638 os
902 4585 1277 4641 taciturnitate
1334 4596 1498 4655 atque
1557 4587 1781 4641 silentio
1829 4589 2104 4658 captum?

491 4679 498 4683 ’
533 4691 639 4746 qua
676 4677 885 4730 ratione
917 4691 1105 4730 vocem
1139 4676 1384 4731 emittam
1419 4677 1484 4730 ad
1515 4677 1852 4734 calamitates
1885 4689 1940 4734 et
1991 4681 2106 4736 luc-

534 4777 624 4824 tus
655 4783 720 4823 et
750 4767 1151 4823 consuetudine
1179 4767 1523 4823 delabentem
1553 4769 1577 4822 ἲ
1603 4771 1881 4840 quomodo
1935 4774 2104 4827 animi

2198 3679 2543 3749 εὑρίσκομεν.
2589 3676 2782 3748 Ὁρᾶτε
2815 3679 2874 3730 ὲν
2903 3681 3164 3742 ποταποίς
3193 3678 3262 3730 τὰ
3289 3677 3553 3746 ἡμέτερα.
3593 3675 3778 3728 Ἐϐου-

2197 3769 2369 3840 λόμην
2393 3767 2563 3831 είπως
2596 3761 2708 3821 οἷόν
2749 3785 2809 3821 τε
2842 3765 2910 3840 ἦν
2951 3768 3189 3831 τονώσας
3220 3766 3454 3837 ἐμαυτοῦ
3485 3765 3584 3837 τὴν
3612 3766 3772 3820 ἀσθέι

2198 3877 2368 3924 νειαν,
2390 3859 2748 3931 συναναϐἦναι
2770 3859 2849 3929 τῷ
2878 3859 3028 3929 ὄγκῳ
3056 3862 3154 3930 τῆς
3194 3859 3492 3929 συμφορᾶς,
3527 3858 3617 3911 καί
3650 3873 3776 3910 τινα

2201 3951 2361 4022 ῥῆξαι
2411 3950 2595 4021 φωνὴν
2644 3951 2765 4004 κατ’
2799 3949 2956 4016 ἀξίαν
2993 3948 3088 4002 τοῦ
3137 3948 3342 4012 πάθους
3365 3964 3380 3978 ο
3438 3948 3686 4018 καθάπερ
3720 3947 3772 3999 οἱ

2199 4044 2436 4111 γενναῖοι
2482 4045 2845 4112 πεποιήκασιν
2879 4033 3059 4102 οὗτοι,
3111 4037 3509 4109 μεγαλοφὼνως
3551 4037 3650 4108 τὴν
3680 4037 3777 4090 ἐπὶ

2199 4133 2278 4203 τῷ
2323 4132 2498 4204 Πατρὶ
2551 4131 2833 4203 συμφοράν
2875 4129 3208 4201 ὀδυρόμενοι.
3262 4129 3424 4182 Ἀλλά
3472 4129 3526 4181 τί
3571 4127 3773 4193 πάθως

2203 4225 2327 4288 Πῶς
2366 4223 2622 4293 βιάσομαι
2666 4221 2916 4291 γλῶσσαν
2970 4222 3050 4284 είς
3097 4221 3400 4290 ὑπηρεσίαν
3448 4219 3542 4274 τοῦ
3588 4219 3773 4288 λόγου,

2202 4316 2451 4386 καθάπερ
2479 4317 2586 4369 τινὶ
2624 4315 2758 4385 πέδη
2795 4314 2988 4385 βαρείᾳ
3023 4316 3090 4384 τῇ
3119 4315 3375 4385 συμφορᾷ
3405 4312 3776 4384 πεδηθείσανζ

2203 4409 2328 4470 Πῶς
2356 4405 2550 4471 ἀνοίξω
2587 4407 2761 4477 στόμα
2799 4408 2866 4476 τῇ
2907 4405 3114 4476 ἀφασίᾳ
3150 4405 3603 4476 κεκρατημένοη
3648 4404 3781 4467 Πῶς

2204 4497 2459 4566 πρόωμαι
2489 4496 2700 4567 φωνὴν,
2745 4496 2825 4559 είς
2873 4495 3018 4566 πάθη
3061 4496 3154 4548 καὶ
3187 4495 3418 4565 θρήνους
3463 4497 3604 4550 κατὰ
3650 4514 3775 4550 συν-

2204 4585 2391 4657 ηθείας
2439 4585 2989 4652 κατολισθαίνουσαν;
3028 4585 3150 4650 Πῶς
3199 4587 3486 4656 ἀναϐλέψω
3521 4591 3632 4650 τοῖς
3674 4589 3778 4658 τῆς

2201 4677 2377 4747 ψυχῆς
2397 4676 2713 4746 ὀφθαλμοῖς,
2748 4675 2827 4746 τῷ
2856 4677 2956 4747 τῆς
2973 4679 3255 4748 συμφορᾶς
3284 4679 3465 4749 γνόφῳ
3499 4679 3774 4749 κεκαλυμ-

2207 4765 2392 4836 μένος;
2425 4765 2520 4828 Τίς
2551 4781 2641 4834 μοι
2669 4761 2904 4834 διασχὼν
2937 4765 3034 4835 τὴν
3061 4765 3281 4834 βαθεῖαν
3309 4766 3508 4836 ταύτην
3535 4767 3628 4819 καὶ
3644 4783 3773 4819 σκο-

533 4860 712 4915 oculis
743 4860 1060 4929 suspiciam,
1097 4860 1190 4929 qui
1218 4859 1452 4929 caligine
1493 4861 1827 4918 calamitatis
1859 4863 2102 4918 circum-

2205 4858 2385 4928 τεινὴν
2409 4856 2508 4926 τῆς
2531 4856 2705 4926 λύπης
2727 4855 2974 4926 νεφέλην,
3007 4857 3168 4910 πάλιν
3194 4857 3254 4923 ἐξ
3274 4857 3490 4928 αἰθρίας
3515 4857 3775 4928 λαμπράν

534 4950 692 5007 fusus
750 4952 913 5007 sum?
957 4950 1094 5017 Quis
1123 4952 1256 5005 mihi
1288 4953 1392 5006 hac
1440 4952 1609 5008 densa
1649 4961 1813 5023 atque
1867 4956 2106 5010 obscura

535 5043 774 5098 tristitiae
830 5043 1028 5097 nebula
1085 5043 1374 5110 discussa,
1437 5059 1629 5100 rursus
1683 5060 1750 5100 ex
1809 5048 2106 5103 serenitate

535 5137 743 5189 clarum
779 5134 934 5205 pacis
969 5133 1182 5190 radium
1213 5133 1534 5189 exhibebit?
1565 5134 1711 5189 unde
1762 5150 1892 5189 vero
1917 5135 2106 5192 radius

534 5227 701 5278 etiam
732 5225 1026 5293 elucescet,
1054 5241 1178 5280 cum
1215 5226 1370 5280 stella
1405 5225 1563 5280 nobis
1589 5225 1853 5281 occiderit
1879 5227 1907 5279 ?
1928 5226 2106 5282 Oma-

536 5316 642 5368 lam
672 5325 889 5371 noctem
930 5317 1271 5384 obscuram,
1308 5333 1432 5388 qua:
1481 5325 1660 5372 ortum
1721 5317 1944 5373 luminis
1993 5333 2102 5372 non

538 5418 720 5476 sperat
753 5409 766 5460 l
810 5408 985 5474 Quam
1020 5410 1297 5464 contrario
1334 5409 1495 5464 modo
1525 5423 1556 5462 a
1589 5409 1745 5464 nobis
1772 5409 1877 5463 hoc
1903 5409 2028 5464 loco
2049 5417 2104 5464 et

537 5515 684 5555 nunc
716 5501 882 5555 verba
912 5499 1066 5566 ﬁunt,
1097 5511 1150 5556 et
1178 5516 1354 5570 nuper
1407 5501 1553 5555 facta
1596 5510 1724 5556 sunt
1752 5502 1764 5554 ι
1800 5501 1956 5557 Tunc
1983 5511 2104 5557 tan-

537 5605 700 5662 quam
740 5589 797 5645 in
827 5591 1031 5662 nuptiis
1073 5590 1510 5661 tripudiabamus
1550 5598 1605 5647 et
1648 5591 1879 5648 choreas
1933 5591 2104 5647 duce-

536 5685 770 5742 bamus:
799 5699 945 5739 nunc
977 5681 1362 5738 miserabiliter
1392 5683 1638 5753 lugentes
1675 5681 2098 5754 ingemiscimus.

2205 4947 2472 5012 ἀναδείξει
2495 4945 2592 5017 τὴν
2621 4946 2720 5016 τῆς
2746 4949 2968 5018 εἰρήνης
2998 4949 3225 5013 ἀκτῖνα;
3251 4947 3421 5002 Πόθεν
3443 4947 3498 5001 δὲ
3521 4949 3614 5000 καὶ
3639 4949 3772 5002 ἀνα-

2203 5041 2405 5111 λάμψει
2433 5041 2466 5110 ή
2507 5039 2664 5101 ἀκτὶς
2682 5077 2696 5101 ,
2731 5039 2826 5092 τοῦ
2857 5040 3143 5110 φωστῆρος
3173 5043 3307 5109 ἡμῖν
3335 5039 3770 5105 καταδύναντοςς

2209 5133 2270 5184 Ὢ
2300 5131 2474 5200 κακῆς
2510 5131 2868 5200 σκοτομήνης,
2896 5130 3156 5200 ἀνατολὴν
3179 5130 3468 5201 φωστῆρος
3502 5130 3604 5183 οὐκ
3631 5130 3774 5183 ἑλπιο

2205 5221 2403 5291 ζούσης
2437 5221 2450 5274 l
2496 5220 2572 5283 ὡς
2601 5221 2920 5276 ἀπεναντίον
2955 5225 3087 5294 ημῖν
3120 5224 3177 5275 εν
3212 5222 3291 5292 τῷ
3328 5222 3564 5292 παρόντι
3599 5221 3774 5293 τόπῳ,

2205 5313 2298 5368 νῦν
2323 5331 2383 5366 τε
2414 5313 2507 5366 καὶ
2547 5310 2737 5385 πρώην
2771 5316 2819 5366 οἱ
2850 5313 2998 5382 λόγοι
3041 5314 3308 5382 γίνονταιί
3353 5315 3485 5368 Τότε
3521 5314 3774 5384 γαμικῶς

2206 5407 2554 5477 ὲχορεὺομεν,
2577 5405 2672 5460 νῦν
2698 5405 2945 5469 ἐλεεινῶς
2972 5407 3063 5458 ἐπὶ
3091 5404 3170 5475 τῷ
3200 5406 3384 5460 πένθει
3420 5409 3770 5476 στενάζομεν.

2207 5499 2338 5553 Τότε
2364 5497 2742 5566 ἐπιθαλάμιον,
2773 5496 2868 5550 νῦν
2898 5497 3182 5566 ἐπιτάφιον
3215 5497 3432 5568 ᾄδομεν.
3474 5499 3774 5568 Μέμνησθε

2205 5589 2314 5660 γὰρ
2345 5591 2433 5642 ὅτε
2465 5589 2554 5642 τὸν
2599 5587 2960 5658 πνευματικὸν
3004 5588 3146 5658 ὑμᾶς
3189 5589 3365 5659 γάμον
3392 5591 3769 5662 είστιάσαμεν,

2205 5683 2283 5752 τῷ
2317 5682 2464 5753 καλῷ
2507 5681 2724 5751 νυμφίῳ
2773 5677 3148 5744 εἰσοικίζοντες
3197 5681 3295 5752 τὴν
3331 5681 3620 5754 παρθένον,
3676 5681 3772 5736 καὶ
