4132 6356
406 280 513 341 853

1602 285 1688 340 DE
1722 285 2030 342 MELETIO
2070 283 2423 341 EPISCOPO.

3553 285 3663 343 85$

404 404 476 458 τά
522 402 630 456 τῶν
654 401 829 471 λόγων
869 402 996 457 ἕδνα
1037 403 1177 458 κατά
1207 402 1431 473 δύναμιν
1458 404 1614 474 ημῶν
1656 407 1979 475 εἰσηνεγκά-

2102 405 2239 459 fune
2284 404 2541 473 nuptiale,
2577 419 2724 457 nunc
2766 403 3069 474 sepulcrale
3124 418 3344 457 carmen
3377 403 3655 457 canimus.

413 494 583 565 μεθα,
614 494 995 567 εὐφραίνοντες
1024 497 1081 547 ὲν
1109 495 1187 564 τῷ
1218 496 1374 565 μέρει
1407 496 1500 549 καὶ
1543 497 1980 568 εὐφραινόμενοι.

424 584 584 637 Ἀλλά
625 584 720 637 νῦν
749 586 828 648 είς
856 584 1051 656 θρῆνον
1089 586 1221 656 ἡμῖν
1247 586 1279 655 ἠ
1308 586 1453 657 χαρά
1479 586 1860 657 μεθηρμόσθη,
1892 588 1985 640 καὶ

413 678 445 746 ἡ
477 677 574 745 τῆς
596 676 932 746 εὐφροσύνης
959 677 1240 747 περιϐολὴ,
1266 678 1465 742 σάκκος
1490 679 1727 745 ἐγένετο.
1758 681 1827 731 Ἦ
1844 680 1984 747 τάχα

416 768 623 838 σιωπᾷν
656 766 760 820 ἔδει
786 768 846 820 τὸ
876 768 1064 832 πάθος,
1091 770 1181 821 καὶ
1212 769 1357 821 ἔνδον
1389 770 1696 822 ἀποκλείειν
1717 772 1782 840 τῇ
1807 773 1982 839 σιωπῇ

415 860 512 928 τὴν
540 858 829 928 ἀλγηδόνα,
857 859 931 921 ῶς
975 859 1039 912 ἂν
1074 859 1147 930 μὴ
1174 860 1513 930 διοχλοίημεν
1546 862 1672 923 τοὺς
1716 862 1865 924 υἱοὺς
1890 861 1983 913 τοῦ

415 968 475 1001 νυ
486 949 723 1018 μφῶνος.
748 949 847 1002 οὐκ
868 949 1081 1019 ἔχοντες
1112 950 1172 1003 τὸ
1192 951 1413 1021 φαιδρὸν
1435 950 1529 1003 τοῦ
1558 952 1736 1021 γάμου
1761 950 1984 1020 ἔνδυμα,

417 1041 551 1093 ἀλλά
579 1041 1089 1112 μελανειμονοῦντες
1124 1042 1202 1111 τῷ
1250 1042 1432 1113 λόγῳς
1484 1043 1702 1111 Ἐπειδὴ
1736 1032 1845 1113 γάρ
1880 1044 1987 1095 άπ-

417 1130 556 1201 ήρθη
594 1132 686 1199 ἀφ’
718 1131 874 1200 ἡμῶν
916 1133 944 1184 ό
973 1132 1135 1195 καλὸς
1178 1133 1427 1202 νυμφίος,
1461 1131 1671 1203 ἀθρόως
1696 1131 1773 1203 τῷ
1805 1132 1985 1185 πένθει

419 1220 936 1291 κατεμελάνθημεν,
991 1223 1084 1274 καὶ
1128 1222 1227 1274 οὐκ
1274 1222 1388 1273 ἔστι
1436 1221 1681 1291 συνήθως
1717 1238 1986 1288 καταφαι-

418 1310 609 1379 δρῦναι
639 1311 730 1363 τὸν
762 1311 943 1378 λόγον,
989 1311 1086 1382 τὴν
1134 1313 1445 1383 κοσμοῦσαν
1472 1314 1622 1382 ἡμᾶς
1664 1312 1855 1380 στολὴν
1894 1310 1985 1363 τοῦ

422 1402 616 1470 φθόνου
644 1401 1106 1471 άποσυλήσαντος.
1171 1404 1403 1474 Πλήρεις
1437 1403 1655 1471 ἀγαθῶν
1685 1403 1819 1473 πρὸς
1846 1404 1987 1471 ὑμᾶς

420 1493 844 1564 ἀπηντήκαμεν·
889 1496 1087 1563 γυμνοὶ
1132 1494 1227 1548 καὶ
1257 1494 1485 1564 πένητες
1528 1494 1620 1561 ἀφ’
1662 1494 1813 1563 ὑμῶν
1858 1495 1988 1547 ὐπο-

424 1583 757 1651 στρέφομεν’
815 1583 980 1653 ὀρθὴν
1018 1584 1235 1655 εἴχομεν
1282 1586 1422 1655 ὑπὲρ
1462 1584 1701 1655 κεφαλῆς
1727 1583 1824 1655 τὴν
1852 1585 1989 1654 λαμ-

425 1674 600 1735 πάδα,
650 1673 889 1744 πλουσίῳ
927 1674 1006 1744 τῷ
1057 1676 1195 1745 φωτὶ
1231 1676 1728 1745 καταλάμπουσαν⁸
1788 1676 1990 1744 ταύτην

2088 496 2412 549 Meministis
2428 496 2571 549 enim
2596 495 2743 550 illius
2774 496 2906 561 diei,
2935 509 3059 549 cum
3087 496 3142 548 in
3168 494 3375 564 nuptiis
3402 495 3662 564 spiritua-

2088 589 2232 642 libus
2261 588 2523 656 praaclaro
2553 602 2756 657 sponso
2784 587 3044 657 virginem
3073 588 3293 640 domum
3330 586 3665 639 dcduccntcs

2085 678 2334 731 convivio
2357 692 2451 729 vos
2476 676 2809 745 excepimus,
2836 684 2890 729 et
2921 678 3210 731 verborum
3235 678 3511 746 sponsalia
3541 692 3661 729 ιιιιι-

2087 784 2218 823 nera
2244 784 2339 838 pro
2368 768 2575 823 viribus
2600 768 2806 822 n0stris
2828 768 3132 825 intulimus.
3154 769 3352 837 gaudio
3370 767 3663 820 allicientes

2086 862 2317 915 invicem
2338 870 2390 914 et
2413 860 2734 931 gaudentes.
2760 858 2961 913 Verum
2988 876 3134 912 nunc
3161 861 3211 912 in
3270 860 3474 911 luctum
3506 860 3666 912 nobis

2084 951 2695 1022 gaudiutnconversum
2716 961 2821 1012 est,
2849 966 2914 1004 ac
2956 950 3155 1004 laetitiae
3186 952 3421 1003 amictus
3469 965 3663 1003 sam-us

2084 1044 2279 1099 evasit.
2305 1043 2385 1096 An
2412 1043 2638 1097 forsitan
2673 1043 2901 1097 reticere
2927 1044 3288 1098 calamitatem
3314 1053 3475 1112 atque
3500 1045 3665 1096 Sileno

2091 1137 2168 1188 tio
2189 1135 2261 1189 int
2274 1152 2337 1191 us
2354 1135 2684 1191 concludere
2702 1151 2990 1190 mmroretn
3007 1137 3286 1204 oportebat
3300 1174 3313 1195 .
3330 1150 3395 1188 ne
3420 1135 3671 1187 molestia

2089 1226 2226 1280 ﬁlios
2264 1226 2487 1279 thalami
2514 1227 2787 1295 sponsalis
2815 1225 3141 1285 afficiamus.
3178 1242 3301 1281 cum
3337 1240 3441 1279 non
3469 1225 3666 1277 hahea-

2088 1327 2208 1365 mus
2250 1313 2453 1365 lautum
2485 1328 2547 1365 ac
2581 1313 2920 1381 splendidum
2970 1315 3210 1383 nuptiale
3250 1315 3662 1374 indumentum,

2089 1403 2182 1454 sed
2217 1409 2396 1453 atrum
2423 1418 2485 1455 ac
2524 1403 2727 1470 pullum
2762 1404 3029 1458 orationis
3050 1405 3296 1457 habitum
3327 1404 3618 1457 aderamus
3646 1406 3669 1455 τ

2092 1487 2453 1558 Posteaquam
2484 1490 2628 1542 enim
2656 1493 2952 1559 praeclarus
3004 1507 3240 1559 sponsus
3272 1507 3299 1543 a
3349 1491 3507 1545 nobis
3554 1492 3667 1545 (liS'

2090 1579 2281 1642 cessit,
2332 1580 2479 1633 luctu
2514 1592 2735 1647 repente
2773 1584 2934 1636 atrati
2966 1598 3182 1647 Sllllltls,
3218 1597 3317 1639 nec
3360 1582 3487 1635 licet
3519 1598 3669 1635 more

2093 1672 2257 1725 solito
2299 1672 2552 1726 festivum
2586 1680 2640 1728 et
2685 1674 2989 1742 jucundum
3051 1674 3253 1728 inferre
3306 1688 3613 1727 sermonem
3650 1712 3666 1732 .

425 1768 761 1838 ὲσὸεσμένην
783 1768 1203 1838 ἀνακομίζομεν,
1237 1770 1315 1832 εἰς
1349 1767 1552 1820 καπνὸν
1586 1768 1678 1819 καὶ
1712 1768 1858 1820 κόνιν
1885 1767 1997 1819 δια-

2102 1776 2219 1811 ιτιιιιι
2251 1776 2359 1829 qua
2399 1763 2733 1815 ornabantur
2765 1763 2905 1816 stola
2937 1804 2953 1829 ,
2995 1777 3094 1817 nos
3146 1763 3345 1816 invidia
3395 1763 3667 1830 spoliat-it.

424 1859 676 1922 λυθέντος
704 1858 795 1911 τοῦ
837 1859 1093 1927 φέγγους.
1144 1860 1413 1929 Ἕσχομεν
1452 1859 1543 1911 τὸν
1592 1859 1862 1928 θησαυρὸν
1905 1860 1999 1912 τὸν

430 1949 603 2017 μέγαν
642 1950 697 2000 ὲν
728 1950 1030 2018 όστρακίνῳ
1085 1949 1289 2003 σκεύει.
1361 1948 1502 2001 Ἀλλ’
1533 1952 1560 2002 ό
1590 1948 1687 2017 μὲν
1730 1947 2001 2017 θησαυρὸς

428 2039 636 2108 ἀφανής
660 2054 673 2068 ·
721 2039 780 2091 τὸ
809 2039 865 2091 δὲ
896 2040 1214 2106 όστράκινον
1268 2038 1479 2101 σκεῦος,
1530 2038 1684 2091 κενὸν
1712 2037 1802 2090 τοῦ
1839 2038 2001 2090 πλού-

427 2143 545 2195 του,
564 2130 673 2191 τοῖς
690 2129 973 2183 δεδωκόσιν
998 2130 1426 2193 ὲπανασώζεται.
1453 2129 1517 2181 Τί
1539 2128 1769 2199 ἐροῦμεν
1792 2132 1839 2182 οί
1866 2131 2001 2183 ἀπο-

432 2221 767 2286 στείλαντες;
826 2223 877 2275 τί
918 2222 1339 2293 ἀποκρινοῦνται
1370 2224 1416 2275 οἱ
1449 2222 1879 2292 ἀπαιτούμενοι;
1936 2223 2000 2274 Ὢ

432 2313 666 2384 πονηροῦ
694 2316 947 2383 ναυαγίου
972 2317 983 2367 l
1017 2315 1140 2377 Πῶς
1164 2317 1221 2368 ὲν
1251 2316 1399 2385 μέσῳ
1427 2314 1505 2385 τῷ
1529 2315 1708 2384 λιμένι
1728 2316 1824 2385 τῆς
1849 2314 2001 2366 ὲλπί-

430 2403 516 2466 δος
547 2404 702 2473 ἡμῶν
748 2405 1199 2476 ἐναυαγήσαμενς
1242 2407 1366 2469 Πῶς
1403 2408 1437 2475 ὴ
1482 2406 1809 2477 μυριοφόρος
1837 2405 2001 2467 ὁλκὰς

430 2495 578 2565 αὐτῷ
614 2496 691 2565 τῷ
726 2496 1052 2567 πληρώματι
1089 2497 1393 2563 καταδῦσα,
1418 2498 1655 2568 γυμνοὺς
1703 2498 1849 2567 ἡμᾶς
1876 2497 2002 2558 τούς

431 2603 560 2638 ποτε
586 2587 943 2650 πλουτοῦντας
968 2588 1255 2641 κατέλιπεν
1277 2606 1291 2653 ;
1328 2588 1435 2641 Ποῦ
1462 2588 1522 2639 τ’)
1545 2587 1798 2657 λαμπρὸν
1834 2587 1999 2639 ἱστίον

432 2679 625 2741 ἐκεῖνο,
651 2678 712 2730 τὸ
734 2678 811 2750 τῷ
838 2678 977 2749 ἁγίῳ
1004 2678 1278 2748 Πνεύματι
1314 2679 1402 2731 διά
1427 2679 1626 2741 παντὸς
1651 2678 1960 2748 ίθυνόμενον
1983 2694 1997 2741 ;

433 2768 543 2820 Ποῦ
579 2768 640 2820 τὸ
671 2769 909 2836 ἀσφαλὲς
940 2768 1046 2821 τῶν
1075 2768 1260 2837 ψυχῶν
1301 2768 1459 2837 ἡμῶν
1493 2768 1780 2838 πηδάλιον,
1824 2768 1891 2820 δι’
1940 2763 2001 2821 οῦ

434 2860 530 2921 τὰς
563 2861 853 2929 τρικυμίας
885 2859 982 2922 τὰς
1015 2858 1294 2928 αίρετικάς
1324 2857 1551 2921 ἀπαθῶς
1585 2856 1999 2926 παρεπλέομενς

437 2949 546 3001 Ποῦ
583 2952 616 3017 ή
648 2950 977 3019 άμετάθετος
1008 2950 1106 3019 τῆς
1141 2947 1363 3017 γνώμης
1396 2949 1632 3019 ἄγκυρα,
1734 2948 1868 3017 μετὰ
1899 2947 2004 2999 πάο

439 3058 537 3110 σης
579 3042 877 3107 ἀσφαλείας
936 3040 1303 3109 πεπονηκότες
1345 3038 1772 3108 ἀνεπαυόμεθα;
1830 3039 1939 3090 Ποῦ
1974 3040 2003 3090 ό

438 3130 598 3192 καλὸς
628 3129 964 3200 κυϐερνήτης
983 3168 997 3192 ,
1022 3129 1051 3180 ὁ
1080 3128 1214 3198 πρὸς
1240 3128 1331 3179 τὸν
1354 3127 1466 3180 ἀνω
1488 3127 1688 3179 σκοπὸν
1713 3126 2005 3179 διευθύνων

435 3223 498 3274 τὸ
528 3222 772 3289 σκάφος;
820 3217 969 3288 *Αρα
1012 3220 1184 3291 μικρὰ
1223 3221 1293 3272 τὰ
1336 3220 1642 3289 συμϐάντα,
1689 3220 1784 3271 καὶ
1830 3218 2007 3287 μάτην

436 3313 805 3382 παθαίνομαι;
850 3312 883 3382 ἢ
918 3311 1114 3382 μᾶλλον
1145 3312 1243 3365 οὐκ
1285 3308 1612 3379 ὲφικνοῦμαι
1646 3308 1741 3361 τοῦ
1780 3308 2004 3373 πάθους,

438 3406 542 3457 κᾶν
575 3405 675 3456 ύπε
687 3405 953 3474 ρφωνήσω
981 3402 1058 3472 τῷ
1090 3402 1269 3471 λόγως
1300 3402 1553 3471 Χρήσατε
1582 3402 1732 3471 ἡμῖν,
1764 3400 2004 3469 ἀδελφοὶ,

437 3496 677 3565 χρήσατε
712 3495 773 3547 τὸ
820 3496 883 3546 ὲκ
929 3494 1271 3564 συμπαθείας
1312 3493 1565 3564 δάκρυον.
1616 3493 1724 3546 Καὶ
1767 3493 1874 3563 γάρ
1919 3493 2007 3545 ὅτε

438 3589 596 3655 ὑμεῖς
615 3586 966 3657 εὐφραίνεσθε
986 3628 1000 3651 ,
1026 3588 1185 3656 ἡμεῖς
1204 3585 1302 3654 τῆς
1334 3586 1671 3655 εὐφροσύνης
1697 3585 1725 3636 ὑ
1734 3584 1849 3651 μῶν
1869 3586 2010 3636 ὲκοι-

438 3678 775 3747 νωνὴσαμεν.
804 3675 1011 3729 Οὐκοῦν
1053 3677 1281 3729 ἀπόδοτε
1310 3678 1443 3745 ἡμῖν
1483 3675 1543 3727 τὸ
1587 3676 1821 3744 πονηρὸν
1851 3673 2009 3727 τοῦτο

437 3767 808 3835 ἀντάλλαγμα.
834 3768 1074 3833 Χαίρειν
1098 3767 1251 3834 μετὰ
1281 3768 1607 3834 χαιρόντων
1627 3781 1639 3795 ·
1672 3766 1829 3818 τοῦτο
1851 3767 2008 3835 ἡμεῖς

437 3858 796 3925 ἐποιήσαμεν.
829 3857 1075 3908 Κλαίειν
1103 3862 1253 3924 μετὰ
1285 3857 1613 3909 κλαιόντων
1633 3873 1644 3885 '
1664 3856 1820 3908 τοῦτο
1853 3857 2010 3925 ὑμεῖς

436 3949 783 4002 ἀνταπόδοτε.
859 3946 1152 4015 Ἐδάκρυσέ
1219 3963 1347 3999 ποτε
1397 3946 1545 4009 ξένος
1593 3945 1720 4007 λαὸς
1772 3946 1864 3998 ἐπὶ
1915 3945 2008 3998 τοῦ

439 4034 776 4104 πατριάρχου
833 4030 1061 4094 Ἰακὼϐ,
1115 4032 1210 4085 καὶ
1255 4030 1353 4102 τὴν
1395 4031 1679 4103 ἀλλοτρίαν
1726 4034 2009 4102 συμφορὰν

437 4124 768 4193 ᾠκειώσατο,
804 4124 892 4176 ὅτε
922 4122 1012 4176 τὸν
1042 4124 1257 4193 Πατέρα
1286 4124 1345 4187 ἐξ
1368 4124 1640 4191 Αἰγύπτου
1668 4125 1718 4177 οἱ
1744 4125 1839 4177 ἀπ’
1869 4126 2012 4177 ὲκεί-

437 4233 528 4268 νου
562 4215 1045 4284 μετακομίσαντες,
1075 4213 1346 4283 πανδημεὶ
1377 4212 1473 4282 τὴν
1507 4214 1594 4266 ἐπ’
1625 4214 1771 4283 αὐτῷ
1802 4232 2012 4283 συμφο-

443 4306 541 4371 ράν
566 4305 657 4356 ἐπὶ
686 4305 780 4373 τῆς
803 4304 1088 4375 ἀλλοτρίας
1107 4304 1580 4374 κατωλοφύραντο,
1606 4306 1836 4374 ἡμέραις
1860 4307 2011 4376 τριά-

2103 1853 2251 1907 Pleni
2284 1854 2552 1908 bonorqu
2582 1854 2649 1908 ad
2678 1871 2774 1910 vos
2805 1858 3175 1921 arcessimus;
3206 1856 3333 1907 nn‘li
3369 1870 3431 1906 ac
3467 1870 3671 1922 panpe-

2102 1957 2189 1997 res
2225 1958 2255 1996 a
2286 1943 2442 1998 vobis
2473 1944 2780 1998 recedimus
2810 1961 2824 2009 ;
2858 1952 3097 1998 erectam
3138 1958 3303 2012 supra
3326 1951 3489 2011 caput
3516 1942 3670 2009 large

2103 2034 2305 2089 lumine
2366 2036 2803 2105 resplendentem
2856 2038 3027 2091 facem
3092 2036 3465 2096 habebamus,
3533 2034 3673 2087 hanc

2100 2127 2427 2180 exstinctam
2458 2128 2511 2181 in
2544 2125 2751 2181 fumum
2787 2137 2838 2180 et
2873 2127 3108 2182 cinerem
3133 2127 3396 2195 dissipato
3417 2125 3676 2194 splendo-

2100 2234 2158 2273 re
2215 2228 2579 2289 reportamus.
2613 2219 2919 2275 Habuimus
2974 2234 3231 2290 magnum
3265 2220 3413 2273 illum
3447 2219 3676 2272 thesau-

2100 2328 2221 2366 rum
2269 2315 2323 2367 in
2368 2329 2496 2369 vase
2530 2322 2792 2370 testaceo.
2853 2316 2921 2368 At
2959 2316 3250 2370 thesaurus
3301 2316 3520 2385 quidem
3574 2316 3678 2369 iste

2101 2403 2456 2459 absconditus
2489 2413 2593 2469 cst,
2630 2415 2685 2460 et
2724 2407 2901 2459 visum
2932 2406 3069 2476 fugit
3104 2427 3114 2460 :
3150 2422 3245 2459 vas
3292 2416 3470 2461 autem
3507 2414 3677 2459 testa-

2101 2507 2255 2547 ceum
2294 2494 2362 2548 ab
2410 2495 2605 2563 opibus
2635 2512 2899 2561 vacuum,
2933 2498 3002 2551 ab
3034 2498 3101 2552 iis
3134 2499 3222 2567 qui
3253 2498 3514 2550 dederant
3542 2538 3556 2559 ,
3587 2511 3675 2550 re-

2102 2591 2371 2639 servatur.
2421 2585 2558 2651 Quid
2617 2589 2865 2645 dicemus
2914 2592 3003 2657 qui
3064 2589 3546 2654 emisimus?Quid
3592 2604 3681 2641 tec-

2101 2677 2443 2745 spondcbuut
2479 2694 2507 2731 a
2544 2679 2745 2747 quibus
2777 2682 3080 2749 repetitur?
3119 2680 3162 2732 0
3200 2681 3399 2732 malum
3460 2681 3679 2733 naufra-

2102 2772 2247 2836 gium
2276 2768 2599 2834 lQuomodo
2633 2772 2684 2823 in
2729 2773 2903 2826 medio
2949 2784 3105 2842 portu
3141 2774 3253 2842 spei
3297 2783 3495 2827 nostra:
3545 2790 3677 2826 nau-

2103 2859 2338 2929 fragium
2383 2860 2645 2915 fecimus?
2682 2862 2966 2926 Quomodo
3026 2864 3331 2918 innumeris
3403 2865 3679 2918 mercibus

2104 2959 2303 3004 onusta
2346 2954 2503 3006 navis
2534 2966 2654 3005 cum
2692 2953 2811 3021 ipso
2871 2970 3037 3008 onere
3094 2956 3340 3008 demersa
3390 2972 3488 3009 nos
3543 2956 3673 3008 olim

2105 3041 2303 3097 divites
2349 3044 2524 3097 nudos
2548 3044 2964 3099 destituit?Ubi
3021 3046 3362 3114 splendidum
3411 3047 3537 3099 illud
3587 3063 3678 3101 ve-

2106 3133 2216 3186 lum
2251 3134 2394 3201 quod
2439 3133 2642 3202 Spiritu
2688 3143 2882 3189 sancto
2934 3151 3149 3204 semper
3180 3135 3552 3205 dirigebatur?
3589 3135 3679 3188 ttbi

2107 3231 2282 3277 tntum
2312 3239 2375 3277 ac
2407 3225 2621 3277 firmum
2681 3226 2987 3280 animarum
3039 3237 3355 3282 nostrarum
3412 3228 3684 3297 guberna-

2107 3315 2311 3380 culum,
2343 3331 2452 3385 qno
2485 3323 2837 3384 tempestates
2888 3318 3153 3372 maximas
3190 3319 3472 3372 luercticas
3532 3319 3682 3372 nullo

2108 3414 2330 3475 accepto
2361 3406 2705 3460 incommodo
2741 3409 3271 3476 praztervcltebamus
3306 3411 3328 3463 ?
3360 3408 3459 3464 Ubi
3492 3411 3683 3463 immo—

2108 3498 2231 3552 bilis
2271 3505 2324 3552 et
2362 3498 2521 3550 firma
2567 3499 2853 3553 sententia:
2907 3500 3211 3569 judiciiqnc
3278 3501 3538 3561 anchora.
3592 3502 3681 3554 cui

2108 3602 2232 3641 cum
2275 3602 2484 3642 summa
2530 3588 2822 3643 securitate
2865 3597 2985 3658 post
3033 3589 3244 3644 labores
3297 3590 3683 3659 acquiescelza-

2110 3679 2280 3733 mus?
2314 3677 2413 3733 Ubi
2446 3678 2624 3733 bonus
2659 3680 2749 3734 ille
2783 3681 3141 3750 gubernator.
3184 3683 3275 3751 qui
3317 3683 3382 3734 ad
3425 3697 3683 3750 superum

2110 3769 2391 3839 scopulum
2421 3770 2695 3838 navigium
2722 3769 2987 3838 dirigebat
3015 3770 3037 3822 ?
3062 3769 3252 3824 Utrum
3296 3771 3506 3823 modica
3559 3780 3687 3823 sunt

2110 3873 2195 3922 ea,
2219 3874 2337 3925 qua:
2365 3858 2707 3921 acciderunt,
2739 3873 2803 3912 ac
2829 3858 3190 3928 nequicquam
3222 3874 3528 3927 conqnctor
3557 3860 3688 3911 iant

2112 3949 2293 4017 potius
2318 3938 2682 4003 calamitatem
2712 3947 2990 4016 querendo
3021 3964 3127 4001 non
3158 3962 3454 4016 assequor,
3489 3948 3686 4001 etiam-

2112 4038 2157 4092 si
2217 4053 2380 4106 supra
2409 4038 2629 4092 modum
2658 4038 2891 4092 dicendo
2945 4052 3130 4091 vocem
3161 4038 3436 4091 intendam
3469 4038 3491 4090 ?
3517 4038 3684 4091 Com-

2113 4127 2327 4181 modatc
2373 4128 2551 4189 nobis,
2591 4127 2808 4187 fratres.
2853 4127 3194 4181 counnodate
3224 4143 3287 4179 ex
3331 4126 3689 4181 condolcntia

2113 4218 2382 4287 lacrymas
2415 4217 2687 4285 profusas.
2720 4215 2929 4270 Etenim
2965 4216 3185 4286 quando
3217 4218 3685 4295 voslartabimini,

2114 4323 2215 4361 nos
2252 4307 2454 4361 laetitia:
2492 4315 2690 4361 vestrae
2731 4307 2864 4360 socii
2910 4322 3149 4360 eramus.
3197 4306 3434 4361 Proinde
3477 4307 3688 4361 reddite

440 4414 602 4449 κοντα
634 4398 726 4448 καὶ
750 4396 1037 4458 τοσαύταις
1068 4388 1198 4458 νυξὶ
1230 4395 1320 4448 τὸν
1353 4396 1439 4447 ἐπ’
1466 4395 1614 4464 αὐτῷ
1644 4396 1836 4466 θρῆνον
1869 4415 2000 4466 συμ-

2115 4398 2274 4452 nobis
2298 4413 2521 4466 pravam
2555 4398 2716 4451 istam
2756 4396 2914 4449 ollicii
2949 4396 3405 4450 vicissitudinem.
3436 4396 3690 4451 Gauden-

442 4487 855 4555 παρεκτείνοντες
886 4504 898 4515 ·
973 4485 1283 4556 μιμήσασθε
1343 4486 1468 4548 τοὺς
1523 4486 1851 4554 ἀλλοφύλους
1879 4526 1893 4549 ,
1960 4489 2011 4539 οἱ

438 4579 657 4646 ἀδελφοὶ
682 4580 773 4631 καὶ
799 4578 1075 4648 ὁμόφυλοι.
1106 4579 1298 4631 Κοινὸν
1324 4574 1392 4648 ἦν
1438 4578 1558 4631 τότε
1582 4577 1690 4630 τῶν
1717 4576 1880 4640 ξένων
1915 4580 2010 4631 καὶ

439 4671 545 4724 τῶν
566 4671 844 4741 ἐγχωρίων
870 4672 930 4723 τὸ
951 4671 1184 4741 δάκρυον
1210 4687 1223 4700 ⁸
1253 4669 1429 4723 κοινὸν
1461 4669 1601 4721 ἔστω
1624 4669 1715 4721 καὶ
1734 4667 1827 4721 νῦν
1851 4686 1867 4701 ’
1888 4670 2010 4720 ἐπεὶ

437 4764 534 4820 λαὶ
560 4764 621 4815 τὸ
662 4763 829 4825 πάθος
865 4762 1062 4815 κοινόν.
1128 4762 1323 4833 Ὁρᾶτε
1354 4761 1480 4823 τοὺς
1513 4759 1855 4829 πατριάρχας
1887 4761 2004 4813 τούο

437 4867 562 4913 τους
592 4867 604 4880 '
636 4850 834 4913 πάντες
860 4846 1001 4904 οὗτοι
1027 4852 1191 4904 τέκνα
1218 4853 1311 4904 τοῦ
1336 4850 1604 4921 ἡμετέρου
1630 4850 1766 4903 εἰσὶν
1793 4849 2006 4903 Ἰακώϐ.

452 4942 541 5006 Ἐξ
572 4940 862 5012 ἐλευθέρας
892 4943 941 4992 οἱ
972 4942 1189 5003 πάντες.
1221 4941 1406 5002 Οὐδεὶς
1434 4940 1585 5003 νόθος
1617 4939 1738 4992 οὐδὲ
1769 4940 2007 5009 ὑπόϐλη-

437 5052 545 5097 τος.
582 5034 717 5086 Οὐδὲ
745 5034 853 5103 γάρ
878 5029 945 5102 ἦν
974 5032 1130 5100 θέμις
1167 5031 1358 5100 ἐκείνῳ
1390 5030 1639 5100 δουλικὴν
1690 5029 2009 5097 συγγένειαν

437 5125 748 5191 ἐπεισάγειν
787 5128 852 5193 τῇ
892 5123 1140 5193 εὐγενείᾳ
1183 5123 1281 5192 τῆς
1328 5121 1583 5184 πίστεως.
1654 5121 1862 5174 Οὐκοῦν
1918 5122 2011 5173 καὶ

438 5220 702 5287 ἡμέτερος
749 5219 953 5279 ἐκεῖνος
991 5215 1206 5285 πατὴρ,
1250 5213 1383 5266 διότι
1426 5212 1518 5265 τοῦ
1550 5213 1760 5281 [ἰατρὸς
1803 5208 1870 5283 ἦν
1912 5213 2033 5265 τοῦ.

438 5309 707 5378 ἡμετέρου
740 5312 943 5379 πατήρ.

2118 4491 2248 4545 dum
2306 4504 2411 4542 una
2460 4504 2582 4542 cum
2634 4487 2999 4558 gaudentibus
3047 4506 3059 4539 :
3114 4487 3217 4540 hoc
3280 4502 3378 4540 nos
3437 4486 3685 4541 fecimus.

2117 4578 2382 4633 Flendnm
2408 4593 2531 4630 cum
2570 4576 2822 4630 flentibus
2862 4594 2875 4628 :
2915 4576 3016 4628 hoc
3061 4591 3159 4628 vos
3190 4575 3418 4627 invicem
3456 4573 3685 4628 reddite.

2115 4668 2473 4739 Lacrymatus
2501 4674 2586 4721 est
2620 4666 2748 4719 olim
2775 4674 3032 4719 externus
3066 4667 3296 4736 populus
3317 4682 3424 4734 quo
3449 4674 3689 4733 tempore
3745 4689 3751 4711 τ

2113 4757 2422 4827 patriarcha
2472 4754 2643 4809 Jacob
2690 4755 2832 4809 diem
2864 4771 3021 4809 suum
3073 4756 3301 4820 obierat,
3351 4764 3404 4807 cl.
3457 4756 3686 4807 alienam

2113 4849 2476 4901 calamitatem
2518 4862 2674 4901 suam
2728 4862 2850 4902 esse
2879 4845 3068 4910 duxit,
3120 4861 3243 4899 cum
3298 4858 3577 4914 parentem
3624 4860 3690 4897 ex

2117 4940 2353 5010 JEgypto
2397 4940 2552 4993 liberi
2595 4946 3069 5007 transportautes,
3105 4938 3266 5005 vulgo
3295 4953 3486 4990 omnes
3540 4937 3691 4988 nullo

2115 5032 2199 5085 vel
2234 5046 2398 5085 sexus
2428 5030 2512 5084 vel
2540 5030 2719 5083 aztatis
2759 5028 2944 5081 habito
2973 5026 3313 5089 discrimine,
3345 5040 3527 5078 casum
3569 5024 3690 5092 ejus

2116 5123 2170 5176 in
2203 5123 2424 5192 regione
2457 5122 2634 5175 aliena
2695 5118 3075 5190 deplorabant.
3118 5116 3236 5170 dies
3285 5116 3508 5187 triginta
3562 5117 3682 5167 toti-

2114 5216 2347 5283 demque
2404 5221 2592 5267 noctes
2660 5212 2867 5265 luctum
2922 5224 2985 5262 ac
3038 5209 3481 5262 lamentationem
3543 5208 3690 5260 illius

2113 5304 2301 5359 amissi
2336 5303 2558 5357 nomine
2589 5302 2995 5355 continuantes.
3032 5298 3140 5352 Vos
3171 5300 3264 5367 qui
3296 5301 3488 5354 fratres
3512 5309 3564 5353 ct
3598 5314 3689 5367 po-

438 5403 660 5470 pulares
708 5402 863 5467 estis,
910 5400 1203 5455 imitamini
1257 5398 1591 5468 alienigenas
1650 5406 1704 5451 et
1752 5408 2028 5454 externos.
2069 5400 2399 5453 Communes
2442 5406 2571 5451 tunc
2604 5406 2759 5450 erant
2807 5398 3217 5465 peregrinorum
3283 5395 3689 5463 imligenarnm-

438 5511 546 5563 que
574 5496 855 5565 lacrymaa;
884 5510 1204 5550 communes
1232 5495 1345 5549 sint
1376 5492 1537 5549 etiam
1571 5508 1736 5553 nunc.
1763 5494 2019 5563 quoniam
2072 5494 2235 5547 etiam
2300 5493 2583 5545 calamitas
2628 5491 2935 5545 ronnnunis
2998 5499 3098 5545 est.
3148 5490 3337 5544 Videte
3388 5490 3551 5544 hosce
3595 5507 3689 5559 pa-

440 5586 734 5651 triarchas,
778 5602 968 5642 omnes
1011 5586 1103 5641 isti
1147 5585 1239 5640 ﬁlii
1280 5584 1450 5641 nostri
1484 5581 1670 5638 Jacobi
1720 5592 1867 5639 sunt.
1924 5582 1996 5638 Ex
2041 5585 2206 5640 libera
2243 5583 2746 5654 procreatiomncs.
2775 5581 3188 5651 Nemospurins
3238 5590 3289 5635 et
3343 5582 3685 5652 ilfegitimus,
