4132 6356
436 264 542 322 853

1673 261 1731 317 S.
1767 259 2094 316 GREGORII
2131 263 2426 320 NYSSENI

3585 275 3700 335 856

439 399 600 439 nemo
631 384 964 441 subdititius.
1005 385 1186 456 Neque
1245 387 1390 440 enim
1422 384 1497 438 illi
1564 381 1646 438 fas
1712 389 1831 437 erat
1897 381 2216 450 ingenuitati
2271 384 2394 438 lidei
2455 384 2708 440 servilem
2772 387 3014 443 inserere
3075 387 3480 458 cognationem.
3554 389 3696 461 Ergo

435 475 600 531 etiam
649 483 835 531 noster
893 477 983 532 ille
1034 493 1262 548 parens,
1309 487 1594 546 prOptcrea
1633 475 1778 545 quod
1833 474 2008 543 patris
2042 477 2212 528 nostri
2249 485 2404 544 pater
2431 487 2572 532 erat.

507 567 756 624 Audistis
810 571 971 638 paulo
1021 579 1148 625 ante
1197 587 1264 625 ex
1319 571 1574 641 l'Ipbraim
1634 580 1687 624 et
1734 568 2005 626 Manasse.
2038 572 2083 623 Α

437 658 642 723 qualia,
686 674 960 729 quamque
1007 663 1176 715 multa
1220 661 1288 716 de
1332 673 1482 730 patre
1519 676 1822 727 narrarent,
1872 666 2006 719 adeo

440 755 499 800 ιιι
524 748 780 803 miracula
814 751 989 804 oratio
1032 753 1248 821 assequi
1294 769 1402 806 non
1441 763 1645 822 posset.
1695 752 1824 808 Date
1873 755 2004 809 mihi

439 855 655 909 quoque
685 850 743 894 ιιι
775 842 842 896 de
874 843 958 898 his
1002 844 1163 899 rebus
1197 845 1394 898 dicatn.
1431 845 1642 900 Etenim
1676 849 1828 902 nullo
1859 851 2006 918 peri-

438 931 564 983 culo
595 931 850 1000 deinceps
890 935 1254 990 beatitndincs
1282 952 1554 1006 exponere
1593 938 1760 994 licet:
1794 957 1893 994 nec
1923 943 2007 996 in-

437 1021 636 1074 vidiam
674 1031 876 1078 metuo.
909 1023 1154 1090 Quonam
1187 1029 1332 1082 enim
1363 1045 1448 1084 me
1479 1032 1624 1086 malo
1653 1032 1857 1102 majore
1886 1034 2004 1088 alii--

437 1114 538 1167 ciet
564 1113 588 1168 ?
630 1113 864 1170 Proinde
908 1120 1219 1187 cognoscite
1247 1121 1337 1191 qui
1368 1123 1449 1176 vir
1475 1125 1568 1189 sit,
1625 1141 1927 1196 generosus
1953 1140 2006 1182 et

440 1204 638 1260 nobilis
685 1205 754 1260 ab
803 1218 923 1261 ortu
975 1209 1130 1274 solis,
1180 1211 1511 1282 inculpatus,
1555 1215 1760 1284 justus,
1815 1233 2001 1283 verax,

437 1295 561 1364 pius
583 1305 635 1349 et
658 1298 966 1368 religiosus,
999 1302 1280 1358 abstinens
1305 1305 1372 1359 ab
1395 1306 1540 1359 omni
1567 1309 1707 1362 malo
1738 1309 2001 1368 facinore.

435 1385 553 1441 Non
585 1389 727 1442 enim
772 1391 960 1461 utique
1003 1393 1265 1448 invidebit
1297 1411 1524 1468 magnus
1564 1398 1656 1453 ille
1693 1397 1816 1460 Jub,
1857 1402 1901 1456 si
1937 1402 2002 1457 iis

437 1478 784 1546 testimoniis,
827 1497 948 1551 quae
978 1484 1046 1539 de
1095 1485 1213 1554 ipso
1241 1485 1512 1553 feruntur,
1562 1489 1726 1544 etiam
1763 1491 2003 1546 imitator

435 1569 577 1624 illius
605 1577 848 1625 ornetur.
886 1570 991 1627 Sed
1018 1590 1138 1642 quae
1170 1592 1360 1632 omnes
1390 1591 1479 1633 res
1506 1580 1798 1649 praeclaras
1825 1583 2003 1637 intue-

435 1668 524 1712 tur
563 1661 785 1725 invidia,
844 1664 1004 1718 etiam
1060 1674 1306 1722 nostrum
1351 1668 1554 1724 bonum
1594 1673 1792 1727 acerbo
1841 1675 2002 1731 oculo

433 1752 676 1805 eontuita
719 1762 843 1809 est:
895 1771 959 1810 ac
994 1773 1114 1826 qum
1153 1774 1248 1827 per
1291 1760 1476 1815 orbem
1507 1768 1774 1818 terrarum
1814 1765 2000 1819 obam-

433 1841 602 1906 bulat,
647 1845 810 1897 etiam
867 1862 963 1914 per
993 1863 1094 1903 nos
1141 1851 1462 1912 ambulavit.
1505 1853 1670 1908 latum
1711 1857 2000 1925 vestigium

2196 567 2490 622 Ἠκούσατε
2519 571 2722 639 ἀρτίως
2750 569 2844 623 τοῦ
2885 570 3123 642 Ἐφραίμ
3157 572 3249 625 καὶ
3277 571 3372 625 τοῦ
3404 572 3689 642 Μανασσῆ,

2112 651 2200 712 οἷα
2232 660 2320 712 καὶ
2346 661 2444 713 ὅσα
2476 663 2605 731 περὶ
2634 660 2730 714 τοῦ
2771 663 2981 734 Πατρὸς
3019 662 3365 734 διηγήσαντο,
3395 664 3472 726 ὡς
3514 666 3684 735 ὑπερ-

2113 749 2319 805 ϐαίνειν
2345 752 2501 820 λόγον
2544 753 2613 807 τὰ
2653 753 2925 823 θαύματα.
2959 755 3086 807 Δότε
3130 755 3298 825 κάμοι
3332 755 3692 826 περὶτούτων

2113 840 2307 896 εἰπεῖν.
2363 843 2472 894 Καὶ
2523 843 2630 913 γὰρ
2677 843 2954 897 ἀκίνδυνον
3007 845 3068 896 τὸ
3111 843 3436 914 μακαρίζειν
3472 842 3689 897 λοιπόνο

2111 931 2236 986 οὕτε
2277 933 2549 1005 φοϐοῦμαι
2581 935 2672 989 τὸν
2726 934 2939 1004 φθόνον.
2970 934 3035 987 Τί
3063 935 3174 1004 γάρ
3201 953 3267 1004 με
3299 937 3479 1006 χεῖρον
3518 934 3687 1005 ἐργά-

2113 1040 2296 1090 σεται;
2330 1026 2538 1079 Οὐκοῦν
2584 1027 2754 1095 γνῶτε
2779 1026 2862 1090 τίς
2904 1029 2932 1079 6
2960 1026 3098 1097 ἀνήρ
3123 1043 3137 1059 ο
3173 1025 3412 1096 Εὐγενὴς
3445 1026 3552 1079 τῶν
3594 1028 3689 1096 ἀφ’

2111 1115 2260 1183 ἡλίου
2290 1117 2581 1180 ἀνατολῶν,
2607 1118 2916 1188 ἄμεμπτος,
2949 1117 3174 1181 δίκαιος,
3207 1117 3477 1188 ἀληθινὸς,
3506 1119 3687 1171 θεοσε-

2111 1203 2231 1272 ϐὴς,
2279 1204 2618 1274 ἀπεχόμενος
2661 1205 2767 1258 ἀπὸ
2817 1204 3016 1266 παντὸς
3059 1203 3293 1273 πονηροῦ
3339 1206 3682 1274 πράγματος.

2111 1293 2183 1346 ού
2215 1293 2324 1365 γὰρ
2369 1294 2433 1365 δὴ
2467 1293 2828 1365 ζηλοτυπήσει
2857 1294 2887 1346 ὁ
2919 1294 3092 1366 μέγας
3135 1293 3275 1355 Ἰὼϐ,
3325 1296 3374 1346 εἰ
3397 1297 3518 1357 ταῖς
3555 1295 3687 1364 περὶ

2109 1383 2272 1436 αὐτοῦ
2299 1385 2625 1455 μαρτυρίαις
2650 1386 2744 1438 καὶ
2769 1387 2796 1439 6
2827 1384 3067 1456 μιμητὴς
3099 1385 3310 1437 ἐκείνου
3345 1384 3691 1452 ἐγκαλλωπί-

2109 1473 2274 1538 ζοιτο.
2316 1474 2454 1527 Ἀλλ’
2485 1477 2514 1527 6
2550 1475 2617 1528 τὰ
2661 1475 2800 1530 καλὰ
2831 1477 3008 1530 πάντα
3040 1475 3254 1545 βλέπων
3304 1476 3522 1547 φθόνος,
3573 1473 3682 1530 εἶδε

2109 1563 2200 1616 καὶ
2230 1563 2289 1616 τὸ
2324 1563 2590 1636 ἡμέτερον
2636 1565 2837 1633 ἀγαθὸν
2879 1565 3062 1637 πικρῷ
3096 1566 3174 1637 τῷ
3206 1566 3468 1638 ὀφθαλμῷ
3488 1586 3500 1598 ο
3536 1569 3628 1622 καὶ
3653 1569 3685 1620 6

2110 1653 2498 1725 ἐμπεριπατῶν
2527 1657 2592 1726 τῇ
2621 1655 2936 1729 οἰκουμένῃ,
2989 1657 3084 1710 καὶ
3129 1657 3194 1711 δι’
3223 1657 3379 1728 ἡμῶν
3418 1658 3683 1728 περιεπά-

2106 1764 2288 1816 τησεν,
2322 1747 2497 1800 πλατὺ
2535 1747 2595 1799 τδ
2625 1745 2768 1817 ἴχνος
2796 1747 2894 1817 τῆς
2935 1747 3167 1817 θλίψεως
3202 1749 3324 1810 ταῖς
3355 1747 3683 1818 εὐπραγίαις

2107 1837 2264 1907 ἡμῶν
2304 1837 2682 1909 ὲναπερείσας.
2712 1836 2788 1890 Οὐ
2828 1836 2965 1908 βοῶν
3013 1837 3106 1892 καὶ
3143 1837 3428 1909 προϐάτων
3481 1839 3683 1908 ἀγέλας

431 1930 738 1990 alllictiuuis
785 1938 948 1990 rebus
999 1941 1256 1996 secundis
1312 1945 1515 1998 nostris
1559 1945 1785 1999 inlisum
1834 1948 1997 2002 relin-

2102 1927 2485 1998 διελυμήνατο’
2523 1927 2660 1998 πλὴν
2698 1928 2747 1980 εί
2790 1927 2864 1999 μὴ
2915 1928 3024 1999 ἄρα
3053 1945 3137 1992 τις
3170 1927 3312 1982 κατὰ
3338 1928 3398 1981 τὸ
3422 1929 3686 1998 μυστικδν

429 2037 624 2091 quens.
666 2023 782 2079 Non
844 2027 1004 2080 boum
1051 2038 1103 2083 et
1149 2031 1330 2086 ovium
1391 2048 1582 2104 greges
1634 2035 1993 2105 disperdidit:

430 2115 536 2169 nisi
589 2118 633 2171 si
681 2118 804 2187 quis
857 2121 1044 2190 utique
1089 2125 1393 2180 secundum
1441 2129 1728 2198 mysticqu
1775 2145 1997 2186 sensum

429 2223 645 2278 gregem
672 2213 736 2265 ad
775 2212 1072 2269 Ecclesium
1119 2219 1387 2272 traducat.
1418 2219 1616 2275 Verum
1661 2238 1766 2276 non
1804 2224 1856 2278 in
1912 2226 1995 2281 his

428 2302 586 2357 nobis
620 2303 824 2358 invidia
873 2306 1133 2362 damnum
1179 2307 1350 2375 dedit,
1408 2327 1585 2382 neque
1632 2315 1686 2368 in
1739 2317 1911 2371 asinis
1943 2325 1998 2372 et

427 2393 651 2448 camelis
683 2409 882 2450 noxam
913 2399 1224 2467 commisit;
1258 2416 1434 2470 neque
1470 2404 1588 2472 ipso
1620 2406 1843 2461 vulnere
1875 2422 1997 2463 car-

426 2483 515 2536 nis
564 2499 758 2540 sensus
789 2488 986 2542 acerbo
1046 2490 1236 2546 dolore
1289 2492 1508 2549 affecit:
1543 2496 1638 2550 sed
1671 2511 1774 2554 nos
1817 2500 1997 2568 capite

426 2575 678 2643 privavit.
712 2576 848 2631 Cum
879 2580 1057 2650 capite
1088 2592 1268 2638 autem
1310 2601 1416 2639 una
1445 2587 1698 2658 adempta
1736 2599 1864 2644 sunt
1893 2591 1996 2645 ho.

426 2675 618 2720 norata
657 2683 720 2724 ac
752 2670 1015 2740 dignitate
1048 2677 1362 2742 praestantia
1389 2693 1649 2734 sensuum
1679 2690 1992 2737 nostrorum

427 2760 811 2816 instrumenta.
837 2763 955 2819 Non
988 2769 1224 2837 amplius
1258 2777 1340 2824 est
1373 2771 1586 2834 oculus,
1620 2774 1711 2841 qui
1748 2774 1993 2830 cmlestia

423 2862 782 2923 contueatur;
825 2873 999 2927 neque
1052 2861 1224 2925 auris,
1260 2876 1380 2931 qute
1411 2878 1598 2919 vocem
1629 2865 1864 2920 divinam
1896 2883 1994 2922 ex-

423 2935 609 3001 audiat
637 2965 650 3002 :
681 2965 855 3019 neque
875 2951 1058 3021 lingua
1085 2953 1174 3007 illa
1193 2970 1388 3025 purum
1413 2957 1658 3012 veritatis
1679 2960 1990 3020 donarium.

426 3035 524 3092 Ubi
568 3038 746 3096 dulcis
789 3041 882 3096 illa
921 3045 1209 3101 oculorum
1253 3051 1568 3106 serenitas?
1597 3051 1686 3107 ubi
1711 3053 1992 3122 jucundus

425 3127 513 3182 ille
544 3143 608 3183 ac
640 3130 854 3200 lepidus
880 3134 935 3189 in
971 3135 1130 3192 labiis
1163 3137 1349 3195 risus?
1391 3139 1482 3195 ubi
1515 3143 1688 3199 comis
1717 3145 1811 3198 illa
1839 3153 1894 3200 et
1925 3146 1992 3201 ad

423 3221 770 3278 salutandum
805 3223 983 3283 facilis
1010 3227 1256 3295 dextera,
1305 3247 1426 3301 qua:
1454 3249 1558 3287 una
1590 3250 1715 3289 cum
1750 3238 1864 3294 oris
1897 3238 1987 3294 be-
2019 3262 2066 3324 ο

421 3313 735 3371 nedictione
764 3317 962 3389 digitos
991 3320 1258 3378 intentare
1306 3324 1563 3380 solebat?
1586 3325 1864 3384 Provebor
1893 3345 1990 3384 au-

423 3409 552 3466 tem,
608 3406 752 3460 sicut
799 3407 852 3462 in
906 3423 1091 3475 scena,
1149 3413 1215 3466 ad
1249 3415 1618 3471 calamitatem
1668 3422 1817 3472 clara
1857 3434 1992 3475 voce

423 3493 908 3562 proclamandam:
952 3499 1214 3557 Misereor
1246 3504 1346 3566 tui,
1395 3512 1584 3559 sancta
1613 3505 1893 3575 Ecclesia;
1940 3521 1992 3566 te

423 3585 692 3654 alloquor,
717 3603 750 3642 ο
780 3589 973 3645 civitas
1000 3592 1283 3647 Antiochi!
1319 3595 1539 3652 Miseret
1569 3613 1654 3652 me
1675 3599 1775 3661 tui,
1803 3615 1993 3670 repen-

423 3676 552 3730 tinte
580 3692 644 3731 ac
675 3678 869 3734 subita:
897 3679 1059 3749 hujus
1081 3684 1399 3741 mutationis
1429 3687 1681 3741 nomine-
1709 3687 1778 3744 Ut
1807 3690 1990 3744 adem-

424 3775 551 3837 plus
585 3776 670 3822 est
701 3768 905 3824 decor?
944 3783 1000 3826 ut
1028 3773 1307 3829 detractus
1360 3785 1446 3831 est
1484 3781 1757 3836 ornatus?
1812 3790 1869 3836 ut
1903 3799 1990 3837 re-

420 3867 585 3930 pente
616 3859 717 3916 ﬂos
751 3859 1014 3916 deﬂuxit?
1057 3863 1220 3932 plane
1267 3881 1490 3936 gramen
1533 3873 1768 3936 exaruit,
1807 3883 1861 3931 et
1888 3875 1988 3934 llos

422 3949 647 4006 decidit.
677 3950 812 4017 Quis
855 3954 1050 4010 oculus
1081 3957 1303 4012 malus?
1331 3975 1454 4028 qua:
1491 3960 1814 4020 fascinatrix
1845 3969 1986 4023 invi-

422 4042 511 4096 dia
540 4045 680 4098 mala
713 4045 765 4098 in
793 4043 1088 4101 Ecclesiam
1117 4049 1264 4105 illam
1297 4052 1622 4109 debaccltata
1651 4066 1813 4128 atque
1835 4075 1991 4129 gras-

423 4141 542 4188 sata
587 4137 712 4190 est?
754 4152 876 4205 quae
912 4139 1110 4207 quibus
1157 4147 1553 4201 commutavit?
1595 4146 1803 4205 Deiecit
1839 4152 1984 4208 fons.

421 4224 856 4282 Exaruilamnis.
889 4229 1099 4288 Rursus
1133 4233 1186 4287 in
1217 4238 1537 4306 sanguinem
1558 4255 1697 4310 aqua
1725 4257 1987 4300 conversa

420 4327 524 4373 est.
583 4319 627 4373 Ο
663 4321 933 4379 infelicem
994 4328 1246 4382 nuntium
1305 4329 1479 4396 illum,
1542 4347 1652 4402 quo
1705 4335 1986 4391 calamitas

421 4407 679 4465 Ecclesia:
710 4413 1076 4470 indicabitur!
1107 4417 1240 4484 Quis
1267 4420 1393 4476 filiis
1419 4422 1583 4488 dicet,
1616 4427 1760 4495 quod
1790 4442 1988 4496 paren-

422 4501 568 4555 tibus
626 4503 802 4566 orbati
854 4519 918 4558 ac
972 4507 1218 4562 destituti
1275 4509 1428 4564 sint?
1471 4511 1604 4577 Quis
1651 4517 1987 4572 renuntiabit

418 4605 653 4659 sponsze,
697 4595 840 4659 quod
873 4596 1030 4649 vidua
1065 4597 1205 4652 facta
1245 4602 1354 4654 sit?
1383 4601 1426 4655 Ο
1459 4605 1631 4659 mala!
1678 4606 1817 4671 Quid
1853 4612 1986 4664 emi-
2022 4613 2064 4668 D

420 4684 655 4736 serunt?
676 4693 729 4737 et
757 4686 886 4753 quid
923 4689 1232 4758 recipiunt?
1259 4693 1453 4747 Arcam
1494 4698 1894 4765 praemiserunt,
1932 4709 1987 4755 et

419 4776 693 4844 rccipiunt
754 4781 1172 4850 sarcophagum.
1204 4783 1366 4845 Area,
1424 4785 1642 4854 fratres,
1695 4791 1857 4847 homo
1895 4793 1986 4848 ille

425 4867 516 4921 Dei
554 4877 692 4935 erat,
751 4886 875 4923 arca
925 4875 1212 4931 continens
1262 4876 1319 4931 in
1363 4893 1422 4932 se
1464 4877 1646 4934 divina
1685 4887 1980 4952 mysteria:

422 4962 532 5014 illic
572 4979 704 5016 urna
735 4980 898 5020 aurea
949 4967 1104 5034 plena
1145 4983 1358 5023 manna‘.
1404 4971 1623 5038 divinae,
1684 4976 1842 5043 plena
1875 4977 1984 5030 cibi

420 5055 567 5110 illius
593 5056 853 5110 caelestis.
892 5059 946 5110 ln
984 5058 1072 5110 illa
1100 5060 1293 5114 tabula:
1326 5066 1658 5129 testamenti,
1692 5068 1746 5120 in
1782 5069 1986 5124 tabulis

417 5149 600 5204 cordis
621 5150 814 5218 spiritu
841 5150 932 5206 Dei
957 5153 1204 5217 viventis,
1230 5170 1337 5208 non
1359 5163 1664 5214 atramento
1686 5161 1984 5231 inscriptae.

415 5242 604 5313 Neque
644 5247 788 5299 enim
835 5247 910 5300 illi
952 5249 1175 5316 puritati
1204 5251 1387 5306 cordis
1426 5252 1758 5322 caliginosus
1783 5263 1838 5308 et
1868 5265 1985 5313 ater

419 5337 726 5394 intellectus
756 5339 972 5395 inustus
1000 5349 1054 5396 et
1079 5343 1382 5412 impressus
1407 5355 1544 5400 erat.
1577 5345 1630 5399 In
1665 5348 1752 5401 illa
1778 5351 1986 5404 colum-

417 5443 518 5487 nze.
545 5429 703 5483 bases
740 5439 793 5485 et
828 5442 1278 5496 sustentamcnta.
1311 5439 1580 5506 capitella,
1617 5439 1976 5507 thuribulum,

417 5521 824 5584 candelabrum,
855 5526 1311 5593 propitiatorium,
1343 5530 1546 5596 pelves,
1577 5531 1644 5585 ad
1674 5533 1852 5588 aditus
1880 5536 1979 5588 ob~

2106 2021 2185 2082 είς
2210 2019 2306 2090 τὴν
2340 2019 2665 2087 Ἐκκλησίαν
2697 2018 2988 2088 μεταλάϐοι
3015 2019 3078 2071 τὸ
3107 2019 3377 2088 ποίμνιον.
3406 2018 3553 2090 Πλὴν
3575 2019 3680 2072 οὐκ

2105 2111 2162 2163 ὲν
2203 2110 2412 2172 τούτοις
2442 2111 2570 2181 ἡμῖν
2611 2109 2767 2181 παρὰ
2794 2109 2886 2162 τοῦ
2932 2109 3124 2178 φθόνου
3156 2111 3191 2180 ἡ
3235 2109 3406 2182 βλάϐη
3427 2126 3441 2142 ⁸
3471 2109 3590 2164 οὐδὲ
3619 2111 3678 2162 ὲν

2104 2199 2243 2263 δνοις
2293 2201 2388 2253 καὶ
2445 2199 2711 2270 καμήλοις
2764 2200 2862 2270 τὴν
2913 2201 3114 2270 ζημίαν
3165 2201 3486 2271 εἰργάσατο·
3557 2201 3678 2254 οὐδὲ

2102 2290 2376 2361 τραύματι
2433 2290 2635 2361 σαρκὸς
2684 2290 2783 2354 τὰς
2838 2290 3122 2360 αἰσθήσεις
3175 2290 3496 2362 ὲδρίμυξενο
3559 2290 3680 2344 ἀλλ’

2101 2381 2246 2450 ἡμᾶς
2282 2380 2382 2451 τῆς
2420 2379 2664 2450 κεφαλῆς
2703 2379 3033 2450 ἁπεσύλησε.
3069 2381 3148 2450 Τῇ
3189 2380 3247 2433 δὲ
3294 2381 3503 2452 κεφαλῇ
3551 2399 3676 2434 συν-

2100 2471 2308 2540 απῆλθε
2355 2470 2424 2524 τὰ
2472 2469 2627 2541 τίμια
2684 2471 2842 2541 ἡμῶν
2888 2470 3234 2540 αἰσθητήρια.
3281 2471 3477 2524 Οὐκέτι
3525 2471 3677 2525 ἐστὶν

2099 2560 2395 2632 ὀφθαλμὸς,
2421 2561 2450 2613 ὁ
2470 2561 2540 2614 τά
2575 2561 2800 2632 οὐράνια
2825 2561 3054 2630 βλέπων.
3077 2561 3196 2614 οὐδὲ
3219 2561 3380 2632 ἀκοὴ,
3403 2561 3501 2631 τῆς
3521 2561 3674 2625 θείας

2100 2651 2282 2719 φωνῆς
2328 2651 2613 2713 ὲπαῖουσα,
2646 2650 2766 2702 οὐδὲ
2813 2652 2846 2720 ἡ
2889 2649 3107 2718 γλῶσσα
3148 2650 3351 2721 ἐκείνη,
3400 2649 3461 2704 τὸ
3509 2651 3678 2719 ἁγνὸν

2098 2741 2352 2811 ἀνάθημα
2385 2741 2485 2811 τῆς
2515 2740 2789 2811 ἀληθείας.
2820 2740 2928 2794 Ποῦ
2958 2743 2990 2810 ή
3015 2742 3239 2809 γλυκεῖα
3269 2741 3379 2796 τῶν
3405 2743 3675 2812 ὀμμάτων

2097 2829 2337 2900 γαλήνης
2373 2830 2482 2884 Ποῦ
2506 2831 2567 2884 τὸ
2607 2831 2830 2902 φαιδρὸν
2860 2832 2952 2885 ἐπὶ
2987 2830 3080 2884 τοῦ
3127 2831 3336 2901 χείλους
3376 2831 3675 2901 μειδίαμα;

2101 2917 2210 2970 Ποῦ
2239 2918 2695 2991 ήεύπροσὴγορος
2728 2917 2898 2984 δεξιὰ,
2927 2921 2994 2990 τῇ
3019 2918 3114 2971 τοῦ
3147 2919 3410 2988 στόματος
3453 2918 3676 2989 εὐλογίᾳ

2098 3010 2222 3071 τοὺς
2245 3008 2540 3072 δακτύλους
2569 3011 3013 3071 συνεπισείουσας
3046 3010 3362 3080 Προάγομαι
3390 3009 3446 3062 δὲ
3473 3009 3549 3073 ὡς
3579 3011 3673 3063 ἐπὶ

2101 3098 2304 3168 σκηνῆς
2344 3097 2645 3168 ἀναϐοῆσαι
2678 3099 2776 3170 τὴν
2802 3100 3115 3169 συμφοράνο
3159 3097 3324 3152 Ἐλεῶ
3351 3115 3430 3165 σε,
3461 3092 3507 3151 ὧ
3545 3100 3669 3152 Ἐκ-

2099 3188 2323 3260 κλησία·
2361 3189 2497 3258 πρὸς
2528 3189 2589 3242 σὲ
2615 3189 2776 3259 λέγω,
2799 3191 2898 3261 τὴν
2938 3190 3208 3260 Ἀντιόχου
3265 3191 3443 3246 πόλιν.
3502 3191 3676 3245 Ἐλεῶ

2099 3297 2158 3332 σε
2192 3280 2289 3349 τῆς
2318 3279 2522 3350 ἁθρόας
2549 3280 2752 3352 ταύτης
2783 3281 3102 3353 μεταϐολῆς.
3135 3281 3258 3343 Πῶς
3308 3282 3668 3354 ἀπεκοσμήθη

2094 3371 2157 3424 τὸ
2191 3371 2418 3439 κάλλος;
2446 3372 2569 3435 Πῶς
2588 3373 2904 3445 ἀπεσυλήθη
2937 3376 2965 3427 6
2993 3374 3228 3444 κόσμοςς
3258 3374 3382 3437 Πῶς
3413 3373 3670 3443 ἐξαίφνης

2095 3463 2346 3534 ἀπερρύη
2365 3464 2425 3517 τὸ
2449 3463 2644 3530 ἄνθοςς
2671 3466 2874 3528 Ὄντως
2893 3463 3161 3538 ἐξηράνθη
3187 3467 3217 3519 6
3242 3465 3452 3536 χόρτος,
3485 3466 3579 3519 καὶ
3607 3463 3678 3519 τὺ

2095 3551 2254 3614 ἄνθος
2279 3552 2554 3618 ἐξέπεσεν.
2595 3554 2690 3616 Τίς
2719 3553 2992 3625 ὀφθαλμὸς
3024 3555 3256 3626 πονηρός
3278 3597 3292 3620 ,
3333 3555 3418 3618 τίς
3461 3555 3669 3626 βασκα-

2095 3644 2182 3698 νία
2207 3644 2350 3714 κακὴ
2384 3643 2524 3697 κατὰ
2563 3644 2660 3714 τῆς
2713 3644 3038 3716 Ἐκκλησίας
3089 3646 3304 3715 ἐκείνης
3349 3645 3672 3716 ἐκώμασεη

2095 3729 2199 3788 Οἷα
2220 3734 2337 3788 ἀνθ’
2361 3735 2487 3788 οἵων
2512 3734 2803 3804 meam!
2841 3736 3113 3800 Ἐξὲλιπεν
3141 3739 3175 3806 ἡ
3201 3737 3370 3808 πηγὴ,
3394 3737 3671 3808 ἐξηράνθη,

2094 3825 2122 3876 6
2152 3825 2416 3894 ποταμός.
2451 3825 2616 3878 Πάλιν
2657 3826 2736 3890 είς
2761 3822 2905 3896 αἷμα
2947 3828 3276 3899 μετεποιήθη
3311 3829 3371 3882 τὸ
3400 3828 3563 3900 ὕδωρ.
3602 3831 3673 3882 Ὢ

2092 3915 2387 3985 δυστυχοῦς
2423 3915 2686 3984 ἀγγελίας
2729 3917 2965 3988 ἐκείνης,
2997 3919 3096 3988 τῆς
3135 3918 3551 3989 διαγγελλούσης
3595 3921 3668 3991 τῇ

2106 4011 2401 4082 Ἐκκλησία
2455 4011 2517 4063 τὸ
2573 4011 2788 4075 πάθοςί
2844 4013 2923 4076 τίς
2973 4013 3088 4084 ὲρεῖ
3125 4016 3241 4076 τοῖς
3289 4014 3518 4077 τέκνοις,
3581 4013 3663 4066 ὅτι

2093 4100 2622 4172 άπωρφανίσθησαν;
2684 4101 2781 4165 Τίς
2827 4102 3127 4171 ἀπαγγελεῖ
3171 4105 3238 4173 τῇ
3308 4103 3528 4175 νύμφῃ,
3581 4101 3665 4156 ὅτι

2092 4189 2418 4261 ἐχήρευσενς
2457 4191 2520 4242 Ὢ
2565 4189 2674 4242 τῶν
2717 4191 2935 4244 κακῶνί
2988 4191 3052 4242 Τί
3087 4190 3429 4261 ἐξέπεμψαν,
3475 4191 3572 4244 καὶ
3610 4189 3664 4242 τί

2093 4282 2470 4350 ὐτοοδέχονται;
2501 4280 2746 4335 Κιϐωτὸν
2789 4280 3166 4351 προέπεμψαν,
3215 4282 3311 4334 καὶ
3339 4281 3494 4350 σορὸν
3531 4281 3666 4334 ὐπο-

2091 4371 2350 4441 δέχονται.
2374 4369 2619 4434 Κιϐωτὸς
2641 4366 2729 4441 ἦν,
2761 4369 2997 4438 ἀδελφοὶ,
3024 4371 3053 4422 6
3073 4369 3167 4423 τοῦ
3190 4369 3326 4422 Θεοῦ
3355 4369 3663 4439 ἄνθρωπος,

2094 4459 2322 4524 κιϐωτὸς
2377 4459 2644 4530 περιέχων
2705 4462 2762 4514 ὲν
2820 4459 2999 4530 ἐαυτῷ
3051 4459 3120 4512 τὰ
3180 4459 3298 4512 θεῖα
3353 4461 3659 4530 μυστήριαο

2095 4554 2210 4604 ἐκεῖ
2249 4553 2282 4622 ἡ
2330 4551 2564 4621 στάμνος
2609 4552 2642 4620 ἡ
2687 4552 2860 4621 χρυσῆ
2897 4552 3108 4622 πλήρης
3149 4551 3243 4604 τοῦ
3274 4550 3417 4604 θείου
3453 4551 3667 4620 μάννα,

2089 4643 2302 4713 πλήρης
2330 4645 2429 4710 τῆς
2466 4641 2716 4711 οὐρανίου
2753 4642 2982 4711 τροφῆς.
3033 4643 3121 4696 Ἑν
3156 4643 3336 4714 ἐκείνῃ
3380 4645 3441 4696 αἱ
3459 4642 3662 4706 πλάκες

2090 4733 2189 4801 τῆς
2214 4731 2494 4803 διαθήκης,
2526 4733 2584 4784 ἐν
2619 4734 2740 4795 ταῖς
2763 4730 2925 4797 πλαξὶ
2955 4733 3054 4803 τῆς
3080 4735 3302 4805 καρδίας
3345 4736 3661 4804 ἐγγεγραμ-

2095 4824 2251 4892 μέναι
2276 4823 2547 4894 πνεύματι
2588 4823 2723 4876 Θεοῦ
2759 4824 2980 4890 ζῶντος,
3017 4827 3077 4878 οὐ
3111 4827 3316 4896 μέλανι.
3349 4827 3517 4880 Οὐδὲν
3551 4827 3660 4897 γὰρ

2089 4917 2156 4984 τῇ
2185 4915 2512 4985 καθαρότητι
2548 4915 2647 4985 τῆς
2692 4915 2917 4986 καρδίας
2960 4916 3195 4985 ζοφῶδες
3231 4917 3324 4970 καὶ
3360 4917 3524 4986 μέλαν
3572 4920 3659 4970 ὲν·

2092 5003 2353 5055 εκέκαυτο
2383 5002 2579 5071 νόημα.
2629 5003 2716 5054 Ἐν
2746 5004 2930 5075 ἐκείνῃ
2969 5007 3018 5057 οί
3053 5004 3255 5068 στύλοι,
3279 5005 3333 5057 αί
3370 5005 3574 5073 βάσεις,
3599 5007 3656 5059 ai

2093 5089 2394 5159 κεφαλίδες,
2419 5092 2481 5142 τὸ
2509 5091 2884 5161 θυμιατήριον,
2919 5094 2952 5162 ἡ
2987 5093 3197 5162 λυχνία,
3230 5094 3290 5146 τὸ
3325 5094 3659 5166 ἱλαστήριον,

2089 5182 2138 5232 οί
2187 5180 2470 5249 λουτῆρες,
2525 5180 2596 5232 τὰ
2637 5180 2746 5234 τῶν
2791 5181 3012 5234 εἰσόδων
3046 5183 3539 5252 καταπετάσματαο
3599 5186 3657 5235 ὲν

2089 5267 2272 5339 ἐκείνῃ
2298 5269 2330 5338 ἡ
2371 5269 2562 5338 ῥάϐδος
2588 5271 2683 5339 τῆς
2713 5269 3029 5340 ἱερωσύνης,
3061 5272 3094 5340 η
3120 5271 3177 5323 ὲν
3200 5274 3319 5334 ταῖς
3349 5273 3502 5342 χερσὶ
3533 5275 3655 5336 ταῖς

2085 5359 2294 5412 ἐκείνου
2343 5359 2710 5429 βλαστήσασα.
2753 5361 2865 5413 Καὶ
2913 5361 2967 5412 εἴ
3017 5377 3070 5412 τι
3113 5360 3241 5414 ἄλλο
3296 5362 3392 5429 τὴν
3424 5361 3656 5430 κιϐωτὸν

2082 5449 2226 5518 ἔχειν
2271 5449 2558 5520 ἀκούομεν,
2594 5450 2772 5504 πάντα
2801 5453 2868 5520 τῇ
2913 5450 3060 5521 ψυχῇ
3089 5449 3183 5503 τοῦ
3229 5451 3420 5522 ἀνδρὸς
3448 5454 3654 5522 περιεί-

2081 5537 2272 5607 ληπτο.

421 5621 573 5666 tensa
607 5615 723 5667 vela
784 5621 946 5684 atque
1007 5619 1211 5684 aulaea;
1257 5619 1310 5671 in
1348 5620 1457 5686 illa,
1504 5623 1652 5692 virga
1687 5627 1975 5680 sacerdotii
2016 5643 2135 5697 qua:
2169 5628 2223 5681 in
2256 5629 2505 5686 manibus
2546 5630 2691 5686 illius
2725 5631 3070 5701 germinavit.
3107 5631 3173 5688 Et
3219 5633 3267 5688 si
3331 5631 3462 5705 quid
3503 5633 3650 5688 aliud

427 5719 609 5762 arcam
659 5708 714 5764 in
749 5722 808 5765 se
841 5707 1095 5765 habuisse
1128 5708 1398 5777 audimus,
1455 5713 1635 5768 omnia
1669 5715 1848 5772 animo
1880 5719 1984 5772 vixi
2017 5719 2454 5775 continebantur.
