  <div class='ocr_page' id='page_1' title='image "/cluster/home/n/w/nwhite01/storage/ocr_20150623/46/nnc1.0046978380/436.png"; bbox 0 0 4132 6356; ppageno 0'>
   <div class='ocr_carea' id='block_1_1' title="bbox 430 317 539 377">
    <p class='ocr_par' dir='ltr' id='par_1_1' title="bbox 430 317 539 377">
     <span class='ocr_line' id='line_1_1' title="bbox 430 317 539 377; baseline -0.046 0"><span class='ocrx_word' id='word_1_1' title='bbox 430 317 539 377; x_wconf 75' lang='lat'><strong>8357</strong></span> 
     </span>
    </p>
   </div>
   <div class='ocr_carea' id='block_1_2' title="bbox 1625 310 2435 370">
    <p class='ocr_par' dir='ltr' id='par_1_2' title="bbox 1625 310 2435 370">
     <span class='ocr_line' id='line_1_2' title="bbox 1625 310 2435 370; baseline 0.004 -6"><span class='ocrx_word' id='word_1_2' title='bbox 1625 310 1712 365; x_wconf 87' lang='lat' dir='ltr'><strong>DE</strong></span> <span class='ocrx_word' id='word_1_3' title='bbox 1744 311 2047 367; x_wconf 78' lang='lat' dir='ltr'><strong>MELETIO</strong></span> <span class='ocrx_word' id='word_1_4' title='bbox 2078 313 2435 370; x_wconf 74' lang='lat' dir='ltr'><strong>EPISCOPO.</strong></span> 
     </span>
    </p>
   </div>
   <div class='ocr_carea' id='block_1_3' title="bbox 3555 310 3662 365">
    <p class='ocr_par' dir='ltr' id='par_1_3' title="bbox 3555 310 3662 365">
     <span class='ocr_line' id='line_1_3' title="bbox 3555 310 3662 365; baseline -0.037 0"><span class='ocrx_word' id='word_1_5' title='bbox 3555 310 3662 365; x_wconf 61' lang='lat'><strong>838</strong></span> 
     </span>
    </p>
   </div>
   <div class='ocr_carea' id='block_1_4' title="bbox 510 425 1993 502">
    <p class='ocr_par' dir='ltr' id='par_1_4' title="bbox 510 430 1993 500">
     <span class='ocr_line' id='line_1_4' title="bbox 510 430 1993 500; baseline -0.001 -15"><span class='ocrx_word' id='word_1_6' title='bbox 510 432 646 486; x_wconf 76' lang='grc' dir='ltr'>Ἀλλ’</span> <span class='ocrx_word' id='word_1_7' title='bbox 683 431 796 486; x_wconf 78' lang='grc' dir='ltr'>ἀντ’</span> <span class='ocrx_word' id='word_1_8' title='bbox 832 430 1050 484; x_wconf 75' lang='grc' dir='ltr'><strong>ἐκείνων</strong></span> <span class='ocrx_word' id='word_1_9' title='bbox 1082 431 1162 496; x_wconf 62' lang='lat' dir='ltr'><strong>si;</strong></span> <span class='ocrx_word' id='word_1_10' title='bbox 1204 430 1470 484; x_wconf 75' lang='grc' dir='ltr'>Σιωπάτω</span> <span class='ocrx_word' id='word_1_11' title='bbox 1503 434 1531 484; x_wconf 99' lang='lat'><strong>6</strong></span> <span class='ocrx_word' id='word_1_12' title='bbox 1553 431 1725 500; x_wconf 80' lang='grc' dir='ltr'>λόγος.</span> <span class='ocrx_word' id='word_1_13' title='bbox 1757 432 1993 495; x_wconf 78' lang='grc' dir='ltr'>Σινδόνες</span> 
     </span>
    </p>
   </div>
   <div class='ocr_carea' id='block_1_5' title="bbox 2090 425 3663 502">
    <p class='ocr_par' dir='ltr' id='par_1_5' title="bbox 2170 425 3663 502">
     <span class='ocr_line' id='line_1_5' title="bbox 2170 425 3663 502; baseline -0.005 -15"><span class='ocrx_word' id='word_1_14' title='bbox 2170 434 2273 487; x_wconf 99' lang='lat' dir='ltr'><strong>Sed</strong></span> <span class='ocrx_word' id='word_1_15' title='bbox 2304 448 2400 502; x_wconf 91' lang='lat' dir='ltr'><strong>pro</strong></span> <span class='ocrx_word' id='word_1_16' title='bbox 2426 432 2534 485; x_wconf 88' lang='lat' dir='ltr'><strong>illis</strong></span> <span class='ocrx_word' id='word_1_17' title='bbox 2558 431 2733 500; x_wconf 85' lang='lat' dir='ltr'><strong>quid?</strong></span> <span class='ocrx_word' id='word_1_18' title='bbox 2764 430 2933 483; x_wconf 74' lang='lat' dir='ltr'><strong>Silcat</strong></span> <span class='ocrx_word' id='word_1_19' title='bbox 2963 427 3156 481; x_wconf 86' lang='lat' dir='ltr'><strong>oratio.</strong></span> <span class='ocrx_word' id='word_1_20' title='bbox 3201 425 3470 481; x_wconf 75' lang='lat' dir='ltr'><strong>Sindoncs</strong></span> <span class='ocrx_word' id='word_1_21' title='bbox 3503 442 3663 480; x_wconf 85' lang='lat' dir='ltr'><strong>Illtlll-</strong></span> 
     </span>
    </p>
   </div>
   <div class='ocr_carea' id='block_1_6' title="bbox 430 520 1993 591">
    <p class='ocr_par' dir='ltr' id='par_1_6' title="bbox 430 520 1993 591">
     <span class='ocr_line' id='line_1_6' title="bbox 430 520 1993 591; baseline -0.002 -16"><span class='ocrx_word' id='word_1_22' title='bbox 430 522 685 591; x_wconf 74' lang='grc' dir='ltr'>καθαραὶ,</span> <span class='ocrx_word' id='word_1_23' title='bbox 737 522 832 574; x_wconf 69' lang='grc' dir='ltr'>καὶ</span> <span class='ocrx_word' id='word_1_24' title='bbox 867 520 935 574; x_wconf 70' lang='grc' dir='ltr'>τὰ</span> <span class='ocrx_word' id='word_1_25' title='bbox 967 522 1031 575; x_wconf 85' lang='grc' dir='ltr'><strong>ἐκ</strong></span> <span class='ocrx_word' id='word_1_26' title='bbox 1077 520 1258 591; x_wconf 82' lang='grc' dir='ltr'>σηρῶν</span> <span class='ocrx_word' id='word_1_27' title='bbox 1289 521 1608 591; x_wconf 80' lang='grc' dir='ltr'>ὑφάσματα·</span> <span class='ocrx_word' id='word_1_28' title='bbox 1665 522 1851 591; x_wconf 82' lang='grc' dir='ltr'><strong>μύρων</strong></span> <span class='ocrx_word' id='word_1_29' title='bbox 1900 522 1993 573; x_wconf 80' lang='grc' dir='ltr'>καὶ</span> 
     </span>
    </p>
   </div>
   <div class='ocr_carea' id='block_1_7' title="bbox 430 612 1993 686">
    <p class='ocr_par' dir='ltr' id='par_1_7' title="bbox 430 612 1993 686">
     <span class='ocr_line' id='line_1_7' title="bbox 430 612 1993 686; baseline -0.001 -20"><span class='ocrx_word' id='word_1_30' title='bbox 430 614 737 686; x_wconf 72' lang='grc' dir='ltr'><strong>ἀρωμάτων</strong></span> <span class='ocrx_word' id='word_1_31' title='bbox 770 612 1036 682; x_wconf 59' lang='grc' dir='ltr'>δαψίλεια,</span> <span class='ocrx_word' id='word_1_32' title='bbox 1068 614 1323 681; x_wconf 68' lang='grc' dir='ltr'>γυναικὸς</span> <span class='ocrx_word' id='word_1_33' title='bbox 1370 612 1645 683; x_wconf 73' lang='grc' dir='ltr'>φιλοτιμία</span> <span class='ocrx_word' id='word_1_34' title='bbox 1677 613 1907 681; x_wconf 86' lang='grc' dir='ltr'>κοσμίας</span> <span class='ocrx_word' id='word_1_35' title='bbox 1934 630 1993 665; x_wconf 89' lang='grc' dir='ltr'><strong>τε</strong></span> 
     </span>
    </p>
   </div>
   <div class='ocr_carea' id='block_1_8' title="bbox 432 702 1993 774">
    <p class='ocr_par' dir='ltr' id='par_1_8' title="bbox 432 702 1993 774">
     <span class='ocr_line' id='line_1_8' title="bbox 432 702 1993 774; baseline -0.001 -17"><span class='ocrx_word' id='word_1_36' title='bbox 432 705 523 757; x_wconf 73' lang='grc' dir='ltr'><strong>καὶ</strong></span> <span class='ocrx_word' id='word_1_37' title='bbox 549 706 900 774; x_wconf 79' lang='grc' dir='ltr'>εὐσχήμονος.</span> <span class='ocrx_word' id='word_1_38' title='bbox 943 704 1231 774; x_wconf 80' lang='grc' dir='ltr'><strong>Εἰρήσεται</strong></span> <span class='ocrx_word' id='word_1_39' title='bbox 1258 703 1366 773; x_wconf 79' lang='grc' dir='ltr'>γὰρ</span> <span class='ocrx_word' id='word_1_40' title='bbox 1390 703 1463 766; x_wconf 87' lang='grc' dir='ltr'>ὡς</span> <span class='ocrx_word' id='word_1_41' title='bbox 1492 704 1558 756; x_wconf 88' lang='grc' dir='ltr'>ἂν</span> <span class='ocrx_word' id='word_1_42' title='bbox 1584 705 1674 755; x_wconf 56' lang='grc' dir='ltr'><strong>καί⁸</strong></span> <span class='ocrx_word' id='word_1_43' title='bbox 1706 702 1874 757; x_wconf 83' lang='grc' dir='ltr'>ταῦτα</span> <span class='ocrx_word' id='word_1_44' title='bbox 1899 705 1993 771; x_wconf 82' lang='grc' dir='ltr'><strong>γέ-</strong></span> 
     </span>
    </p>
   </div>
   <div class='ocr_carea' id='block_1_9' title="bbox 430 793 1991 865">
    <p class='ocr_par' dir='ltr' id='par_1_9' title="bbox 430 793 1991 865">
     <span class='ocr_line' id='line_1_9' title="bbox 430 793 1991 865; baseline 0 -19"><span class='ocrx_word' id='word_1_45' title='bbox 430 812 572 847; x_wconf 83' lang='grc' dir='ltr'>νοιτο</span> <span class='ocrx_word' id='word_1_46' title='bbox 597 796 676 857; x_wconf 76' lang='grc' dir='ltr'>εἷς</span> <span class='ocrx_word' id='word_1_47' title='bbox 703 795 997 865; x_wconf 82' lang='grc' dir='ltr'>μαρτύριον</span> <span class='ocrx_word' id='word_1_48' title='bbox 1015 796 1176 864; x_wconf 82' lang='grc' dir='ltr'>αὐτῇ,</span> <span class='ocrx_word' id='word_1_49' title='bbox 1211 794 1239 846; x_wconf 76' lang='grc' dir='ltr'>ὃ</span> <span class='ocrx_word' id='word_1_50' title='bbox 1268 795 1393 865; x_wconf 83' lang='grc' dir='ltr'>περὶ</span> <span class='ocrx_word' id='word_1_51' title='bbox 1425 794 1513 845; x_wconf 80' lang='grc' dir='ltr'><strong>τὸν</strong></span> <span class='ocrx_word' id='word_1_52' title='bbox 1544 794 1689 864; x_wconf 74' lang='grc' dir='ltr'>ἱερέα</span> <span class='ocrx_word' id='word_1_53' title='bbox 1718 793 1991 863; x_wconf 81' lang='grc' dir='ltr'>ἐποίησεν,</span> 
     </span>
    </p>
   </div>
   <div class='ocr_carea' id='block_1_10' title="bbox 429 883 1995 955">
    <p class='ocr_par' dir='ltr' id='par_1_10' title="bbox 429 883 1995 955">
     <span class='ocr_line' id='line_1_10' title="bbox 429 883 1995 955; baseline -0.001 -18"><span class='ocrx_word' id='word_1_54' title='bbox 429 884 664 953; x_wconf 64' lang='grc' dir='ltr'>δαψιλῶς</span> <span class='ocrx_word' id='word_1_55' title='bbox 704 886 801 955; x_wconf 79' lang='grc' dir='ltr'>τὴν</span> <span class='ocrx_word' id='word_1_56' title='bbox 827 885 1162 955; x_wconf 76' lang='grc' dir='ltr'>ἀλάϐαστρον</span> <span class='ocrx_word' id='word_1_57' title='bbox 1194 883 1286 938; x_wconf 80' lang='grc' dir='ltr'>τοῦ</span> <span class='ocrx_word' id='word_1_58' title='bbox 1338 885 1509 955; x_wconf 80' lang='grc' dir='ltr'>μύρου</span> <span class='ocrx_word' id='word_1_59' title='bbox 1540 885 1637 952; x_wconf 77' lang='grc' dir='ltr'><strong>τῆς</strong></span> <span class='ocrx_word' id='word_1_60' title='bbox 1674 883 1768 936; x_wconf 76' lang='grc' dir='ltr'>τοῦ</span> <span class='ocrx_word' id='word_1_61' title='bbox 1808 884 1995 954; x_wconf 77' lang='grc' dir='ltr'><strong>ἱερέως</strong></span> 
     </span>
    </p>
   </div>
   <div class='ocr_carea' id='block_1_11' title="bbox 431 975 1996 1046">
    <p class='ocr_par' dir='ltr' id='par_1_11' title="bbox 431 975 1996 1046">
     <span class='ocr_line' id='line_1_11' title="bbox 431 975 1996 1046; baseline 0.001 -18"><span class='ocrx_word' id='word_1_62' title='bbox 431 976 669 1045; x_wconf 75' lang='grc' dir='ltr'><strong>κεφαλῆς</strong></span> <span class='ocrx_word' id='word_1_63' title='bbox 721 977 1052 1046; x_wconf 84' lang='grc' dir='ltr'>καταχέασα.</span> <span class='ocrx_word' id='word_1_64' title='bbox 1108 975 1266 1029; x_wconf 85' lang='grc' dir='ltr'>Ἀλλά</span> <span class='ocrx_word' id='word_1_65' title='bbox 1306 976 1364 1028; x_wconf 84' lang='grc' dir='ltr'>τὸ</span> <span class='ocrx_word' id='word_1_66' title='bbox 1403 977 1459 1028; x_wconf 86' lang='grc' dir='ltr'><strong>ἐν</strong></span> <span class='ocrx_word' id='word_1_67' title='bbox 1491 975 1698 1037; x_wconf 75' lang='grc' dir='ltr'><strong>τούτοις</strong></span> <span class='ocrx_word' id='word_1_68' title='bbox 1734 975 1996 1038; x_wconf 80' lang='grc' dir='ltr'>διασωζό-</span> 
     </span>
    </p>
   </div>
   <div class='ocr_carea' id='block_1_12' title="bbox 433 1063 1997 1135">
    <p class='ocr_par' dir='ltr' id='par_1_12' title="bbox 433 1063 1997 1135">
     <span class='ocr_line' id='line_1_12' title="bbox 433 1063 1997 1135; baseline 0.002 -21"><span class='ocrx_word' id='word_1_69' title='bbox 433 1080 612 1131; x_wconf 85' lang='grc' dir='ltr'>μενον,</span> <span class='ocrx_word' id='word_1_70' title='bbox 650 1064 737 1129; x_wconf 87' lang='grc' dir='ltr'>τί;</span> <span class='ocrx_word' id='word_1_71' title='bbox 778 1065 939 1117; x_wconf 81' lang='grc' dir='ltr'><strong>ὀστέα</strong></span> <span class='ocrx_word' id='word_1_72' title='bbox 983 1064 1171 1135; x_wconf 77' lang='grc' dir='ltr'>νεκρὰ,</span> <span class='ocrx_word' id='word_1_73' title='bbox 1218 1066 1312 1119; x_wconf 77' lang='grc' dir='ltr'><strong>καὶ</strong></span> <span class='ocrx_word' id='word_1_74' title='bbox 1345 1063 1451 1135; x_wconf 80' lang='grc' dir='ltr'>πρὸ</span> <span class='ocrx_word' id='word_1_75' title='bbox 1490 1065 1582 1118; x_wconf 74' lang='grc' dir='ltr'>τοῦ</span> <span class='ocrx_word' id='word_1_76' title='bbox 1622 1064 1849 1119; x_wconf 82' lang='grc' dir='ltr'>θανάτου</span> <span class='ocrx_word' id='word_1_77' title='bbox 1900 1083 1997 1135; x_wconf 83' lang='grc' dir='ltr'>με·</span> 
     </span>
    </p>
   </div>
   <div class='ocr_carea' id='block_1_13' title="bbox 432 1156 1995 1229">
    <p class='ocr_par' dir='ltr' id='par_1_13' title="bbox 432 1156 1995 1229">
     <span class='ocr_line' id='line_1_13' title="bbox 432 1156 1995 1229; baseline 0.001 -22"><span class='ocrx_word' id='word_1_78' title='bbox 432 1156 765 1227; x_wconf 85' lang='grc' dir='ltr'>μελετηκότα</span> <span class='ocrx_word' id='word_1_79' title='bbox 786 1157 882 1227; x_wconf 84' lang='grc' dir='ltr'>τὴν</span> <span class='ocrx_word' id='word_1_80' title='bbox 908 1157 1171 1228; x_wconf 81' lang='grc' dir='ltr'><strong>νέκρωσιν</strong></span> <span class='ocrx_word' id='word_1_81' title='bbox 1191 1174 1204 1189; x_wconf 75' lang='grc'><strong><em>⁸</em></strong></span> <span class='ocrx_word' id='word_1_82' title='bbox 1230 1158 1300 1213; x_wconf 84' lang='grc' dir='ltr'>τὰ</span> <span class='ocrx_word' id='word_1_83' title='bbox 1328 1158 1544 1228; x_wconf 80' lang='grc' dir='ltr'>λυπηρὰ</span> <span class='ocrx_word' id='word_1_84' title='bbox 1570 1158 1678 1210; x_wconf 84' lang='grc' dir='ltr'><strong>τῶν</strong></span> <span class='ocrx_word' id='word_1_85' title='bbox 1707 1159 1995 1229; x_wconf 79' lang='grc' dir='ltr'>συμφορῶν</span> 
     </span>
    </p>
   </div>
   <div class='ocr_carea' id='block_1_14' title="bbox 426 1246 1996 1317">
    <p class='ocr_par' dir='ltr' id='par_1_14' title="bbox 426 1246 1996 1317">
     <span class='ocr_line' id='line_1_14' title="bbox 426 1246 1996 1317; baseline 0.002 -20"><span class='ocrx_word' id='word_1_86' title='bbox 426 1246 586 1315; x_wconf 75' lang='grc' dir='ltr'>ἡμῶν</span> <span class='ocrx_word' id='word_1_87' title='bbox 648 1246 987 1317; x_wconf 79' lang='grc' dir='ltr'>μνημόσυνα.</span> <span class='ocrx_word' id='word_1_88' title='bbox 1041 1249 1106 1300; x_wconf 83' lang='grc' dir='ltr'><strong>Ὢ</strong></span> <span class='ocrx_word' id='word_1_89' title='bbox 1153 1248 1239 1300; x_wconf 81' lang='grc' dir='ltr'><strong>οἵα</strong></span> <span class='ocrx_word' id='word_1_90' title='bbox 1278 1248 1428 1317; x_wconf 83' lang='grc' dir='ltr'>φωνὴ</span> <span class='ocrx_word' id='word_1_91' title='bbox 1476 1248 1636 1301; x_wconf 82' lang='grc' dir='ltr'>πάλιν</span> <span class='ocrx_word' id='word_1_92' title='bbox 1684 1249 1743 1301; x_wconf 85' lang='grc' dir='ltr'><strong>ἐν</strong></span> <span class='ocrx_word' id='word_1_93' title='bbox 1817 1248 1996 1315; x_wconf 79' lang='grc' dir='ltr'>Ῥαμά</span> 
     </span>
    </p>
   </div>
   <div class='ocr_carea' id='block_1_15' title="bbox 429 1339 1995 1411">
    <p class='ocr_par' dir='ltr' id='par_1_15' title="bbox 429 1339 1995 1411">
     <span class='ocr_line' id='line_1_15' title="bbox 429 1339 1995 1411; baseline 0 -20"><span class='ocrx_word' id='word_1_94' title='bbox 429 1339 863 1409; x_wconf 80' lang='grc' dir='ltr'>ἁκουσθήσεταιί</span> <span class='ocrx_word' id='word_1_95' title='bbox 908 1339 1109 1411; x_wconf 81' lang='grc' dir='ltr'><strong>Ῥαχὴλ</strong></span> <span class='ocrx_word' id='word_1_96' title='bbox 1150 1340 1410 1394; x_wconf 80' lang='grc' dir='ltr'>κλαίουσα</span> <span class='ocrx_word' id='word_1_97' title='bbox 1437 1341 1556 1410; x_wconf 81' lang='grc' dir='ltr'>οὐχὶ</span> <span class='ocrx_word' id='word_1_98' title='bbox 1586 1340 1655 1392; x_wconf 80' lang='grc' dir='ltr'><strong>τά</strong></span> <span class='ocrx_word' id='word_1_99' title='bbox 1701 1340 1866 1392; x_wconf 82' lang='grc' dir='ltr'>τέκνα</span> <span class='ocrx_word' id='word_1_100' title='bbox 1895 1341 1995 1391; x_wconf 77' lang='grc' dir='ltr'><strong>αὖ·</strong></span> 
     </span>
    </p>
   </div>
   <div class='ocr_carea' id='block_1_16' title="bbox 427 1430 1996 1503">
    <p class='ocr_par' dir='ltr' id='par_1_16' title="bbox 427 1430 1996 1503">
     <span class='ocr_line' id='line_1_16' title="bbox 427 1430 1996 1503; baseline -0.007 -9"><span class='ocrx_word' id='word_1_101' title='bbox 427 1430 546 1499; x_wconf 80' lang='grc' dir='ltr'>τῆς,</span> <span class='ocrx_word' id='word_1_102' title='bbox 576 1430 709 1485; x_wconf 80' lang='grc' dir='ltr'>ἀλλὰ</span> <span class='ocrx_word' id='word_1_103' title='bbox 735 1431 826 1484; x_wconf 85' lang='grc' dir='ltr'><strong>τὸν</strong></span> <span class='ocrx_word' id='word_1_104' title='bbox 854 1432 1042 1503; x_wconf 76' lang='grc' dir='ltr'>ἄνδρα,</span> <span class='ocrx_word' id='word_1_105' title='bbox 1081 1433 1175 1484; x_wconf 78' lang='grc' dir='ltr'>καὶ</span> <span class='ocrx_word' id='word_1_106' title='bbox 1221 1434 1279 1485; x_wconf 88' lang='grc' dir='ltr'><strong>ού</strong></span> <span class='ocrx_word' id='word_1_107' title='bbox 1335 1433 1665 1503; x_wconf 84' lang='grc' dir='ltr'>προσιεμένη</span> <span class='ocrx_word' id='word_1_108' title='bbox 1709 1432 1996 1502; x_wconf 77' lang='grc' dir='ltr'>παράκλη-</span> 
     </span>
    </p>
   </div>
   <div class='ocr_carea' id='block_1_17' title="bbox 430 1522 1995 1593">
    <p class='ocr_par' dir='ltr' id='par_1_17' title="bbox 430 1522 1995 1593">
     <span class='ocr_line' id='line_1_17' title="bbox 430 1522 1995 1593; baseline 0.002 -22"><span class='ocrx_word' id='word_1_109' title='bbox 430 1537 532 1572; x_wconf 90' lang='grc' dir='ltr'>σιν.</span> <span class='ocrx_word' id='word_1_110' title='bbox 572 1522 809 1589; x_wconf 78' lang='grc' dir='ltr'>Ἄφετε,</span> <span class='ocrx_word' id='word_1_111' title='bbox 862 1522 913 1575; x_wconf 77' lang='lat' dir='ltr'><strong>oi</strong></span> <span class='ocrx_word' id='word_1_112' title='bbox 965 1522 1437 1593; x_wconf 77' lang='grc' dir='ltr'>παρακαλοῦντες,</span> <span class='ocrx_word' id='word_1_113' title='bbox 1483 1523 1669 1591; x_wconf 81' lang='grc' dir='ltr'>ἄφετε.</span> <span class='ocrx_word' id='word_1_114' title='bbox 1719 1522 1810 1592; x_wconf 82' lang='grc' dir='ltr'><strong>Μὴ</strong></span> <span class='ocrx_word' id='word_1_115' title='bbox 1866 1538 1995 1575; x_wconf 90' lang='grc' dir='ltr'>κατ-</span> 
     </span>
    </p>
   </div>
   <div class='ocr_carea' id='block_1_18' title="bbox 430 1609 1995 1683">
    <p class='ocr_par' dir='ltr' id='par_1_18' title="bbox 430 1609 1995 1683">
     <span class='ocr_line' id='line_1_18' title="bbox 430 1609 1995 1683; baseline 0.003 -22"><span class='ocrx_word' id='word_1_116' title='bbox 430 1609 686 1681; x_wconf 86' lang='grc' dir='ltr'>ισχύσητε</span> <span class='ocrx_word' id='word_1_117' title='bbox 724 1611 1121 1683; x_wconf 76' lang='grc' dir='ltr'>παρακαλέσαι.</span> <span class='ocrx_word' id='word_1_118' title='bbox 1150 1613 1297 1683; x_wconf 84' lang='grc' dir='ltr'>Βαρὺ</span> <span class='ocrx_word' id='word_1_119' title='bbox 1332 1613 1595 1666; x_wconf 84' lang='grc' dir='ltr'>πενθείτω</span> <span class='ocrx_word' id='word_1_120' title='bbox 1639 1615 1670 1683; x_wconf 80' lang='grc' dir='ltr'><strong>η</strong></span> <span class='ocrx_word' id='word_1_121' title='bbox 1699 1615 1861 1683; x_wconf 86' lang='grc' dir='ltr'>χήρα.</span> <span class='ocrx_word' id='word_1_122' title='bbox 1904 1615 1995 1666; x_wconf 87' lang='grc' dir='ltr'>Αί-</span> 
     </span>
    </p>
   </div>
   <div class='ocr_carea' id='block_1_19' title="bbox 432 1701 1995 1776">
    <p class='ocr_par' dir='ltr' id='par_1_19' title="bbox 432 1701 1995 1776">
     <span class='ocr_line' id='line_1_19' title="bbox 432 1701 1995 1776; baseline 0.003 -22"><span class='ocrx_word' id='word_1_123' title='bbox 432 1702 638 1756; x_wconf 79' lang='grc' dir='ltr'>σθέσθω</span> <span class='ocrx_word' id='word_1_124' title='bbox 658 1702 758 1773; x_wconf 83' lang='grc' dir='ltr'>τῆς</span> <span class='ocrx_word' id='word_1_125' title='bbox 792 1704 994 1773; x_wconf 80' lang='grc' dir='ltr'><strong>ζημίας</strong></span> <span class='ocrx_word' id='word_1_126' title='bbox 1017 1701 1086 1774; x_wconf 78' lang='grc' dir='ltr'>ἧς</span> <span class='ocrx_word' id='word_1_127' title='bbox 1112 1705 1434 1776; x_wconf 79' lang='grc' dir='ltr'>ἐζημίωται.</span> <span class='ocrx_word' id='word_1_128' title='bbox 1470 1705 1659 1758; x_wconf 82' lang='grc' dir='ltr'>Καίτοι</span> <span class='ocrx_word' id='word_1_129' title='bbox 1681 1706 1779 1759; x_wconf 72' lang='grc' dir='ltr'><strong>οὐκ</strong></span> <span class='ocrx_word' id='word_1_130' title='bbox 1800 1706 1995 1776; x_wconf 80' lang='grc' dir='ltr'>ἀμελέ-</span> 
     </span>
    </p>
   </div>
   <div class='ocr_carea' id='block_1_20' title="bbox 427 1764 2069 1867">
    <p class='ocr_par' dir='ltr' id='par_1_20' title="bbox 427 1764 2069 1867">
     <span class='ocr_line' id='line_1_20' title="bbox 427 1764 2069 1867; baseline 0.005 -25"><span class='ocrx_word' id='word_1_131' title='bbox 427 1791 586 1858; x_wconf 89' lang='grc' dir='ltr'>τητός</span> <span class='ocrx_word' id='word_1_132' title='bbox 625 1764 750 1845; x_wconf 52' lang='grc' dir='ltr'>ἐστιή</span> <span class='ocrx_word' id='word_1_133' title='bbox 778 1764 879 1846; x_wconf 56' lang='grc' dir='ltr'><strong>τὸέξ</strong></span> <span class='ocrx_word' id='word_1_134' title='bbox 904 1764 1291 1866; x_wconf 37' lang='grc' dir='ltr'>χώριῆωύΐέν</span> <span class='ocrx_word' id='word_1_135' title='bbox 1325 1798 1437 1859; x_wconf 82' lang='grc' dir='ltr'>τοῖς</span> <span class='ocrx_word' id='word_1_136' title='bbox 1474 1795 1648 1863; x_wconf 83' lang='grc' dir='ltr'>ἀγῶσι</span> <span class='ocrx_word' id='word_1_137' title='bbox 1703 1796 1796 1849; x_wconf 82' lang='grc' dir='ltr'>τοῦ</span> <span class='ocrx_word' id='word_1_138' title='bbox 1830 1764 1993 1867; x_wconf 80' lang='grc' dir='ltr'>ἀθλη-</span> <span class='ocrx_word' id='word_1_139' title='bbox 2024 1764 2069 1825; x_wconf 62' lang='grc' dir='ltr'><strong>Β</strong></span> 
     </span>
    </p>
   </div>
   <div class='ocr_carea' id='block_1_21' title="bbox 427 1882 1994 1959">
    <p class='ocr_par' dir='ltr' id='par_1_21' title="bbox 427 1882 1994 1959">
     <span class='ocr_line' id='line_1_21' title="bbox 427 1882 1994 1959; baseline 0.006 -25"><span class='ocrx_word' id='word_1_140' title='bbox 427 1882 520 1935; x_wconf 80' lang='grc' dir='ltr'>τοῦ</span> <span class='ocrx_word' id='word_1_141' title='bbox 575 1884 957 1954; x_wconf 82' lang='grc' dir='ltr'>προεθισθεῖσα</span> <span class='ocrx_word' id='word_1_142' title='bbox 1006 1887 1191 1957; x_wconf 83' lang='grc' dir='ltr'>φέρειν</span> <span class='ocrx_word' id='word_1_143' title='bbox 1234 1886 1332 1958; x_wconf 83' lang='grc' dir='ltr'>τὴν</span> <span class='ocrx_word' id='word_1_144' title='bbox 1387 1888 1642 1957; x_wconf 85' lang='grc' dir='ltr'>μόνωσιν.</span> <span class='ocrx_word' id='word_1_145' title='bbox 1698 1889 1994 1959; x_wconf 83' lang='grc' dir='ltr'>Μέμνησοε</span> 
     </span>
    </p>
   </div>
   <div class='ocr_carea' id='block_1_22' title="bbox 429 1974 1994 2049">
    <p class='ocr_par' dir='ltr' id='par_1_22' title="bbox 429 1974 1994 2049">
     <span class='ocr_line' id='line_1_22' title="bbox 429 1974 1994 2049; baseline 0.006 -25"><span class='ocrx_word' id='word_1_146' title='bbox 429 1974 644 2037; x_wconf 87' lang='grc' dir='ltr'>πάντως</span> <span class='ocrx_word' id='word_1_147' title='bbox 672 1976 819 2039; x_wconf 82' lang='grc' dir='ltr'>ὅπως</span> <span class='ocrx_word' id='word_1_148' title='bbox 850 1976 979 2047; x_wconf 82' lang='grc' dir='ltr'>ὑμῖν</span> <span class='ocrx_word' id='word_1_149' title='bbox 1011 1980 1041 2032; x_wconf 90' lang='lat'><strong>6</strong></span> <span class='ocrx_word' id='word_1_150' title='bbox 1079 1977 1185 2048; x_wconf 88' lang='grc' dir='ltr'><strong>πρὸ</strong></span> <span class='ocrx_word' id='word_1_151' title='bbox 1231 1977 1388 2049; x_wconf 80' lang='grc' dir='ltr'>ἡμῶν</span> <span class='ocrx_word' id='word_1_152' title='bbox 1419 1978 1575 2047; x_wconf 83' lang='grc' dir='ltr'>λόγος</span> <span class='ocrx_word' id='word_1_153' title='bbox 1610 1981 1735 2043; x_wconf 78' lang='grc' dir='ltr'>τοὺς</span> <span class='ocrx_word' id='word_1_154' title='bbox 1776 1981 1994 2049; x_wconf 82' lang='grc' dir='ltr'>ἀγῶνας</span> 
     </span>
    </p>
   </div>
   <div class='ocr_carea' id='block_1_23' title="bbox 426 2061 1993 2140">
    <p class='ocr_par' dir='ltr' id='par_1_23' title="bbox 426 2061 1993 2140">
     <span class='ocr_line' id='line_1_23' title="bbox 426 2061 1993 2140; baseline 0.005 -25"><span class='ocrx_word' id='word_1_155' title='bbox 426 2061 521 2115; x_wconf 80' lang='grc' dir='ltr'><strong>τοῦ</strong></span> <span class='ocrx_word' id='word_1_156' title='bbox 564 2063 754 2134; x_wconf 82' lang='grc' dir='ltr'>ἀνδρὸς</span> <span class='ocrx_word' id='word_1_157' title='bbox 782 2064 1113 2135; x_wconf 82' lang='grc' dir='ltr'>διηγήσατο,</span> <span class='ocrx_word' id='word_1_158' title='bbox 1163 2066 1245 2120; x_wconf 83' lang='grc' dir='ltr'>ὅτι</span> <span class='ocrx_word' id='word_1_159' title='bbox 1290 2065 1378 2119; x_wconf 82' lang='grc' dir='ltr'><strong>διὰ</strong></span> <span class='ocrx_word' id='word_1_160' title='bbox 1412 2067 1627 2120; x_wconf 88' lang='grc' dir='ltr'>πάντων</span> <span class='ocrx_word' id='word_1_161' title='bbox 1674 2067 1852 2138; x_wconf 81' lang='grc' dir='ltr'>τιμῶν</span> <span class='ocrx_word' id='word_1_162' title='bbox 1894 2070 1993 2140; x_wconf 81' lang='grc' dir='ltr'><strong>τὴν</strong></span> 
     </span>
    </p>
   </div>
   <div class='ocr_carea' id='block_1_24' title="bbox 428 2154 1994 2232">
    <p class='ocr_par' dir='ltr' id='par_1_24' title="bbox 428 2154 1994 2232">
     <span class='ocr_line' id='line_1_24' title="bbox 428 2154 1994 2232; baseline 0.004 -26"><span class='ocrx_word' id='word_1_163' title='bbox 428 2154 589 2221; x_wconf 84' lang='grc' dir='ltr'>ἁγίαν</span> <span class='ocrx_word' id='word_1_164' title='bbox 625 2156 847 2226; x_wconf 86' lang='grc' dir='ltr'>Τριάδα,</span> <span class='ocrx_word' id='word_1_165' title='bbox 878 2158 971 2210; x_wconf 76' lang='grc' dir='ltr'><strong>καὶ</strong></span> <span class='ocrx_word' id='word_1_166' title='bbox 1015 2159 1072 2210; x_wconf 87' lang='grc' dir='ltr'><strong>ἐν</strong></span> <span class='ocrx_word' id='word_1_167' title='bbox 1112 2158 1190 2228; x_wconf 84' lang='grc' dir='ltr'>τῷ</span> <span class='ocrx_word' id='word_1_168' title='bbox 1232 2158 1448 2228; x_wconf 85' lang='grc' dir='ltr'>ἀριθμῷ</span> <span class='ocrx_word' id='word_1_169' title='bbox 1474 2158 1581 2212; x_wconf 80' lang='grc' dir='ltr'>τῶν</span> <span class='ocrx_word' id='word_1_170' title='bbox 1618 2159 1842 2228; x_wconf 86' lang='grc' dir='ltr'>ἀγώνων</span> <span class='ocrx_word' id='word_1_171' title='bbox 1894 2163 1994 2232; x_wconf 84' lang='grc' dir='ltr'>τὴν</span> 
     </span>
    </p>
   </div>
   <div class='ocr_carea' id='block_1_25' title="bbox 425 2244 1993 2322">
    <p class='ocr_par' dir='ltr' id='par_1_25' title="bbox 425 2244 1993 2322">
     <span class='ocr_line' id='line_1_25' title="bbox 425 2244 1993 2322; baseline 0.006 -26"><span class='ocrx_word' id='word_1_172' title='bbox 425 2244 589 2316; x_wconf 77' lang='grc' dir='ltr'>τιμὴν</span> <span class='ocrx_word' id='word_1_173' title='bbox 638 2246 966 2315; x_wconf 84' lang='grc' dir='ltr'>διεσώσατο,</span> <span class='ocrx_word' id='word_1_174' title='bbox 1023 2251 1168 2320; x_wconf 80' lang='grc' dir='ltr'>τρισὶ</span> <span class='ocrx_word' id='word_1_175' title='bbox 1204 2251 1527 2321; x_wconf 82' lang='grc' dir='ltr'>πειρασμῶν</span> <span class='ocrx_word' id='word_1_176' title='bbox 1558 2252 1890 2322; x_wconf 80' lang='grc' dir='ltr'>προσϐολαῖς·</span> <span class='ocrx_word' id='word_1_177' title='bbox 1907 2255 1993 2306; x_wconf 87' lang='grc' dir='ltr'>ἐν-</span> 
     </span>
    </p>
   </div>
   <div class='ocr_carea' id='block_1_26' title="bbox 426 2339 1991 2413">
    <p class='ocr_par' dir='ltr' id='par_1_26' title="bbox 426 2339 1991 2413">
     <span class='ocr_line' id='line_1_26' title="bbox 426 2339 1991 2413; baseline 0.004 -22"><span class='ocrx_word' id='word_1_178' title='bbox 426 2339 685 2408; x_wconf 65' lang='grc' dir='ltr'>αῖέλήσας.</span> <span class='ocrx_word' id='word_1_179' title='bbox 720 2339 1017 2394; x_wconf 76' lang='grc' dir='ltr'>Ἠκούσατε</span> <span class='ocrx_word' id='word_1_180' title='bbox 1046 2342 1147 2413; x_wconf 81' lang='grc' dir='ltr'>τὴν</span> <span class='ocrx_word' id='word_1_181' title='bbox 1172 2344 1490 2398; x_wconf 79' lang='grc' dir='ltr'>ἀκολουθίαν</span> <span class='ocrx_word' id='word_1_182' title='bbox 1523 2344 1633 2397; x_wconf 83' lang='grc' dir='ltr'><strong>τῶν</strong></span> <span class='ocrx_word' id='word_1_183' title='bbox 1662 2345 1859 2411; x_wconf 85' lang='grc' dir='ltr'>πόνων,</span> <span class='ocrx_word' id='word_1_184' title='bbox 1882 2342 1991 2411; x_wconf 75' lang='grc' dir='ltr'>οἶος</span> 
     </span>
    </p>
   </div>
   <div class='ocr_carea' id='block_1_27' title="bbox 426 2428 1989 2509">
    <p class='ocr_par' dir='ltr' id='par_1_27' title="bbox 426 2428 1989 2509">
     <span class='ocr_line' id='line_1_27' title="bbox 426 2428 1989 2509; baseline 0.006 -27"><span class='ocrx_word' id='word_1_185' title='bbox 426 2431 482 2482; x_wconf 91' lang='grc' dir='ltr'><strong>ἐν</strong></span> <span class='ocrx_word' id='word_1_186' title='bbox 528 2431 783 2502; x_wconf 82' lang='grc' dir='ltr'>πρώτοις,</span> <span class='ocrx_word' id='word_1_187' title='bbox 815 2428 924 2497; x_wconf 70' lang='grc' dir='ltr'>οἷος</span> <span class='ocrx_word' id='word_1_188' title='bbox 965 2434 1025 2485; x_wconf 85' lang='grc' dir='ltr'><strong>ἐν</strong></span> <span class='ocrx_word' id='word_1_189' title='bbox 1058 2434 1260 2503; x_wconf 80' lang='grc' dir='ltr'>μέσοις,</span> <span class='ocrx_word' id='word_1_190' title='bbox 1295 2436 1353 2489; x_wconf 86' lang='grc' dir='ltr'><strong>ἐν</strong></span> <span class='ocrx_word' id='word_1_191' title='bbox 1394 2436 1721 2500; x_wconf 84' lang='grc' dir='ltr'>τελευταίοις</span> <span class='ocrx_word' id='word_1_192' title='bbox 1762 2433 1872 2501; x_wconf 75' lang='grc' dir='ltr'>οἷος</span> <span class='ocrx_word' id='word_1_193' title='bbox 1901 2434 1989 2509; x_wconf 77' lang='grc' dir='ltr'>ἦν.</span> 
     </span>
    </p>
   </div>
   <div class='ocr_carea' id='block_1_28' title="bbox 424 2521 1992 2598">
    <p class='ocr_par' dir='ltr' id='par_1_28' title="bbox 424 2521 1992 2598">
     <span class='ocr_line' id='line_1_28' title="bbox 424 2521 1992 2598; baseline 0.006 -25"><span class='ocrx_word' id='word_1_194' title='bbox 424 2521 689 2593; x_wconf 77' lang='grc' dir='ltr'>Περιττὴν</span> <span class='ocrx_word' id='word_1_195' title='bbox 736 2524 904 2593; x_wconf 85' lang='grc' dir='ltr'>κρίνω</span> <span class='ocrx_word' id='word_1_196' title='bbox 946 2524 1044 2595; x_wconf 84' lang='grc' dir='ltr'>τὴν</span> <span class='ocrx_word' id='word_1_197' title='bbox 1077 2526 1390 2598; x_wconf 81' lang='grc' dir='ltr'>παράληψιν</span> <span class='ocrx_word' id='word_1_198' title='bbox 1418 2527 1527 2581; x_wconf 86' lang='grc' dir='ltr'><strong>τῶν</strong></span> <span class='ocrx_word' id='word_1_199' title='bbox 1559 2528 1861 2598; x_wconf 81' lang='grc' dir='ltr'>είρημένων</span> <span class='ocrx_word' id='word_1_200' title='bbox 1895 2548 1992 2583; x_wconf 86' lang='grc' dir='ltr'>κα-</span> 
     </span>
    </p>
   </div>
   <div class='ocr_carea' id='block_1_29' title="bbox 422 2606 1989 2689">
    <p class='ocr_par' dir='ltr' id='par_1_29' title="bbox 422 2606 1989 2689">
     <span class='ocr_line' id='line_1_29' title="bbox 422 2606 1989 2689; baseline 0.008 -29"><span class='ocrx_word' id='word_1_201' title='bbox 422 2606 548 2672; x_wconf 83' lang='grc' dir='ltr'>λῶς,</span> <span class='ocrx_word' id='word_1_202' title='bbox 598 2611 756 2664; x_wconf 86' lang='grc' dir='ltr'><strong>Ἀλλά</strong></span> <span class='ocrx_word' id='word_1_203' title='bbox 798 2611 1050 2665; x_wconf 81' lang='grc' dir='ltr'>τοσοῦτον</span> <span class='ocrx_word' id='word_1_204' title='bbox 1081 2616 1252 2668; x_wconf 84' lang='grc' dir='ltr'>εἰπεῖν</span> <span class='ocrx_word' id='word_1_205' title='bbox 1297 2617 1426 2679; x_wconf 73' lang='grc' dir='ltr'>ἴσως</span> <span class='ocrx_word' id='word_1_206' title='bbox 1449 2616 1550 2670; x_wconf 82' lang='grc' dir='ltr'>οὐκ</span> <span class='ocrx_word' id='word_1_207' title='bbox 1578 2616 1825 2689; x_wconf 71' lang='grc' dir='ltr'>ἄκαιρον·</span> <span class='ocrx_word' id='word_1_208' title='bbox 1861 2620 1989 2673; x_wconf 88' lang='grc' dir='ltr'>Ὅτε</span> 
     </span>
    </p>
   </div>
   <div class='ocr_carea' id='block_1_30' title="bbox 422 2698 1991 2783">
    <p class='ocr_par' dir='ltr' id='par_1_30' title="bbox 422 2698 1991 2783">
     <span class='ocr_line' id='line_1_30' title="bbox 422 2698 1991 2783; baseline 0.009 -31"><span class='ocrx_word' id='word_1_209' title='bbox 422 2698 483 2752; x_wconf 78' lang='grc' dir='ltr'><strong>τὸ</strong></span> <span class='ocrx_word' id='word_1_210' title='bbox 535 2702 748 2772; x_wconf 85' lang='grc' dir='ltr'>πρῶτον</span> <span class='ocrx_word' id='word_1_211' title='bbox 794 2698 934 2756; x_wconf 78' lang='grc' dir='ltr'>εἶδεν</span> <span class='ocrx_word' id='word_1_212' title='bbox 979 2707 1013 2775; x_wconf 72' lang='grc' dir='ltr'><strong>ἡ</strong></span> <span class='ocrx_word' id='word_1_213' title='bbox 1060 2705 1291 2777; x_wconf 77' lang='grc' dir='ltr'>σώφρων</span> <span class='ocrx_word' id='word_1_214' title='bbox 1344 2709 1637 2778; x_wconf 84' lang='grc' dir='ltr'>Ἐκκλησία</span> <span class='ocrx_word' id='word_1_215' title='bbox 1685 2712 1865 2783; x_wconf 86' lang='grc' dir='ltr'>ἐκείνη</span> <span class='ocrx_word' id='word_1_216' title='bbox 1898 2713 1991 2766; x_wconf 80' lang='grc' dir='ltr'>τὸν</span> 
     </span>
    </p>
   </div>
   <div class='ocr_carea' id='block_1_31' title="bbox 421 2789 1991 2873">
    <p class='ocr_par' dir='ltr' id='par_1_31' title="bbox 421 2789 1991 2873">
     <span class='ocr_line' id='line_1_31' title="bbox 421 2789 1991 2873; baseline 0.008 -29"><span class='ocrx_word' id='word_1_217' title='bbox 421 2790 610 2863; x_wconf 80' lang='grc' dir='ltr'>ἀνδρα,</span> <span class='ocrx_word' id='word_1_218' title='bbox 660 2789 796 2847; x_wconf 80' lang='grc' dir='ltr'>εἶδεν</span> <span class='ocrx_word' id='word_1_219' title='bbox 841 2794 1129 2865; x_wconf 86' lang='grc' dir='ltr'>πρόσωπον</span> <span class='ocrx_word' id='word_1_220' title='bbox 1178 2796 1395 2868; x_wconf 84' lang='grc' dir='ltr'>ἀληθῶς</span> <span class='ocrx_word' id='word_1_221' title='bbox 1424 2803 1480 2852; x_wconf 85' lang='grc' dir='ltr'><strong>ἐν</strong></span> <span class='ocrx_word' id='word_1_222' title='bbox 1521 2801 1688 2855; x_wconf 78' lang='grc' dir='ltr'>εικόνι</span> <span class='ocrx_word' id='word_1_223' title='bbox 1731 2804 1865 2855; x_wconf 81' lang='grc' dir='ltr'>Θεοῦ</span> <span class='ocrx_word' id='word_1_224' title='bbox 1901 2822 1991 2873; x_wconf 76' lang='grc' dir='ltr'>με·</span> 
     </span>
    </p>
   </div>
   <div class='ocr_carea' id='block_1_32' title="bbox 425 2882 1988 2964">
    <p class='ocr_par' dir='ltr' id='par_1_32' title="bbox 425 2882 1988 2964">
     <span class='ocr_line' id='line_1_32' title="bbox 425 2882 1988 2964; baseline 0.009 -31"><span class='ocrx_word' id='word_1_225' title='bbox 425 2884 779 2954; x_wconf 85' lang='grc' dir='ltr'>μορφωμένον</span> <span class='ocrx_word' id='word_1_226' title='bbox 799 2901 815 2917; x_wconf 87' lang='grc'><strong>·</strong></span> <span class='ocrx_word' id='word_1_227' title='bbox 848 2882 985 2938; x_wconf 80' lang='grc' dir='ltr'>εἶδεν</span> <span class='ocrx_word' id='word_1_228' title='bbox 1009 2887 1229 2957; x_wconf 82' lang='grc' dir='ltr'>ἀγάπην</span> <span class='ocrx_word' id='word_1_229' title='bbox 1256 2890 1607 2959; x_wconf 80' lang='grc' dir='ltr'>πηγάζουσαν</span> <span class='ocrx_word' id='word_1_230' title='bbox 1624 2909 1639 2925; x_wconf 76' lang='grc'><em>’</em></span> <span class='ocrx_word' id='word_1_231' title='bbox 1665 2888 1806 2946; x_wconf 84' lang='grc' dir='ltr'>εἶδεν</span> <span class='ocrx_word' id='word_1_232' title='bbox 1831 2894 1988 2964; x_wconf 85' lang='grc' dir='ltr'>χάριν</span> 
     </span>
    </p>
   </div>
   <div class='ocr_carea' id='block_1_33' title="bbox 422 2974 1988 3053">
    <p class='ocr_par' dir='ltr' id='par_1_33' title="bbox 422 2974 1988 3053">
     <span class='ocr_line' id='line_1_33' title="bbox 422 2974 1988 3053; baseline 0.008 -28"><span class='ocrx_word' id='word_1_233' title='bbox 422 2974 860 3045; x_wconf 79' lang='grc' dir='ltr'>περικεχυμένην</span> <span class='ocrx_word' id='word_1_234' title='bbox 906 2979 1017 3040; x_wconf 77' lang='grc' dir='ltr'>τοῖς</span> <span class='ocrx_word' id='word_1_235' title='bbox 1066 2976 1298 3045; x_wconf 75' lang='grc' dir='ltr'>χείλεσιο</span> <span class='ocrx_word' id='word_1_236' title='bbox 1353 2982 1846 3053; x_wconf 79' lang='grc' dir='ltr'>ταπεινοφροσύνης</span> <span class='ocrx_word' id='word_1_237' title='bbox 1898 2985 1988 3038; x_wconf 79' lang='grc' dir='ltr'><strong>τὸν</strong></span> 
     </span>
    </p>
   </div>
   <div class='ocr_carea' id='block_1_34' title="bbox 420 3063 2056 3153">
    <p class='ocr_par' dir='ltr' id='par_1_34' title="bbox 420 3063 2056 3153">
     <span class='ocr_line' id='line_1_34' title="bbox 420 3063 2056 3153; baseline 0.007 -38"><span class='ocrx_word' id='word_1_238' title='bbox 420 3063 715 3133; x_wconf 83' lang='grc' dir='ltr'>ἀκρότατον</span> <span class='ocrx_word' id='word_1_239' title='bbox 770 3064 925 3153; x_wconf 68' lang='grc' dir='ltr'>δρονο</span> <span class='ocrx_word' id='word_1_240' title='bbox 978 3064 1097 3134; x_wconf 81' lang='grc' dir='ltr'>μεθ’</span> <span class='ocrx_word' id='word_1_241' title='bbox 1145 3065 1205 3118; x_wconf 79' lang='grc' dir='ltr'>ὃν</span> <span class='ocrx_word' id='word_1_242' title='bbox 1248 3066 1348 3119; x_wconf 78' lang='grc' dir='ltr'><strong>οὐκ</strong></span> <span class='ocrx_word' id='word_1_243' title='bbox 1394 3066 1540 3121; x_wconf 82' lang='grc' dir='ltr'>ἔστιν</span> <span class='ocrx_word' id='word_1_244' title='bbox 1596 3071 1877 3141; x_wconf 80' lang='grc' dir='ltr'>ἐπινοῆσαι</span> <span class='ocrx_word' id='word_1_245' title='bbox 1925 3074 1985 3127; x_wconf 72' lang='grc' dir='ltr'>τὸ</span> <span class='ocrx_word' id='word_1_246' title='bbox 2012 3095 2056 3153; x_wconf 78' lang='lat' dir='ltr'><strong><em>C</em></strong></span> 
     </span>
    </p>
   </div>
   <div class='ocr_carea' id='block_1_35' title="bbox 421 3152 1983 3227">
    <p class='ocr_par' dir='ltr' id='par_1_35' title="bbox 421 3152 1983 3227">
     <span class='ocr_line' id='line_1_35' title="bbox 421 3152 1983 3227; baseline 0.008 -23"><span class='ocrx_word' id='word_1_247' title='bbox 421 3153 616 3205; x_wconf 84' lang='grc' dir='ltr'>πλέον·</span> <span class='ocrx_word' id='word_1_248' title='bbox 675 3152 816 3206; x_wconf 86' lang='grc' dir='ltr'>κατὰ</span> <span class='ocrx_word' id='word_1_249' title='bbox 860 3154 950 3205; x_wconf 81' lang='grc' dir='ltr'><strong>τὸν</strong></span> <span class='ocrx_word' id='word_1_250' title='bbox 998 3154 1179 3215; x_wconf 74' lang='grc' dir='ltr'>Δαόὶδ,</span> <span class='ocrx_word' id='word_1_251' title='bbox 1213 3160 1312 3226; x_wconf 83' lang='grc' dir='ltr'>τὴν</span> <span class='ocrx_word' id='word_1_252' title='bbox 1360 3158 1673 3227; x_wconf 84' lang='grc' dir='ltr'>πραότητα·</span> <span class='ocrx_word' id='word_1_253' title='bbox 1725 3163 1863 3215; x_wconf 74' lang='grc' dir='ltr'>κατὰ</span> <span class='ocrx_word' id='word_1_254' title='bbox 1892 3165 1983 3217; x_wconf 76' lang='grc' dir='ltr'><strong>τὸν</strong></span> 
     </span>
    </p>
   </div>
   <div class='ocr_carea' id='block_1_36' title="bbox 420 3247 1988 3327">
    <p class='ocr_par' dir='ltr' id='par_1_36' title="bbox 420 3247 1988 3327">
     <span class='ocr_line' id='line_1_36' title="bbox 420 3247 1988 3327; baseline 0.006 -29"><span class='ocrx_word' id='word_1_255' title='bbox 420 3247 879 3317; x_wconf 81' lang='grc' dir='ltr'>Σολομῶντα,τὴν</span> <span class='ocrx_word' id='word_1_256' title='bbox 908 3248 1122 3301; x_wconf 84' lang='grc' dir='ltr'>σύνεσιν</span> <span class='ocrx_word' id='word_1_257' title='bbox 1147 3267 1160 3281; x_wconf 89' lang='grc'><strong>·</strong></span> <span class='ocrx_word' id='word_1_258' title='bbox 1200 3251 1336 3303; x_wconf 82' lang='grc' dir='ltr'>κατὰ</span> <span class='ocrx_word' id='word_1_259' title='bbox 1360 3253 1449 3303; x_wconf 80' lang='grc' dir='ltr'>τὸν</span> <span class='ocrx_word' id='word_1_260' title='bbox 1477 3254 1699 3316; x_wconf 86' lang='grc' dir='ltr'>Μωσέα,</span> <span class='ocrx_word' id='word_1_261' title='bbox 1726 3256 1823 3327; x_wconf 80' lang='grc' dir='ltr'>τὴν</span> <span class='ocrx_word' id='word_1_262' title='bbox 1854 3258 1988 3326; x_wconf 82' lang='grc' dir='ltr'>ἀγα-</span> 
     </span>
    </p>
   </div>
   <div class='ocr_carea' id='block_1_37' title="bbox 422 3332 1988 3410">
    <p class='ocr_par' dir='ltr' id='par_1_37' title="bbox 422 3332 1988 3410">
     <span class='ocr_line' id='line_1_37' title="bbox 422 3332 1988 3410; baseline 0.011 -27"><span class='ocrx_word' id='word_1_263' title='bbox 422 3332 647 3403; x_wconf 80' lang='grc' dir='ltr'>οότητα’</span> <span class='ocrx_word' id='word_1_264' title='bbox 684 3334 825 3386; x_wconf 86' lang='grc' dir='ltr'><strong>κατά</strong></span> <span class='ocrx_word' id='word_1_265' title='bbox 845 3336 932 3388; x_wconf 84' lang='grc' dir='ltr'><strong>τὸν</strong></span> <span class='ocrx_word' id='word_1_266' title='bbox 962 3337 1230 3407; x_wconf 66' lang='grc' dir='ltr'>Σαμουὴλ,</span> <span class='ocrx_word' id='word_1_267' title='bbox 1268 3338 1366 3410; x_wconf 79' lang='grc' dir='ltr'><strong>τὴν</strong></span> <span class='ocrx_word' id='word_1_268' title='bbox 1392 3340 1704 3410; x_wconf 75' lang='grc' dir='ltr'>ἀκρίϐειανο</span> <span class='ocrx_word' id='word_1_269' title='bbox 1733 3346 1873 3398; x_wconf 77' lang='grc' dir='ltr'>κατὰ</span> <span class='ocrx_word' id='word_1_270' title='bbox 1896 3348 1988 3401; x_wconf 85' lang='grc' dir='ltr'><strong>τὸν</strong></span> 
     </span>
    </p>
   </div>
   <div class='ocr_carea' id='block_1_38' title="bbox 432 3421 1988 3506">
    <p class='ocr_par' dir='ltr' id='par_1_38' title="bbox 432 3421 1988 3506">
     <span class='ocr_line' id='line_1_38' title="bbox 432 3421 1988 3506; baseline 0.01 -34"><span class='ocrx_word' id='word_1_271' title='bbox 432 3421 662 3491; x_wconf 76' lang='grc' dir='ltr'>Ἰωσὴφ,</span> <span class='ocrx_word' id='word_1_272' title='bbox 710 3422 809 3493; x_wconf 80' lang='grc' dir='ltr'><strong>τὴν</strong></span> <span class='ocrx_word' id='word_1_273' title='bbox 862 3425 1246 3495; x_wconf 76' lang='grc' dir='ltr'>σωφροσύνην·</span> <span class='ocrx_word' id='word_1_274' title='bbox 1290 3427 1429 3480; x_wconf 87' lang='grc' dir='ltr'><strong>κατά</strong></span> <span class='ocrx_word' id='word_1_275' title='bbox 1470 3428 1566 3482; x_wconf 80' lang='grc' dir='ltr'><strong>τὸν</strong></span> <span class='ocrx_word' id='word_1_276' title='bbox 1618 3432 1834 3503; x_wconf 83' lang='grc' dir='ltr'>Δανιὴλ,</span> <span class='ocrx_word' id='word_1_277' title='bbox 1888 3434 1988 3506; x_wconf 85' lang='grc' dir='ltr'>τὴν</span> 
     </span>
    </p>
   </div>
   <div class='ocr_carea' id='block_1_39' title="bbox 424 3512 1990 3593">
    <p class='ocr_par' dir='ltr' id='par_1_39' title="bbox 424 3512 1990 3593">
     <span class='ocr_line' id='line_1_39' title="bbox 424 3512 1990 3593; baseline 0.01 -30"><span class='ocrx_word' id='word_1_278' title='bbox 424 3512 613 3578; x_wconf 82' lang='grc' dir='ltr'>σοφίαν</span> <span class='ocrx_word' id='word_1_279' title='bbox 633 3529 647 3543; x_wconf 85' lang='grc'><strong>·</strong></span> <span class='ocrx_word' id='word_1_280' title='bbox 689 3513 829 3565; x_wconf 74' lang='grc' dir='ltr'>κατὰ</span> <span class='ocrx_word' id='word_1_281' title='bbox 854 3514 942 3566; x_wconf 84' lang='grc' dir='ltr'><strong>τὸν</strong></span> <span class='ocrx_word' id='word_1_282' title='bbox 972 3515 1141 3584; x_wconf 81' lang='grc' dir='ltr'>μέγαν</span> <span class='ocrx_word' id='word_1_283' title='bbox 1181 3517 1386 3581; x_wconf 82' lang='grc' dir='ltr'>Ἠλίαν,</span> <span class='ocrx_word' id='word_1_284' title='bbox 1416 3520 1474 3572; x_wconf 84' lang='grc' dir='ltr'><strong>ἐν</strong></span> <span class='ocrx_word' id='word_1_285' title='bbox 1503 3519 1581 3584; x_wconf 84' lang='grc' dir='ltr'><strong>τῷ</strong></span> <span class='ocrx_word' id='word_1_286' title='bbox 1609 3521 1753 3591; x_wconf 78' lang='grc' dir='ltr'><strong>ζήλῳ</strong></span> <span class='ocrx_word' id='word_1_287' title='bbox 1770 3524 1871 3593; x_wconf 81' lang='grc' dir='ltr'>τῆς</span> <span class='ocrx_word' id='word_1_288' title='bbox 1898 3526 1990 3578; x_wconf 84' lang='grc' dir='ltr'>πί-</span> 
     </span>
    </p>
   </div>
   <div class='ocr_carea' id='block_1_40' title="bbox 423 3603 1988 3688">
    <p class='ocr_par' dir='ltr' id='par_1_40' title="bbox 423 3603 1988 3688">
     <span class='ocr_line' id='line_1_40' title="bbox 423 3603 1988 3688; baseline 0.01 -35"><span class='ocrx_word' id='word_1_289' title='bbox 423 3617 624 3663; x_wconf 73' lang='grc' dir='ltr'>στεως·</span> <span class='ocrx_word' id='word_1_290' title='bbox 660 3603 801 3656; x_wconf 85' lang='grc' dir='ltr'><strong>κατά</strong></span> <span class='ocrx_word' id='word_1_291' title='bbox 844 3604 936 3657; x_wconf 83' lang='grc' dir='ltr'><strong>τὸν</strong></span> <span class='ocrx_word' id='word_1_292' title='bbox 985 3605 1186 3675; x_wconf 69' lang='grc' dir='ltr'>ὑψηλὸν</span> <span class='ocrx_word' id='word_1_293' title='bbox 1245 3609 1516 3680; x_wconf 81' lang='grc' dir='ltr'>Ἰωάννην,</span> <span class='ocrx_word' id='word_1_294' title='bbox 1545 3610 1605 3663; x_wconf 85' lang='grc' dir='ltr'><strong>ἐν</strong></span> <span class='ocrx_word' id='word_1_295' title='bbox 1640 3615 1706 3683; x_wconf 81' lang='grc' dir='ltr'>τῇ</span> <span class='ocrx_word' id='word_1_296' title='bbox 1753 3615 1988 3688; x_wconf 69' lang='grc' dir='ltr'>ἁφθορίᾳ</span> 
     </span>
    </p>
   </div>
   <div class='ocr_carea' id='block_1_41' title="bbox 417 3690 1987 3774">
    <p class='ocr_par' dir='ltr' id='par_1_41' title="bbox 417 3690 1987 3774">
     <span class='ocr_line' id='line_1_41' title="bbox 417 3690 1987 3774; baseline 0.009 -32"><span class='ocrx_word' id='word_1_297' title='bbox 417 3690 513 3743; x_wconf 81' lang='grc' dir='ltr'><strong>τοῦ</strong></span> <span class='ocrx_word' id='word_1_298' title='bbox 542 3690 792 3762; x_wconf 86' lang='grc' dir='ltr'>σώματος</span> <span class='ocrx_word' id='word_1_299' title='bbox 813 3710 827 3726; x_wconf 88' lang='grc'><strong>·</strong></span> <span class='ocrx_word' id='word_1_300' title='bbox 874 3695 1014 3749; x_wconf 87' lang='grc' dir='ltr'><strong>κατά</strong></span> <span class='ocrx_word' id='word_1_301' title='bbox 1055 3696 1146 3749; x_wconf 76' lang='grc' dir='ltr'><strong>τὸν</strong></span> <span class='ocrx_word' id='word_1_302' title='bbox 1179 3698 1407 3763; x_wconf 80' lang='grc' dir='ltr'>Παῦλον,</span> <span class='ocrx_word' id='word_1_303' title='bbox 1442 3702 1501 3752; x_wconf 85' lang='grc' dir='ltr'><strong>ἐν</strong></span> <span class='ocrx_word' id='word_1_304' title='bbox 1537 3702 1603 3770; x_wconf 79' lang='grc' dir='ltr'>τῇ</span> <span class='ocrx_word' id='word_1_305' title='bbox 1636 3702 1987 3774; x_wconf 83' lang='grc' dir='ltr'>ἀνυπερθέτῳ</span> 
     </span>
    </p>
   </div>
   <div class='ocr_carea' id='block_1_42' title="bbox 418 3781 1988 3863">
    <p class='ocr_par' dir='ltr' id='par_1_42' title="bbox 418 3781 1988 3863">
     <span class='ocr_line' id='line_1_42' title="bbox 418 3781 1988 3863; baseline 0.008 -29"><span class='ocrx_word' id='word_1_306' title='bbox 418 3782 630 3854; x_wconf 77' lang='grc' dir='ltr'>ἀγάπῃ.</span> <span class='ocrx_word' id='word_1_307' title='bbox 658 3781 811 3837; x_wconf 86' lang='grc' dir='ltr'>Εἷδεν</span> <span class='ocrx_word' id='word_1_308' title='bbox 831 3786 1095 3840; x_wconf 83' lang='grc' dir='ltr'>τοσούτων</span> <span class='ocrx_word' id='word_1_309' title='bbox 1124 3788 1340 3856; x_wconf 81' lang='grc' dir='ltr'>ἀγαθῶν</span> <span class='ocrx_word' id='word_1_310' title='bbox 1371 3790 1671 3862; x_wconf 83' lang='grc' dir='ltr'>συνδρομὴν</span> <span class='ocrx_word' id='word_1_311' title='bbox 1700 3793 1827 3863; x_wconf 76' lang='grc' dir='ltr'>περὶ</span> <span class='ocrx_word' id='word_1_312' title='bbox 1858 3795 1988 3863; x_wconf 86' lang='grc' dir='ltr'>μίαν</span> 
     </span>
    </p>
   </div>
   <div class='ocr_carea' id='block_1_43' title="bbox 417 3873 1988 3953">
    <p class='ocr_par' dir='ltr' id='par_1_43' title="bbox 417 3873 1988 3953">
     <span class='ocr_line' id='line_1_43' title="bbox 417 3873 1988 3953; baseline 0.015 -38"><span class='ocrx_word' id='word_1_313' title='bbox 417 3873 625 3943; x_wconf 72' lang='grc' dir='ltr'>ψυχήν·</span> <span class='ocrx_word' id='word_1_314' title='bbox 671 3874 883 3945; x_wconf 76' lang='grc' dir='ltr'>ἐτρώθη</span> <span class='ocrx_word' id='word_1_315' title='bbox 926 3876 1005 3946; x_wconf 81' lang='grc' dir='ltr'>τῷ</span> <span class='ocrx_word' id='word_1_316' title='bbox 1035 3880 1288 3949; x_wconf 79' lang='grc' dir='ltr'>μακαρίῳ</span> <span class='ocrx_word' id='word_1_317' title='bbox 1324 3879 1505 3949; x_wconf 80' lang='grc' dir='ltr'>ἔρωτι,</span> <span class='ocrx_word' id='word_1_318' title='bbox 1534 3884 1592 3933; x_wconf 87' lang='grc' dir='ltr'>ὲν</span> <span class='ocrx_word' id='word_1_319' title='bbox 1620 3884 1685 3952; x_wconf 76' lang='grc' dir='ltr'>τῇ</span> <span class='ocrx_word' id='word_1_320' title='bbox 1726 3884 1863 3953; x_wconf 79' lang='grc' dir='ltr'>ἁγνῇ</span> <span class='ocrx_word' id='word_1_321' title='bbox 1895 3886 1988 3939; x_wconf 78' lang='grc' dir='ltr'><strong>καὶ</strong></span> 
     </span>
    </p>
   </div>
   <div class='ocr_carea' id='block_1_44' title="bbox 418 3960 1984 4042">
    <p class='ocr_par' dir='ltr' id='par_1_44' title="bbox 418 3960 1984 4042">
     <span class='ocr_line' id='line_1_44' title="bbox 418 3960 1984 4042; baseline 0.007 -28"><span class='ocrx_word' id='word_1_322' title='bbox 418 3960 595 4033; x_wconf 78' lang='grc' dir='ltr'>ἀγαθῇ</span> <span class='ocrx_word' id='word_1_323' title='bbox 620 3962 984 4036; x_wconf 76' lang='grc' dir='ltr'>φιλοφροσύνῃ</span> <span class='ocrx_word' id='word_1_324' title='bbox 1024 3966 1116 4018; x_wconf 79' lang='grc' dir='ltr'><strong>τὸν</strong></span> <span class='ocrx_word' id='word_1_325' title='bbox 1146 3967 1376 4036; x_wconf 75' lang='grc' dir='ltr'>νυμφίον</span> <span class='ocrx_word' id='word_1_326' title='bbox 1405 3968 1608 4038; x_wconf 79' lang='grc' dir='ltr'>ἑαυτῆς</span> <span class='ocrx_word' id='word_1_327' title='bbox 1634 3971 1984 4042; x_wconf 88' lang='grc' dir='ltr'>ἀγαπήσασα.</span> 
     </span>
    </p>
   </div>
   <div class='ocr_carea' id='block_1_45' title="bbox 431 4053 1988 4130">
    <p class='ocr_par' dir='ltr' id='par_1_45' title="bbox 431 4053 1988 4130">
     <span class='ocr_line' id='line_1_45' title="bbox 431 4053 1988 4130; baseline 0.008 -25"><span class='ocrx_word' id='word_1_328' title='bbox 431 4053 591 4107; x_wconf 85' lang='grc' dir='ltr'>Ἀλλά</span> <span class='ocrx_word' id='word_1_329' title='bbox 618 4054 748 4124; x_wconf 79' lang='grc' dir='ltr'>πρὶν</span> <span class='ocrx_word' id='word_1_330' title='bbox 769 4054 866 4127; x_wconf 82' lang='grc' dir='ltr'>τὴν</span> <span class='ocrx_word' id='word_1_331' title='bbox 890 4055 1179 4124; x_wconf 76' lang='grc' dir='ltr'>ἐπιθυμίαν</span> <span class='ocrx_word' id='word_1_332' title='bbox 1206 4059 1499 4126; x_wconf 77' lang='grc' dir='ltr'>ἐμπλῆσαι,</span> <span class='ocrx_word' id='word_1_333' title='bbox 1527 4060 1656 4130; x_wconf 82' lang='grc' dir='ltr'>πρὶν</span> <span class='ocrx_word' id='word_1_334' title='bbox 1677 4062 1988 4116; x_wconf 79' lang='grc' dir='ltr'>ἀναπαῦσαι</span> 
     </span>
    </p>
   </div>
   <div class='ocr_carea' id='block_1_46' title="bbox 416 4144 1987 4224">
    <p class='ocr_par' dir='ltr' id='par_1_46' title="bbox 416 4144 1987 4224">
     <span class='ocr_line' id='line_1_46' title="bbox 416 4144 1987 4224; baseline 0.004 -26"><span class='ocrx_word' id='word_1_335' title='bbox 416 4144 508 4198; x_wconf 81' lang='grc' dir='ltr'><strong>τὸν</strong></span> <span class='ocrx_word' id='word_1_336' title='bbox 542 4144 725 4210; x_wconf 81' lang='grc' dir='ltr'>πόθον,</span> <span class='ocrx_word' id='word_1_337' title='bbox 752 4145 830 4199; x_wconf 80' lang='grc' dir='ltr'>ἔτι</span> <span class='ocrx_word' id='word_1_338' title='bbox 859 4146 937 4216; x_wconf 82' lang='grc' dir='ltr'>τῷ</span> <span class='ocrx_word' id='word_1_339' title='bbox 966 4146 1173 4219; x_wconf 83' lang='grc' dir='ltr'>φίλτρῳ</span> <span class='ocrx_word' id='word_1_340' title='bbox 1208 4149 1423 4212; x_wconf 77' lang='grc' dir='ltr'>ζέουσα.</span> <span class='ocrx_word' id='word_1_341' title='bbox 1465 4150 1790 4223; x_wconf 87' lang='grc' dir='ltr'>κατελείφθη</span> <span class='ocrx_word' id='word_1_342' title='bbox 1826 4154 1987 4224; x_wconf 83' lang='grc' dir='ltr'>μόνη,</span> 
     </span>
    </p>
   </div>
   <div class='ocr_carea' id='block_1_47' title="bbox 412 4237 1990 4312">
    <p class='ocr_par' dir='ltr' id='par_1_47' title="bbox 412 4237 1990 4312">
     <span class='ocr_line' id='line_1_47' title="bbox 412 4237 1990 4312; baseline 0.008 -25"><span class='ocrx_word' id='word_1_343' title='bbox 412 4237 525 4289; x_wconf 74' lang='grc' dir='ltr'>τῶν</span> <span class='ocrx_word' id='word_1_344' title='bbox 570 4239 892 4308; x_wconf 82' lang='grc' dir='ltr'>πειρασμῶν</span> <span class='ocrx_word' id='word_1_345' title='bbox 928 4240 1021 4293; x_wconf 81' lang='grc' dir='ltr'><strong>τὸν</strong></span> <span class='ocrx_word' id='word_1_346' title='bbox 1073 4240 1309 4311; x_wconf 81' lang='grc' dir='ltr'>ἀθλητὴν</span> <span class='ocrx_word' id='word_1_347' title='bbox 1354 4242 1446 4294; x_wconf 79' lang='grc' dir='ltr'><strong>ἐπὶ</strong></span> <span class='ocrx_word' id='word_1_348' title='bbox 1477 4245 1604 4306; x_wconf 83' lang='grc' dir='ltr'>τοὺς</span> <span class='ocrx_word' id='word_1_349' title='bbox 1635 4244 1852 4312; x_wconf 83' lang='grc' dir='ltr'>ἀγῶνας</span> <span class='ocrx_word' id='word_1_350' title='bbox 1890 4264 1990 4300; x_wconf 81' lang='grc' dir='ltr'>κα-</span> 
     </span>
    </p>
   </div>
   <div class='ocr_carea' id='block_1_48' title="bbox 417 4325 1987 4403">
    <p class='ocr_par' dir='ltr' id='par_1_48' title="bbox 417 4325 1987 4403">
     <span class='ocr_line' id='line_1_48' title="bbox 417 4325 1987 4403; baseline 0.007 -25"><span class='ocrx_word' id='word_1_351' title='bbox 417 4325 670 4380; x_wconf 89' lang='grc' dir='ltr'>λούντων.</span> <span class='ocrx_word' id='word_1_352' title='bbox 708 4328 818 4380; x_wconf 78' lang='grc' dir='ltr'>Καὶ</span> <span class='ocrx_word' id='word_1_353' title='bbox 846 4331 873 4381; x_wconf 89' lang='lat'><strong>6</strong></span> <span class='ocrx_word' id='word_1_354' title='bbox 902 4329 999 4397; x_wconf 80' lang='grc' dir='ltr'>μὲν</span> <span class='ocrx_word' id='word_1_355' title='bbox 1037 4330 1248 4399; x_wconf 83' lang='grc' dir='ltr'>ἐνήθλει</span> <span class='ocrx_word' id='word_1_356' title='bbox 1281 4334 1392 4393; x_wconf 85' lang='grc' dir='ltr'>τοῖς</span> <span class='ocrx_word' id='word_1_357' title='bbox 1421 4331 1559 4402; x_wconf 78' lang='grc' dir='ltr'>ὑπὲρ</span> <span class='ocrx_word' id='word_1_358' title='bbox 1586 4333 1687 4403; x_wconf 84' lang='grc' dir='ltr'>τῆς</span> <span class='ocrx_word' id='word_1_359' title='bbox 1708 4336 1987 4400; x_wconf 77' lang='grc' dir='ltr'>εὐσεϐείας</span> 
     </span>
    </p>
   </div>
   <div class='ocr_carea' id='block_1_49' title="bbox 2094 520 3659 591">
    <p class='ocr_par' dir='ltr' id='par_1_49' title="bbox 2094 520 3659 591">
     <span class='ocr_line' id='line_1_49' title="bbox 2094 520 3659 591; baseline -0.005 -15"><span class='ocrx_word' id='word_1_360' title='bbox 2094 525 2198 585; x_wconf 68' lang='lat' dir='ltr'><strong>die,</strong></span> <span class='ocrx_word' id='word_1_361' title='bbox 2251 533 2305 577; x_wconf 91' lang='lat' dir='ltr'><strong>et</strong></span> <span class='ocrx_word' id='word_1_362' title='bbox 2345 522 2506 591; x_wconf 87' lang='lat' dir='ltr'><strong>panni</strong></span> <span class='ocrx_word' id='word_1_363' title='bbox 2559 520 2759 585; x_wconf 89' lang='lat' dir='ltr'><strong>serici;</strong></span> <span class='ocrx_word' id='word_1_364' title='bbox 2810 526 3208 588; x_wconf 81' lang='lat' dir='ltr'><strong>unguentorum</strong></span> <span class='ocrx_word' id='word_1_365' title='bbox 3263 524 3319 572; x_wconf 86' lang='lat' dir='ltr'><strong>et</strong></span> <span class='ocrx_word' id='word_1_366' title='bbox 3356 524 3659 571; x_wconf 86' lang='lat' dir='ltr'><strong>aromatum</strong></span> 
     </span>
    </p>
   </div>
   <div class='ocr_carea' id='block_1_50' title="bbox 2096 608 3660 687">
    <p class='ocr_par' dir='ltr' id='par_1_50' title="bbox 2096 608 3660 687">
     <span class='ocr_line' id='line_1_50' title="bbox 2096 608 3660 687; baseline -0.007 -16"><span class='ocrx_word' id='word_1_367' title='bbox 2096 618 2317 687; x_wconf 85' lang='lat' dir='ltr'><strong>largitas</strong></span> <span class='ocrx_word' id='word_1_368' title='bbox 2366 625 2419 671; x_wconf 88' lang='lat' dir='ltr'><strong>ct</strong></span> <span class='ocrx_word' id='word_1_369' title='bbox 2452 615 2808 677; x_wconf 86' lang='lat' dir='ltr'><strong>abundantia,</strong></span> <span class='ocrx_word' id='word_1_370' title='bbox 2859 611 3155 666; x_wconf 85' lang='lat' dir='ltr'><strong>liberalitas</strong></span> <span class='ocrx_word' id='word_1_371' title='bbox 3188 608 3432 664; x_wconf 79' lang='lat' dir='ltr'><strong>mulieris</strong></span> <span class='ocrx_word' id='word_1_372' title='bbox 3481 615 3537 663; x_wconf 89' lang='lat' dir='ltr'><strong>et</strong></span> <span class='ocrx_word' id='word_1_373' title='bbox 3566 624 3660 662; x_wconf 84' lang='lat' dir='ltr'><strong>or-</strong></span> 
     </span>
    </p>
   </div>
   <div class='ocr_carea' id='block_1_51' title="bbox 2095 697 3661 763">
    <p class='ocr_par' dir='ltr' id='par_1_51' title="bbox 2095 697 3661 763">
     <span class='ocr_line' id='line_1_51' title="bbox 2095 697 3661 763; baseline -0.007 -2"><span class='ocrx_word' id='word_1_374' title='bbox 2095 716 2235 761; x_wconf 69' lang='lat' dir='ltr'><strong>nata:</strong></span> <span class='ocrx_word' id='word_1_375' title='bbox 2276 715 2331 761; x_wconf 93' lang='lat' dir='ltr'><strong>et</strong></span> <span class='ocrx_word' id='word_1_376' title='bbox 2370 706 2633 760; x_wconf 64' lang='lat' dir='ltr'><strong>honesta&#39;.</strong></span> <span class='ocrx_word' id='word_1_377' title='bbox 2672 703 2890 757; x_wconf 76' lang='lat' dir='ltr'><strong>Dicetur</strong></span> <span class='ocrx_word' id='word_1_378' title='bbox 2927 703 3095 763; x_wconf 85' lang='lat' dir='ltr'><strong>enim,</strong></span> <span class='ocrx_word' id='word_1_379' title='bbox 3154 710 3214 754; x_wconf 90' lang='lat' dir='ltr'><strong>ut</strong></span> <span class='ocrx_word' id='word_1_380' title='bbox 3247 700 3411 755; x_wconf 89' lang='lat' dir='ltr'><strong>etiam</strong></span> <span class='ocrx_word' id='word_1_381' title='bbox 3460 699 3573 752; x_wconf 64' lang='lat' dir='ltr'><strong>haec</strong></span> <span class='ocrx_word' id='word_1_382' title='bbox 3610 697 3661 751; x_wconf 88' lang='lat' dir='ltr'><strong>ei</strong></span> 
     </span>
    </p>
   </div>
   <div class='ocr_carea' id='block_1_52' title="bbox 2097 788 3659 864">
    <p class='ocr_par' dir='ltr' id='par_1_52' title="bbox 2097 788 3659 864">
     <span class='ocr_line' id='line_1_52' title="bbox 2097 788 3659 864; baseline -0.01 -10"><span class='ocrx_word' id='word_1_383' title='bbox 2097 798 2407 854; x_wconf 89' lang='lat' dir='ltr'><strong>testimonio</strong></span> <span class='ocrx_word' id='word_1_384' title='bbox 2450 799 2580 859; x_wconf 88' lang='lat' dir='ltr'><strong>sint,</strong></span> <span class='ocrx_word' id='word_1_385' title='bbox 2635 810 2755 864; x_wconf 73' lang='lat' dir='ltr'><strong>quae</strong></span> <span class='ocrx_word' id='word_1_386' title='bbox 2796 808 2923 862; x_wconf 84' lang='lat' dir='ltr'><strong>erga</strong></span> <span class='ocrx_word' id='word_1_387' title='bbox 2958 791 3297 846; x_wconf 88' lang='lat' dir='ltr'><strong>sacerdotem</strong></span> <span class='ocrx_word' id='word_1_388' title='bbox 3349 788 3494 853; x_wconf 89' lang='lat' dir='ltr'><strong>fecit,</strong></span> <span class='ocrx_word' id='word_1_389' title='bbox 3533 802 3659 841; x_wconf 90' lang='lat' dir='ltr'><strong>cum</strong></span> 
     </span>
    </p>
   </div>
   <div class='ocr_carea' id='block_1_53' title="bbox 2095 880 3660 955">
    <p class='ocr_par' dir='ltr' id='par_1_53' title="bbox 2095 880 3660 955">
     <span class='ocr_line' id='line_1_53' title="bbox 2095 880 3660 955; baseline -0.006 -11"><span class='ocrx_word' id='word_1_390' title='bbox 2095 890 2423 944; x_wconf 74' lang='lat' dir='ltr'><strong>alabastrum</strong></span> <span class='ocrx_word' id='word_1_391' title='bbox 2470 887 2730 955; x_wconf 75' lang='lat' dir='ltr'><strong>unguenti</strong></span> <span class='ocrx_word' id='word_1_392' title='bbox 2779 887 3001 955; x_wconf 75' lang='lat' dir='ltr'><strong>largiter</strong></span> <span class='ocrx_word' id='word_1_393' title='bbox 3044 886 3098 938; x_wconf 91' lang='lat' dir='ltr'><strong>in</strong></span> <span class='ocrx_word' id='word_1_394' title='bbox 3143 891 3309 951; x_wconf 86' lang='lat' dir='ltr'><strong>caput</strong></span> <span class='ocrx_word' id='word_1_395' title='bbox 3356 880 3660 937; x_wconf 83' lang='lat' dir='ltr'><strong>sacerdotis</strong></span> 
     </span>
    </p>
   </div>
   <div class='ocr_carea' id='block_1_54' title="bbox 2094 975 3660 1051">
    <p class='ocr_par' dir='ltr' id='par_1_54' title="bbox 2094 975 3660 1051">
     <span class='ocr_line' id='line_1_54' title="bbox 2094 975 3660 1051; baseline -0.009 -14"><span class='ocrx_word' id='word_1_396' title='bbox 2094 982 2305 1037; x_wconf 77' lang='lat' dir='ltr'><strong>eliudit.</strong></span> <span class='ocrx_word' id='word_1_397' title='bbox 2322 981 2427 1036; x_wconf 86' lang='lat' dir='ltr'><strong>Sed</strong></span> <span class='ocrx_word' id='word_1_398' title='bbox 2446 980 2589 1051; x_wconf 88' lang='lat' dir='ltr'><strong>quod</strong></span> <span class='ocrx_word' id='word_1_399' title='bbox 2612 981 2667 1033; x_wconf 92' lang='lat' dir='ltr'><strong>in</strong></span> <span class='ocrx_word' id='word_1_400' title='bbox 2688 980 2771 1035; x_wconf 90' lang='lat' dir='ltr'><strong>his</strong></span> <span class='ocrx_word' id='word_1_401' title='bbox 2792 986 3065 1041; x_wconf 82' lang='lat' dir='ltr'><strong>servatur,</strong></span> <span class='ocrx_word' id='word_1_402' title='bbox 3087 975 3256 1045; x_wconf 87' lang='lat' dir='ltr'><strong>quid?</strong></span> <span class='ocrx_word' id='word_1_403' title='bbox 3277 988 3400 1029; x_wconf 88' lang='lat' dir='ltr'><strong>ossa</strong></span> <span class='ocrx_word' id='word_1_404' title='bbox 3422 980 3660 1033; x_wconf 86' lang='lat' dir='ltr'><strong>mortua,</strong></span> 
     </span>
    </p>
   </div>
   <div class='ocr_carea' id='block_1_55' title="bbox 2095 1065 3657 1144">
    <p class='ocr_par' dir='ltr' id='par_1_55' title="bbox 2095 1065 3657 1144">
     <span class='ocr_line' id='line_1_55' title="bbox 2095 1065 3657 1144; baseline -0.007 -18"><span class='ocrx_word' id='word_1_405' title='bbox 2095 1090 2215 1144; x_wconf 71' lang='lat' dir='ltr'><strong>quae</strong></span> <span class='ocrx_word' id='word_1_406' title='bbox 2241 1080 2294 1128; x_wconf 89' lang='lat' dir='ltr'><strong>et</strong></span> <span class='ocrx_word' id='word_1_407' title='bbox 2328 1081 2456 1126; x_wconf 88' lang='lat' dir='ltr'><strong>ante</strong></span> <span class='ocrx_word' id='word_1_408' title='bbox 2488 1079 2741 1134; x_wconf 87' lang='lat' dir='ltr'><strong>mortem,</strong></span> <span class='ocrx_word' id='word_1_409' title='bbox 2773 1069 3157 1123; x_wconf 75' lang='lat' dir='ltr'><strong>mortalitatem</strong></span> <span class='ocrx_word' id='word_1_410' title='bbox 3192 1065 3446 1119; x_wconf 85' lang='lat' dir='ltr'><strong>meditata</strong></span> <span class='ocrx_word' id='word_1_411' title='bbox 3464 1070 3657 1118; x_wconf 84' lang='lat' dir='ltr'><strong>erant:</strong></span> 
     </span>
    </p>
   </div>
   <div class='ocr_carea' id='block_1_56' title="bbox 2096 1151 3660 1218">
    <p class='ocr_par' dir='ltr' id='par_1_56' title="bbox 2096 1151 3660 1218">
     <span class='ocr_line' id='line_1_56' title="bbox 2096 1151 3660 1218; baseline -0.008 0"><span class='ocrx_word' id='word_1_412' title='bbox 2096 1165 2323 1218; x_wconf 82' lang='lat' dir='ltr'><strong>molesta</strong></span> <span class='ocrx_word' id='word_1_413' title='bbox 2381 1163 2753 1216; x_wconf 80' lang='lat' dir='ltr'><strong>calamitatum</strong></span> <span class='ocrx_word' id='word_1_414' title='bbox 2819 1168 3129 1214; x_wconf 86' lang='lat' dir='ltr'><strong>nostrarum</strong></span> <span class='ocrx_word' id='word_1_415' title='bbox 3189 1161 3558 1211; x_wconf 88' lang='lat' dir='ltr'><strong>monumenta.</strong></span> <span class='ocrx_word' id='word_1_416' title='bbox 3614 1151 3660 1206; x_wconf 92' lang='grc' dir='ltr'><strong>Ο</strong></span> 
     </span>
    </p>
   </div>
   <div class='ocr_carea' id='block_1_57' title="bbox 2095 1244 3662 1325">
    <p class='ocr_par' dir='ltr' id='par_1_57' title="bbox 2095 1244 3662 1325">
     <span class='ocr_line' id='line_1_57' title="bbox 2095 1244 3662 1325; baseline -0.006 -17"><span class='ocrx_word' id='word_1_417' title='bbox 2095 1257 2271 1325; x_wconf 85' lang='lat' dir='ltr'><strong>qualis</strong></span> <span class='ocrx_word' id='word_1_418' title='bbox 2293 1271 2395 1307; x_wconf 79' lang='lat' dir='ltr'><strong>vox</strong></span> <span class='ocrx_word' id='word_1_419' title='bbox 2423 1270 2615 1307; x_wconf 83' lang='lat' dir='ltr'><strong>rursus</strong></span> <span class='ocrx_word' id='word_1_420' title='bbox 2638 1254 2693 1305; x_wconf 82' lang='lat' dir='ltr'><strong>in</strong></span> <span class='ocrx_word' id='word_1_421' title='bbox 2726 1252 2889 1304; x_wconf 81' lang='lat' dir='ltr'><strong>Rama</strong></span> <span class='ocrx_word' id='word_1_422' title='bbox 2914 1252 3163 1304; x_wconf 81' lang='lat' dir='ltr'><strong>audietur</strong></span> <span class='ocrx_word' id='word_1_423' title='bbox 3189 1250 3201 1301; x_wconf 92' lang='lat'><strong>!</strong></span> <span class='ocrx_word' id='word_1_424' title='bbox 3229 1247 3427 1302; x_wconf 81' lang='lat' dir='ltr'><strong>Rachel</strong></span> <span class='ocrx_word' id='word_1_425' title='bbox 3457 1244 3662 1299; x_wconf 80' lang='lat' dir='ltr'><strong>deﬂens</strong></span> 
     </span>
    </p>
   </div>
   <div class='ocr_carea' id='block_1_58' title="bbox 2096 1337 3663 1407">
    <p class='ocr_par' dir='ltr' id='par_1_58' title="bbox 2096 1337 3663 1407">
     <span class='ocr_line' id='line_1_58' title="bbox 2096 1337 3663 1407; baseline -0.005 -8"><span class='ocrx_word' id='word_1_426' title='bbox 2096 1362 2203 1399; x_wconf 86' lang='lat' dir='ltr'><strong>non</strong></span> <span class='ocrx_word' id='word_1_427' title='bbox 2243 1347 2382 1400; x_wconf 88' lang='lat' dir='ltr'><strong>lilios</strong></span> <span class='ocrx_word' id='word_1_428' title='bbox 2408 1361 2558 1407; x_wconf 88' lang='lat' dir='ltr'><strong>suos,</strong></span> <span class='ocrx_word' id='word_1_429' title='bbox 2597 1343 2693 1398; x_wconf 87' lang='lat' dir='ltr'><strong>sed</strong></span> <span class='ocrx_word' id='word_1_430' title='bbox 2723 1344 2898 1397; x_wconf 88' lang='lat' dir='ltr'><strong>virum</strong></span> <span class='ocrx_word' id='word_1_431' title='bbox 2927 1357 3108 1406; x_wconf 86' lang='lat' dir='ltr'><strong>suum,</strong></span> <span class='ocrx_word' id='word_1_432' title='bbox 3146 1350 3200 1394; x_wconf 92' lang='lat' dir='ltr'><strong>et</strong></span> <span class='ocrx_word' id='word_1_433' title='bbox 3228 1354 3335 1392; x_wconf 87' lang='lat' dir='ltr'><strong>non</strong></span> <span class='ocrx_word' id='word_1_434' title='bbox 3366 1337 3663 1391; x_wconf 87' lang='lat' dir='ltr'><strong>admittens</strong></span> 
     </span>
    </p>
   </div>
   <div class='ocr_carea' id='block_1_59' title="bbox 2094 1428 3659 1494">
    <p class='ocr_par' dir='ltr' id='par_1_59' title="bbox 2094 1428 3659 1494">
     <span class='ocr_line' id='line_1_59' title="bbox 2094 1428 3659 1494; baseline -0.005 -7"><span class='ocrx_word' id='word_1_435' title='bbox 2094 1434 2548 1489; x_wconf 88' lang='lat' dir='ltr'><strong>consolationem.</strong></span> <span class='ocrx_word' id='word_1_436' title='bbox 2588 1432 2854 1493; x_wconf 87' lang='lat' dir='ltr'><strong>Omittite.</strong></span> <span class='ocrx_word' id='word_1_437' title='bbox 2899 1448 2932 1487; x_wconf 91' lang='grc' dir='ltr'><strong>ο</strong></span> <span class='ocrx_word' id='word_1_438' title='bbox 2974 1431 3346 1494; x_wconf 87' lang='lat' dir='ltr'><strong>consolantes,</strong></span> <span class='ocrx_word' id='word_1_439' title='bbox 3385 1428 3659 1483; x_wconf 84' lang='lat' dir='ltr'><strong>omittite:</strong></span> 
     </span>
    </p>
   </div>
   <div class='ocr_carea' id='block_1_60' title="bbox 2096 1518 3661 1579">
    <p class='ocr_par' dir='ltr' id='par_1_60' title="bbox 2096 1518 3661 1579">
     <span class='ocr_line' id='line_1_60' title="bbox 2096 1518 3661 1579; baseline -0.006 0"><span class='ocrx_word' id='word_1_440' title='bbox 2096 1526 2261 1579; x_wconf 88' lang='lat' dir='ltr'><strong>nolite</strong></span> <span class='ocrx_word' id='word_1_441' title='bbox 2285 1526 2615 1579; x_wconf 84' lang='lat' dir='ltr'><strong>contendere</strong></span> <span class='ocrx_word' id='word_1_442' title='bbox 2643 1532 2702 1577; x_wconf 85' lang='lat' dir='ltr'><strong>ut</strong></span> <span class='ocrx_word' id='word_1_443' title='bbox 2729 1521 3109 1577; x_wconf 88' lang='lat' dir='ltr'><strong>consolemini.</strong></span> <span class='ocrx_word' id='word_1_444' title='bbox 3136 1520 3386 1574; x_wconf 79' lang='lat' dir='ltr'><strong>Graviter</strong></span> <span class='ocrx_word' id='word_1_445' title='bbox 3413 1518 3571 1579; x_wconf 85' lang='lat' dir='ltr'><strong>ferat,</strong></span> <span class='ocrx_word' id='word_1_446' title='bbox 3604 1524 3661 1571; x_wconf 88' lang='lat' dir='ltr'><strong>et</strong></span> 
     </span>
    </p>
   </div>
   <div class='ocr_carea' id='block_1_61' title="bbox 2097 1611 3662 1687">
    <p class='ocr_par' dir='ltr' id='par_1_61' title="bbox 2097 1611 3662 1687">
     <span class='ocr_line' id='line_1_61' title="bbox 2097 1611 3662 1687; baseline -0.004 -16"><span class='ocrx_word' id='word_1_447' title='bbox 2097 1618 2277 1687; x_wconf 80' lang='lat' dir='ltr'><strong>lugeat</strong></span> <span class='ocrx_word' id='word_1_448' title='bbox 2323 1617 2504 1671; x_wconf 87' lang='lat' dir='ltr'><strong>vidua.</strong></span> <span class='ocrx_word' id='word_1_449' title='bbox 2539 1617 2751 1672; x_wconf 86' lang='lat' dir='ltr'><strong>Sentiat</strong></span> <span class='ocrx_word' id='word_1_450' title='bbox 2795 1615 3053 1669; x_wconf 85' lang='lat' dir='ltr'><strong>damnum</strong></span> <span class='ocrx_word' id='word_1_451' title='bbox 3096 1614 3239 1684; x_wconf 90' lang='lat' dir='ltr'><strong>quod</strong></span> <span class='ocrx_word' id='word_1_452' title='bbox 3296 1611 3443 1666; x_wconf 89' lang='lat' dir='ltr'><strong>fecit.</strong></span> <span class='ocrx_word' id='word_1_453' title='bbox 3472 1611 3662 1676; x_wconf 87' lang='lat' dir='ltr'><strong>Quan-</strong></span> 
     </span>
    </p>
   </div>
   <div class='ocr_carea' id='block_1_62' title="bbox 2096 1701 3657 1777">
    <p class='ocr_par' dir='ltr' id='par_1_62' title="bbox 2096 1701 3657 1777">
     <span class='ocr_line' id='line_1_62' title="bbox 2096 1701 3657 1777; baseline -0.004 -17"><span class='ocrx_word' id='word_1_454' title='bbox 2096 1722 2395 1777; x_wconf 89' lang='lat' dir='ltr'><strong>quamnon</strong></span> <span class='ocrx_word' id='word_1_455' title='bbox 2443 1708 2695 1775; x_wconf 86' lang='lat' dir='ltr'><strong>imperita</strong></span> <span class='ocrx_word' id='word_1_456' title='bbox 2746 1706 3105 1761; x_wconf 84' lang='lat' dir='ltr'><strong>discessionis</strong></span> <span class='ocrx_word' id='word_1_457' title='bbox 3155 1714 3258 1766; x_wconf 88' lang='lat' dir='ltr'><strong>est,</strong></span> <span class='ocrx_word' id='word_1_458' title='bbox 3312 1713 3371 1756; x_wconf 92' lang='lat' dir='ltr'><strong>ut</strong></span> <span class='ocrx_word' id='word_1_459' title='bbox 3397 1717 3518 1773; x_wconf 70' lang='lat' dir='ltr'><strong>qua:</strong></span> <span class='ocrx_word' id='word_1_460' title='bbox 3544 1701 3657 1770; x_wconf 87' lang='lat' dir='ltr'><strong>jam</strong></span> 
     </span>
    </p>
   </div>
   <div class='ocr_carea' id='block_1_63' title="bbox 2097 1791 3663 1865">
    <p class='ocr_par' dir='ltr' id='par_1_63' title="bbox 2097 1791 3663 1865">
     <span class='ocr_line' id='line_1_63' title="bbox 2097 1791 3663 1865; baseline -0.006 -12"><span class='ocrx_word' id='word_1_461' title='bbox 2097 1808 2252 1854; x_wconf 82' lang='lat' dir='ltr'><strong>antea</strong></span> <span class='ocrx_word' id='word_1_462' title='bbox 2278 1799 2333 1853; x_wconf 90' lang='lat' dir='ltr'><strong>in</strong></span> <span class='ocrx_word' id='word_1_463' title='bbox 2373 1799 2654 1853; x_wconf 82' lang='lat' dir='ltr'><strong>laboribus</strong></span> <span class='ocrx_word' id='word_1_464' title='bbox 2684 1796 3191 1865; x_wconf 82' lang='lat' dir='ltr'><strong>certaminibusque</strong></span> <span class='ocrx_word' id='word_1_465' title='bbox 3219 1793 3437 1848; x_wconf 71' lang='lat' dir='ltr'><strong>athleta:</strong></span> <span class='ocrx_word' id='word_1_466' title='bbox 3468 1791 3663 1845; x_wconf 84' lang='lat' dir='ltr'><strong>solitu—</strong></span> 
     </span>
    </p>
   </div>
   <div class='ocr_carea' id='block_1_64' title="bbox 2094 1880 3661 1944">
    <p class='ocr_par' dir='ltr' id='par_1_64' title="bbox 2094 1880 3661 1944">
     <span class='ocr_line' id='line_1_64' title="bbox 2094 1880 3661 1944; baseline -0.006 -2"><span class='ocrx_word' id='word_1_467' title='bbox 2094 1889 2275 1944; x_wconf 89' lang='lat' dir='ltr'><strong>dinem</strong></span> <span class='ocrx_word' id='word_1_468' title='bbox 2306 1904 2368 1943; x_wconf 88' lang='lat' dir='ltr'><strong>ac</strong></span> <span class='ocrx_word' id='word_1_469' title='bbox 2394 1888 2804 1944; x_wconf 83' lang='lat' dir='ltr'><strong>destitutionem</strong></span> <span class='ocrx_word' id='word_1_470' title='bbox 2846 1889 2990 1942; x_wconf 86' lang='lat' dir='ltr'><strong>ferre</strong></span> <span class='ocrx_word' id='word_1_471' title='bbox 3014 1883 3320 1941; x_wconf 80' lang='lat' dir='ltr'><strong>assuefacta</strong></span> <span class='ocrx_word' id='word_1_472' title='bbox 3351 1882 3441 1936; x_wconf 93' lang='lat' dir='ltr'><strong>sit.</strong></span> <span class='ocrx_word' id='word_1_473' title='bbox 3475 1880 3661 1944; x_wconf 78' lang='lat' dir='ltr'><strong>Memi-</strong></span> 
     </span>
    </p>
   </div>
   <div class='ocr_carea' id='block_1_65' title="bbox 2095 1971 3662 2048">
    <p class='ocr_par' dir='ltr' id='par_1_65' title="bbox 2095 1971 3662 2048">
     <span class='ocr_line' id='line_1_65' title="bbox 2095 1971 3662 2048; baseline -0.008 -13"><span class='ocrx_word' id='word_1_474' title='bbox 2095 1980 2254 2035; x_wconf 90' lang='lat' dir='ltr'><strong>nistis</strong></span> <span class='ocrx_word' id='word_1_475' title='bbox 2284 1982 2529 2043; x_wconf 90' lang='lat' dir='ltr'><strong>omnino,</strong></span> <span class='ocrx_word' id='word_1_476' title='bbox 2568 1977 3021 2048; x_wconf 84' lang='lat' dir='ltr'><strong>quemadmodum</strong></span> <span class='ocrx_word' id='word_1_477' title='bbox 3048 1975 3203 2031; x_wconf 85' lang='lat' dir='ltr'><strong>vobis</strong></span> <span class='ocrx_word' id='word_1_478' title='bbox 3237 1981 3364 2027; x_wconf 83' lang='lat' dir='ltr'><strong>ante</strong></span> <span class='ocrx_word' id='word_1_479' title='bbox 3392 1971 3534 2025; x_wconf 87' lang='lat' dir='ltr'><strong>hanc</strong></span> <span class='ocrx_word' id='word_1_480' title='bbox 3562 1985 3662 2023; x_wconf 88' lang='lat' dir='ltr'><strong>no-</strong></span> 
     </span>
    </p>
   </div>
   <div class='ocr_carea' id='block_1_66' title="bbox 2094 2057 3660 2132">
    <p class='ocr_par' dir='ltr' id='par_1_66' title="bbox 2094 2057 3660 2132">
     <span class='ocr_line' id='line_1_66' title="bbox 2094 2057 3660 2132; baseline -0.008 -10"><span class='ocrx_word' id='word_1_481' title='bbox 2094 2076 2261 2122; x_wconf 85' lang='lat' dir='ltr'><strong>stram</strong></span> <span class='ocrx_word' id='word_1_482' title='bbox 2315 2068 2499 2123; x_wconf 85' lang='lat' dir='ltr'><strong>habita</strong></span> <span class='ocrx_word' id='word_1_483' title='bbox 2547 2066 2725 2121; x_wconf 86' lang='lat' dir='ltr'><strong>oratio</strong></span> <span class='ocrx_word' id='word_1_484' title='bbox 2757 2065 2975 2123; x_wconf 80' lang='lat' dir='ltr'><strong>labores</strong></span> <span class='ocrx_word' id='word_1_485' title='bbox 3020 2070 3184 2132; x_wconf 87' lang='lat' dir='ltr'><strong>atque</strong></span> <span class='ocrx_word' id='word_1_486' title='bbox 3213 2061 3514 2116; x_wconf 84' lang='lat' dir='ltr'><strong>certamina</strong></span> <span class='ocrx_word' id='word_1_487' title='bbox 3555 2057 3660 2111; x_wconf 89' lang='lat' dir='ltr'><strong>viri</strong></span> 
     </span>
    </p>
   </div>
   <div class='ocr_carea' id='block_1_67' title="bbox 2092 2151 3658 2228">
    <p class='ocr_par' dir='ltr' id='par_1_67' title="bbox 2092 2151 3658 2228">
     <span class='ocr_line' id='line_1_67' title="bbox 2092 2151 3658 2228; baseline -0.006 -15"><span class='ocrx_word' id='word_1_488' title='bbox 2092 2156 2367 2227; x_wconf 75' lang='lat' dir='ltr'><strong>exposuit,</strong></span> <span class='ocrx_word' id='word_1_489' title='bbox 2402 2158 2547 2228; x_wconf 84' lang='lat' dir='ltr'><strong>quod</strong></span> <span class='ocrx_word' id='word_1_490' title='bbox 2571 2172 2694 2213; x_wconf 89' lang='lat' dir='ltr'><strong>cum</strong></span> <span class='ocrx_word' id='word_1_491' title='bbox 2732 2172 2830 2226; x_wconf 86' lang='lat' dir='ltr'><strong>per</strong></span> <span class='ocrx_word' id='word_1_492' title='bbox 2853 2157 3040 2211; x_wconf 85' lang='lat' dir='ltr'><strong>omnia</strong></span> <span class='ocrx_word' id='word_1_493' title='bbox 3068 2162 3313 2209; x_wconf 85' lang='lat' dir='ltr'><strong>sanctam</strong></span> <span class='ocrx_word' id='word_1_494' title='bbox 3335 2151 3658 2207; x_wconf 85' lang='lat' dir='ltr'><strong>Trinitatem</strong></span> 
     </span>
    </p>
   </div>
   <div class='ocr_carea' id='block_1_68' title="bbox 2093 2243 3658 2314">
    <p class='ocr_par' dir='ltr' id='par_1_68' title="bbox 2093 2243 3658 2314">
     <span class='ocr_line' id='line_1_68' title="bbox 2093 2243 3658 2314; baseline -0.008 -9"><span class='ocrx_word' id='word_1_495' title='bbox 2093 2250 2407 2314; x_wconf 85' lang='lat' dir='ltr'><strong>honoraret,</strong></span> <span class='ocrx_word' id='word_1_496' title='bbox 2436 2249 2602 2304; x_wconf 91' lang='lat' dir='ltr'><strong>etiam</strong></span> <span class='ocrx_word' id='word_1_497' title='bbox 2645 2248 2698 2302; x_wconf 90' lang='lat' dir='ltr'><strong>in</strong></span> <span class='ocrx_word' id='word_1_498' title='bbox 2730 2263 2961 2303; x_wconf 89' lang='lat' dir='ltr'><strong>numero</strong></span> <span class='ocrx_word' id='word_1_499' title='bbox 2997 2244 3357 2301; x_wconf 88' lang='lat' dir='ltr'><strong>certaminum</strong></span> <span class='ocrx_word' id='word_1_500' title='bbox 3396 2243 3658 2296; x_wconf 85' lang='lat' dir='ltr'><strong>honorem</strong></span> 
     </span>
    </p>
   </div>
   <div class='ocr_carea' id='block_1_69' title="bbox 2092 2334 3661 2408">
    <p class='ocr_par' dir='ltr' id='par_1_69' title="bbox 2092 2334 3661 2408">
     <span class='ocr_line' id='line_1_69' title="bbox 2092 2334 3661 2408; baseline -0.006 -14"><span class='ocrx_word' id='word_1_501' title='bbox 2092 2341 2521 2407; x_wconf 85' lang='lat' dir='ltr'><strong>conservaverit,</strong></span> <span class='ocrx_word' id='word_1_502' title='bbox 2552 2346 2611 2393; x_wconf 86' lang='lat' dir='ltr'><strong>ut</strong></span> <span class='ocrx_word' id='word_1_503' title='bbox 2648 2340 2742 2408; x_wconf 93' lang='lat' dir='ltr'><strong>qui</strong></span> <span class='ocrx_word' id='word_1_504' title='bbox 2779 2339 2833 2392; x_wconf 92' lang='lat' dir='ltr'><strong>in</strong></span> <span class='ocrx_word' id='word_1_505' title='bbox 2862 2338 3039 2392; x_wconf 88' lang='lat' dir='ltr'><strong>tribus</strong></span> <span class='ocrx_word' id='word_1_506' title='bbox 3078 2335 3438 2391; x_wconf 84' lang='lat' dir='ltr'><strong>tentationum</strong></span> <span class='ocrx_word' id='word_1_507' title='bbox 3472 2334 3661 2389; x_wconf 88' lang='lat' dir='ltr'><strong>incur-</strong></span> 
     </span>
    </p>
   </div>
   <div class='ocr_carea' id='block_1_70' title="bbox 2092 2425 3659 2487">
    <p class='ocr_par' dir='ltr' id='par_1_70' title="bbox 2092 2425 3659 2487">
     <span class='ocr_line' id='line_1_70' title="bbox 2092 2425 3659 2487; baseline -0.006 -1"><span class='ocrx_word' id='word_1_508' title='bbox 2092 2431 2341 2487; x_wconf 87' lang='lat' dir='ltr'><strong>sionibus</strong></span> <span class='ocrx_word' id='word_1_509' title='bbox 2413 2431 2727 2485; x_wconf 88' lang='lat' dir='ltr'><strong>decertarit.</strong></span> <span class='ocrx_word' id='word_1_510' title='bbox 2794 2428 3095 2483; x_wconf 85' lang='lat' dir='ltr'><strong>Audivistis</strong></span> <span class='ocrx_word' id='word_1_511' title='bbox 3163 2425 3659 2485; x_wconf 83' lang='lat' dir='ltr'><strong>continuationem,</strong></span> 
     </span>
    </p>
   </div>
   <div class='ocr_carea' id='block_1_71' title="bbox 2090 2514 3659 2588">
    <p class='ocr_par' dir='ltr' id='par_1_71' title="bbox 2090 2514 3659 2588">
     <span class='ocr_line' id='line_1_71' title="bbox 2090 2514 3659 2588; baseline -0.006 -11"><span class='ocrx_word' id='word_1_512' title='bbox 2090 2531 2402 2577; x_wconf 77' lang='lat' dir='ltr'><strong>contextum</strong></span> <span class='ocrx_word' id='word_1_513' title='bbox 2455 2530 2509 2576; x_wconf 93' lang='lat' dir='ltr'><strong>et</strong></span> <span class='ocrx_word' id='word_1_514' title='bbox 2556 2522 2752 2577; x_wconf 89' lang='lat' dir='ltr'><strong>seriem</strong></span> <span class='ocrx_word' id='word_1_515' title='bbox 2796 2520 3062 2580; x_wconf 86' lang='lat' dir='ltr'><strong>laborum,</strong></span> <span class='ocrx_word' id='word_1_516' title='bbox 3123 2517 3302 2588; x_wconf 83' lang='lat' dir='ltr'><strong>qualis</strong></span> <span class='ocrx_word' id='word_1_517' title='bbox 3346 2517 3399 2571; x_wconf 92' lang='lat' dir='ltr'><strong>in</strong></span> <span class='ocrx_word' id='word_1_518' title='bbox 3450 2514 3659 2585; x_wconf 86' lang='lat' dir='ltr'><strong>primis,</strong></span> 
     </span>
    </p>
   </div>
   <div class='ocr_carea' id='block_1_72' title="bbox 2090 2605 3659 2683">
    <p class='ocr_par' dir='ltr' id='par_1_72' title="bbox 2090 2605 3659 2683">
     <span class='ocr_line' id='line_1_72' title="bbox 2090 2605 3659 2683; baseline -0.005 -17"><span class='ocrx_word' id='word_1_519' title='bbox 2090 2613 2272 2683; x_wconf 87' lang='lat' dir='ltr'><strong>qualis</strong></span> <span class='ocrx_word' id='word_1_520' title='bbox 2302 2612 2354 2665; x_wconf 93' lang='lat' dir='ltr'><strong>in</strong></span> <span class='ocrx_word' id='word_1_521' title='bbox 2386 2613 2600 2679; x_wconf 88' lang='lat' dir='ltr'><strong>mediis,</strong></span> <span class='ocrx_word' id='word_1_522' title='bbox 2629 2610 2810 2682; x_wconf 85' lang='lat' dir='ltr'><strong>qualis</strong></span> <span class='ocrx_word' id='word_1_523' title='bbox 2843 2618 2991 2665; x_wconf 84' lang='lat' dir='ltr'><strong>esset</strong></span> <span class='ocrx_word' id='word_1_524' title='bbox 3034 2609 3087 2662; x_wconf 91' lang='lat' dir='ltr'><strong>in</strong></span> <span class='ocrx_word' id='word_1_525' title='bbox 3112 2606 3421 2677; x_wconf 80' lang='lat' dir='ltr'><strong>postremis.</strong></span> <span class='ocrx_word' id='word_1_526' title='bbox 3453 2605 3659 2674; x_wconf 87' lang='lat' dir='ltr'><strong>Super-</strong></span> 
     </span>
    </p>
   </div>
   <div class='ocr_carea' id='block_1_73' title="bbox 2090 2694 3662 2770">
    <p class='ocr_par' dir='ltr' id='par_1_73' title="bbox 2090 2694 3662 2770">
     <span class='ocr_line' id='line_1_73' title="bbox 2090 2694 3662 2770; baseline -0.006 -15"><span class='ocrx_word' id='word_1_527' title='bbox 2090 2716 2316 2755; x_wconf 81' lang='lat' dir='ltr'><strong>vacuam</strong></span> <span class='ocrx_word' id='word_1_528' title='bbox 2366 2702 2554 2769; x_wconf 88' lang='lat' dir='ltr'><strong>judico</strong></span> <span class='ocrx_word' id='word_1_529' title='bbox 2610 2700 2993 2770; x_wconf 85' lang='lat' dir='ltr'><strong>repetitionem</strong></span> <span class='ocrx_word' id='word_1_530' title='bbox 3033 2698 3169 2753; x_wconf 72' lang='lat' dir='ltr'><strong>belle</strong></span> <span class='ocrx_word' id='word_1_531' title='bbox 3224 2697 3518 2751; x_wconf 89' lang='lat' dir='ltr'><strong>dictorum.</strong></span> <span class='ocrx_word' id='word_1_532' title='bbox 3556 2694 3662 2749; x_wconf 85' lang='lat' dir='ltr'><strong>Sed</strong></span> 
     </span>
    </p>
   </div>
   <div class='ocr_carea' id='block_1_74' title="bbox 2090 2787 3656 2860">
    <p class='ocr_par' dir='ltr' id='par_1_74' title="bbox 2090 2787 3656 2860">
     <span class='ocr_line' id='line_1_74' title="bbox 2090 2787 3656 2860; baseline -0.004 -14"><span class='ocrx_word' id='word_1_533' title='bbox 2090 2800 2300 2847; x_wconf 90' lang='lat' dir='ltr'><strong>tantum</strong></span> <span class='ocrx_word' id='word_1_534' title='bbox 2330 2792 2513 2848; x_wconf 86' lang='lat' dir='ltr'><strong>dicere</strong></span> <span class='ocrx_word' id='word_1_535' title='bbox 2562 2792 2797 2847; x_wconf 77' lang='lat' dir='ltr'><strong>fortasse</strong></span> <span class='ocrx_word' id='word_1_536' title='bbox 2839 2808 2948 2846; x_wconf 85' lang='lat' dir='ltr'><strong>non</strong></span> <span class='ocrx_word' id='word_1_537' title='bbox 2993 2792 3434 2860; x_wconf 85' lang='lat' dir='ltr'><strong>intempestivum</strong></span> <span class='ocrx_word' id='word_1_538' title='bbox 3473 2787 3656 2841; x_wconf 84' lang='lat' dir='ltr'><strong>fuerit.</strong></span> 
     </span>
    </p>
   </div>
   <div class='ocr_carea' id='block_1_75' title="bbox 2090 2877 3660 2951">
    <p class='ocr_par' dir='ltr' id='par_1_75' title="bbox 2090 2877 3660 2951">
     <span class='ocr_line' id='line_1_75' title="bbox 2090 2877 3660 2951; baseline -0.006 -13"><span class='ocrx_word' id='word_1_539' title='bbox 2090 2883 2224 2939; x_wconf 76' lang='lat' dir='ltr'><strong>Cum</strong></span> <span class='ocrx_word' id='word_1_540' title='bbox 2254 2883 2486 2951; x_wconf 87' lang='lat' dir='ltr'><strong>primum</strong></span> <span class='ocrx_word' id='word_1_541' title='bbox 2520 2883 2659 2937; x_wconf 87' lang='lat' dir='ltr'><strong>bene</strong></span> <span class='ocrx_word' id='word_1_542' title='bbox 2686 2889 2899 2937; x_wconf 87' lang='lat' dir='ltr'><strong>morata</strong></span> <span class='ocrx_word' id='word_1_543' title='bbox 2929 2897 2993 2936; x_wconf 92' lang='lat' dir='ltr'><strong>ac</strong></span> <span class='ocrx_word' id='word_1_544' title='bbox 3024 2880 3262 2935; x_wconf 86' lang='lat' dir='ltr'><strong>modesta</strong></span> <span class='ocrx_word' id='word_1_545' title='bbox 3290 2880 3379 2932; x_wconf 90' lang='lat' dir='ltr'><strong>illa</strong></span> <span class='ocrx_word' id='word_1_546' title='bbox 3418 2877 3660 2932; x_wconf 85' lang='lat' dir='ltr'><strong>Ecclesia</strong></span> 
     </span>
    </p>
   </div>
   <div class='ocr_carea' id='block_1_76' title="bbox 2092 2970 3663 3040">
    <p class='ocr_par' dir='ltr' id='par_1_76' title="bbox 2092 2970 3663 3040">
     <span class='ocr_line' id='line_1_76' title="bbox 2092 2970 3663 3040; baseline -0.002 -15"><span class='ocrx_word' id='word_1_547' title='bbox 2092 2974 2264 3027; x_wconf 81' lang='lat' dir='ltr'><strong>virum</strong></span> <span class='ocrx_word' id='word_1_548' title='bbox 2316 2972 2474 3038; x_wconf 87' lang='lat' dir='ltr'><strong>vidit,</strong></span> <span class='ocrx_word' id='word_1_549' title='bbox 2528 2972 2724 3029; x_wconf 80' lang='lat' dir='ltr'><strong>faciem</strong></span> <span class='ocrx_word' id='word_1_550' title='bbox 2768 2973 2903 3028; x_wconf 90' lang='lat' dir='ltr'><strong>vidit</strong></span> <span class='ocrx_word' id='word_1_551' title='bbox 2944 2973 3011 3027; x_wconf 92' lang='lat' dir='ltr'><strong>ad</strong></span> <span class='ocrx_word' id='word_1_552' title='bbox 3064 2972 3350 3040; x_wconf 80' lang='lat' dir='ltr'><strong>imaginem</strong></span> <span class='ocrx_word' id='word_1_553' title='bbox 3397 2970 3487 3024; x_wconf 85' lang='lat' dir='ltr'><strong>Dei</strong></span> <span class='ocrx_word' id='word_1_554' title='bbox 3533 2983 3663 3023; x_wconf 82' lang='lat' dir='ltr'><strong>vere</strong></span> 
     </span>
    </p>
   </div>
   <div class='ocr_carea' id='block_1_77' title="bbox 2092 3058 3665 3128">
    <p class='ocr_par' dir='ltr' id='par_1_77' title="bbox 2092 3058 3665 3128">
     <span class='ocr_line' id='line_1_77' title="bbox 2092 3058 3665 3128; baseline -0.005 -11"><span class='ocrx_word' id='word_1_555' title='bbox 2092 3066 2374 3118; x_wconf 82' lang='lat' dir='ltr'><strong>formatam</strong></span> <span class='ocrx_word' id='word_1_556' title='bbox 2403 3081 2417 3128; x_wconf 91' lang='lat'><strong>;</strong></span> <span class='ocrx_word' id='word_1_557' title='bbox 2446 3064 2578 3119; x_wconf 90' lang='lat' dir='ltr'><strong>vidit</strong></span> <span class='ocrx_word' id='word_1_558' title='bbox 2601 3064 2950 3117; x_wconf 88' lang='lat' dir='ltr'><strong>dilectionem</strong></span> <span class='ocrx_word' id='word_1_559' title='bbox 2985 3061 3151 3114; x_wconf 87' lang='lat' dir='ltr'><strong>fontis</strong></span> <span class='ocrx_word' id='word_1_560' title='bbox 3173 3060 3335 3113; x_wconf 88' lang='lat' dir='ltr'><strong>modo</strong></span> <span class='ocrx_word' id='word_1_561' title='bbox 3362 3058 3665 3115; x_wconf 87' lang='lat' dir='ltr'><strong>scaturien-</strong></span> 
     </span>
    </p>
   </div>
   <div class='ocr_carea' id='block_1_78' title="bbox 2086 3138 3662 3223">
    <p class='ocr_par' dir='ltr' id='par_1_78' title="bbox 2086 3138 3662 3223">
     <span class='ocr_line' id='line_1_78' title="bbox 2086 3138 3662 3223; baseline -0.004 -14"><span class='ocrx_word' id='word_1_562' title='bbox 2086 3164 2229 3222; x_wconf 88' lang='lat' dir='ltr'><strong>tem;</strong></span> <span class='ocrx_word' id='word_1_563' title='bbox 2268 3155 2400 3209; x_wconf 87' lang='lat' dir='ltr'><strong>vidit</strong></span> <span class='ocrx_word' id='word_1_564' title='bbox 2431 3138 2661 3223; x_wconf 65' lang='lat' dir='ltr'><strong>gratiam</strong></span> <span class='ocrx_word' id='word_1_565' title='bbox 2696 3154 2855 3208; x_wconf 86' lang='lat' dir='ltr'><strong>labiis</strong></span> <span class='ocrx_word' id='word_1_566' title='bbox 2892 3152 3321 3215; x_wconf 77' lang='lat' dir='ltr'><strong>circumfusam;</strong></span> <span class='ocrx_word' id='word_1_567' title='bbox 3364 3148 3531 3205; x_wconf 79' lang='lat' dir='ltr'><strong>animi</strong></span> <span class='ocrx_word' id='word_1_568' title='bbox 3561 3147 3662 3203; x_wconf 85' lang='lat' dir='ltr'><strong>de-</strong></span> 
     </span>
    </p>
   </div>
   <div class='ocr_carea' id='block_1_79' title="bbox 2087 3241 3664 3314">
    <p class='ocr_par' dir='ltr' id='par_1_79' title="bbox 2087 3241 3664 3314">
     <span class='ocr_line' id='line_1_79' title="bbox 2087 3241 3664 3314; baseline -0.003 -15"><span class='ocrx_word' id='word_1_569' title='bbox 2087 3245 2369 3301; x_wconf 87' lang='lat' dir='ltr'><strong>missionis</strong></span> <span class='ocrx_word' id='word_1_570' title='bbox 2398 3260 2669 3301; x_wconf 88' lang='lat' dir='ltr'><strong>summum</strong></span> <span class='ocrx_word' id='word_1_571' title='bbox 2711 3245 2981 3314; x_wconf 81' lang='lat' dir='ltr'><strong>gradum;</strong></span> <span class='ocrx_word' id='word_1_572' title='bbox 3034 3250 3158 3312; x_wconf 88' lang='lat' dir='ltr'><strong>post</strong></span> <span class='ocrx_word' id='word_1_573' title='bbox 3208 3257 3371 3311; x_wconf 85' lang='lat' dir='ltr'><strong>quem</strong></span> <span class='ocrx_word' id='word_1_574' title='bbox 3423 3241 3664 3308; x_wconf 81' lang='lat' dir='ltr'><strong>amplius</strong></span> 
     </span>
    </p>
   </div>
   <div class='ocr_carea' id='block_1_80' title="bbox 2086 3330 3662 3407">
    <p class='ocr_par' dir='ltr' id='par_1_80' title="bbox 2086 3330 3662 3407">
     <span class='ocr_line' id='line_1_80' title="bbox 2086 3330 3662 3407; baseline -0.004 -17"><span class='ocrx_word' id='word_1_575' title='bbox 2086 3337 2383 3407; x_wconf 79' lang='lat' dir='ltr'><strong>quidquam</strong></span> <span class='ocrx_word' id='word_1_576' title='bbox 2422 3336 2651 3406; x_wconf 86' lang='lat' dir='ltr'><strong>cogitari</strong></span> <span class='ocrx_word' id='word_1_577' title='bbox 2706 3351 2814 3390; x_wconf 90' lang='lat' dir='ltr'><strong>non</strong></span> <span class='ocrx_word' id='word_1_578' title='bbox 2848 3343 3066 3406; x_wconf 88' lang='lat' dir='ltr'><strong>potest:</strong></span> <span class='ocrx_word' id='word_1_579' title='bbox 3117 3332 3253 3387; x_wconf 86' lang='lat' dir='ltr'><strong>vidit</strong></span> <span class='ocrx_word' id='word_1_580' title='bbox 3283 3330 3662 3389; x_wconf 77' lang='lat' dir='ltr'><strong>mansuetudi-</strong></span> 
     </span>
    </p>
   </div>
   <div class='ocr_carea' id='block_1_81' title="bbox 2088 3424 3667 3496">
    <p class='ocr_par' dir='ltr' id='par_1_81' title="bbox 2088 3424 3667 3496">
     <span class='ocr_line' id='line_1_81' title="bbox 2088 3424 3667 3496; baseline -0.003 -15"><span class='ocrx_word' id='word_1_581' title='bbox 2088 3442 2210 3485; x_wconf 88' lang='lat' dir='ltr'><strong>nem</strong></span> <span class='ocrx_word' id='word_1_582' title='bbox 2238 3435 2402 3496; x_wconf 82' lang='lat' dir='ltr'><strong>atque</strong></span> <span class='ocrx_word' id='word_1_583' title='bbox 2432 3425 2800 3489; x_wconf 87' lang='lat' dir='ltr'><strong>clementiam,</strong></span> <span class='ocrx_word' id='word_1_584' title='bbox 2832 3426 3012 3496; x_wconf 87' lang='lat' dir='ltr'><strong>qualis</strong></span> <span class='ocrx_word' id='word_1_585' title='bbox 3035 3426 3089 3480; x_wconf 90' lang='lat' dir='ltr'><strong>in</strong></span> <span class='ocrx_word' id='word_1_586' title='bbox 3122 3425 3323 3479; x_wconf 88' lang='lat' dir='ltr'><strong>Davide</strong></span> <span class='ocrx_word' id='word_1_587' title='bbox 3357 3424 3493 3478; x_wconf 86' lang='lat' dir='ltr'><strong>fuit:</strong></span> <span class='ocrx_word' id='word_1_588' title='bbox 3526 3439 3667 3492; x_wconf 84' lang='lat' dir='ltr'><strong>qua-</strong></span> 
     </span>
    </p>
   </div>
   <div class='ocr_carea' id='block_1_82' title="bbox 2089 3517 3659 3589">
    <p class='ocr_par' dir='ltr' id='par_1_82' title="bbox 2089 3517 3659 3589">
     <span class='ocr_line' id='line_1_82' title="bbox 2089 3517 3659 3589; baseline -0.004 -18"><span class='ocrx_word' id='word_1_589' title='bbox 2089 3518 2156 3573; x_wconf 88' lang='lat' dir='ltr'><strong>lis</strong></span> <span class='ocrx_word' id='word_1_590' title='bbox 2180 3519 2236 3573; x_wconf 89' lang='lat' dir='ltr'><strong>in</strong></span> <span class='ocrx_word' id='word_1_591' title='bbox 2278 3517 2593 3581; x_wconf 86' lang='lat' dir='ltr'><strong>Solomone.</strong></span> <span class='ocrx_word' id='word_1_592' title='bbox 2633 3518 3045 3589; x_wconf 78' lang='lat' dir='ltr'><strong>intelligentiam</strong></span> <span class='ocrx_word' id='word_1_593' title='bbox 3077 3528 3240 3587; x_wconf 89' lang='lat' dir='ltr'><strong>atque</strong></span> <span class='ocrx_word' id='word_1_594' title='bbox 3276 3517 3659 3586; x_wconf 85' lang='lat' dir='ltr'><strong>prudentiain;</strong></span> 
     </span>
    </p>
   </div>
   <div class='ocr_carea' id='block_1_83' title="bbox 2087 3605 3661 3681">
    <p class='ocr_par' dir='ltr' id='par_1_83' title="bbox 2087 3605 3661 3681">
     <span class='ocr_line' id='line_1_83' title="bbox 2087 3605 3661 3681; baseline -0.004 -16"><span class='ocrx_word' id='word_1_595' title='bbox 2087 3610 2264 3678; x_wconf 85' lang='lat' dir='ltr'><strong>qualis</strong></span> <span class='ocrx_word' id='word_1_596' title='bbox 2318 3611 2373 3665; x_wconf 91' lang='lat' dir='ltr'><strong>in</strong></span> <span class='ocrx_word' id='word_1_597' title='bbox 2405 3609 2608 3681; x_wconf 81' lang='lat' dir='ltr'><strong>Moyse,</strong></span> <span class='ocrx_word' id='word_1_598' title='bbox 2660 3609 2995 3675; x_wconf 79' lang='lat' dir='ltr'><strong>bonitatem;</strong></span> <span class='ocrx_word' id='word_1_599' title='bbox 3046 3610 3226 3679; x_wconf 87' lang='lat' dir='ltr'><strong>qualis</strong></span> <span class='ocrx_word' id='word_1_600' title='bbox 3281 3608 3337 3663; x_wconf 92' lang='lat' dir='ltr'><strong>in</strong></span> <span class='ocrx_word' id='word_1_601' title='bbox 3385 3605 3661 3666; x_wconf 78' lang='lat' dir='ltr'><strong>Samuele,</strong></span> 
     </span>
    </p>
   </div>
   <div class='ocr_carea' id='block_1_84' title="bbox 2088 3699 3663 3773">
    <p class='ocr_par' dir='ltr' id='par_1_84' title="bbox 2088 3699 3663 3773">
     <span class='ocr_line' id='line_1_84' title="bbox 2088 3699 3663 3773; baseline -0.001 -21"><span class='ocrx_word' id='word_1_602' title='bbox 2088 3702 2513 3771; x_wconf 79' lang='lat' dir='ltr'><strong>perfectionem;</strong></span> <span class='ocrx_word' id='word_1_603' title='bbox 2575 3701 2757 3773; x_wconf 87' lang='lat' dir='ltr'><strong>qualis</strong></span> <span class='ocrx_word' id='word_1_604' title='bbox 2822 3702 2877 3756; x_wconf 91' lang='lat' dir='ltr'><strong>in</strong></span> <span class='ocrx_word' id='word_1_605' title='bbox 2938 3700 3200 3771; x_wconf 79' lang='lat' dir='ltr'><strong>Josepho,</strong></span> <span class='ocrx_word' id='word_1_606' title='bbox 3258 3699 3663 3756; x_wconf 83' lang='lat' dir='ltr'><strong>continentiam</strong></span> 
     </span>
    </p>
   </div>
   <div class='ocr_carea' id='block_1_85' title="bbox 2088 3791 3669 3864">
    <p class='ocr_par' dir='ltr' id='par_1_85' title="bbox 2088 3791 3669 3864">
     <span class='ocr_line' id='line_1_85' title="bbox 2088 3791 3669 3864; baseline -0.001 -18"><span class='ocrx_word' id='word_1_607' title='bbox 2088 3792 2553 3863; x_wconf 77' lang='lat' dir='ltr'><strong>pudicitiamque;</strong></span> <span class='ocrx_word' id='word_1_608' title='bbox 2616 3792 2797 3864; x_wconf 83' lang='lat' dir='ltr'><strong>qualis</strong></span> <span class='ocrx_word' id='word_1_609' title='bbox 2871 3792 2925 3847; x_wconf 89' lang='lat' dir='ltr'><strong>in</strong></span> <span class='ocrx_word' id='word_1_610' title='bbox 2984 3791 3223 3855; x_wconf 82' lang='lat' dir='ltr'><strong>Daniele,</strong></span> <span class='ocrx_word' id='word_1_611' title='bbox 3295 3791 3669 3860; x_wconf 84' lang='lat' dir='ltr'><strong>sapientiam;</strong></span> 
     </span>
    </p>
   </div>
   <div class='ocr_carea' id='block_1_86' title="bbox 2088 3882 3665 3955">
    <p class='ocr_par' dir='ltr' id='par_1_86' title="bbox 2088 3882 3665 3955">
     <span class='ocr_line' id='line_1_86' title="bbox 2088 3882 3665 3955; baseline -0.005 -16"><span class='ocrx_word' id='word_1_612' title='bbox 2088 3885 2543 3954; x_wconf 86' lang='lat' dir='ltr'><strong>quemadmodum</strong></span> <span class='ocrx_word' id='word_1_613' title='bbox 2573 3900 2805 3955; x_wconf 80' lang='lat' dir='ltr'><strong>magnus</strong></span> <span class='ocrx_word' id='word_1_614' title='bbox 2837 3882 3007 3946; x_wconf 77' lang='lat' dir='ltr'><strong>Elias.</strong></span> <span class='ocrx_word' id='word_1_615' title='bbox 3038 3883 3154 3937; x_wconf 87' lang='lat' dir='ltr'><strong>zelo</strong></span> <span class='ocrx_word' id='word_1_616' title='bbox 3180 3882 3303 3936; x_wconf 79' lang='lat' dir='ltr'><strong>fidei</strong></span> <span class='ocrx_word' id='word_1_617' title='bbox 3334 3882 3665 3952; x_wconf 72' lang='lat' dir='ltr'><strong>praeditum;</strong></span> 
     </span>
    </p>
   </div>
   <div class='ocr_carea' id='block_1_87' title="bbox 2084 3973 3668 4045">
    <p class='ocr_par' dir='ltr' id='par_1_87' title="bbox 2084 3973 3668 4045">
     <span class='ocr_line' id='line_1_87' title="bbox 2084 3973 3668 4045; baseline -0.003 -16"><span class='ocrx_word' id='word_1_618' title='bbox 2084 3975 2246 4029; x_wconf 86' lang='lat' dir='ltr'><strong>sicuti</strong></span> <span class='ocrx_word' id='word_1_619' title='bbox 2278 3973 2821 4039; x_wconf 64' lang='lat' dir='ltr'><strong>sublimisloanues,</strong></span> <span class='ocrx_word' id='word_1_620' title='bbox 2857 3974 3171 4045; x_wconf 84' lang='lat' dir='ltr'><strong>integritate</strong></span> <span class='ocrx_word' id='word_1_621' title='bbox 3211 3973 3462 4042; x_wconf 87' lang='lat' dir='ltr'><strong>corporis</strong></span> <span class='ocrx_word' id='word_1_622' title='bbox 3491 3986 3668 4025; x_wconf 83' lang='lat' dir='ltr'><strong>orna-</strong></span> 
     </span>
    </p>
   </div>
   <div class='ocr_carea' id='block_1_88' title="bbox 2087 4062 3663 4134">
    <p class='ocr_par' dir='ltr' id='par_1_88' title="bbox 2087 4062 3663 4134">
     <span class='ocr_line' id='line_1_88' title="bbox 2087 4062 3663 4134; baseline -0.002 -14"><span class='ocrx_word' id='word_1_623' title='bbox 2087 4073 2235 4132; x_wconf 83' lang='lat' dir='ltr'><strong>tum;</strong></span> <span class='ocrx_word' id='word_1_624' title='bbox 2296 4066 2456 4121; x_wconf 81' lang='lat' dir='ltr'><strong>sicuti</strong></span> <span class='ocrx_word' id='word_1_625' title='bbox 2493 4065 2698 4120; x_wconf 77' lang='lat' dir='ltr'><strong>Paulus</strong></span> <span class='ocrx_word' id='word_1_626' title='bbox 2734 4064 3159 4131; x_wconf 80' lang='lat' dir='ltr'><strong>inexsuperabili</strong></span> <span class='ocrx_word' id='word_1_627' title='bbox 3194 4064 3481 4134; x_wconf 79' lang='lat' dir='ltr'><strong>praeditum</strong></span> <span class='ocrx_word' id='word_1_628' title='bbox 3517 4062 3663 4117; x_wconf 88' lang='lat' dir='ltr'><strong>dile-</strong></span> 
     </span>
    </p>
   </div>
   <div class='ocr_carea' id='block_1_89' title="bbox 2086 4153 3666 4211">
    <p class='ocr_par' dir='ltr' id='par_1_89' title="bbox 2086 4153 3666 4211">
     <span class='ocr_line' id='line_1_89' title="bbox 2086 4153 3666 4211; baseline -0.005 0"><span class='ocrx_word' id='word_1_629' title='bbox 2086 4156 2289 4211; x_wconf 86' lang='lat' dir='ltr'><strong>ctione.</strong></span> <span class='ocrx_word' id='word_1_630' title='bbox 2350 4153 2502 4207; x_wconf 80' lang='lat' dir='ltr'><strong>Vidit</strong></span> <span class='ocrx_word' id='word_1_631' title='bbox 2550 4159 2633 4211; x_wconf 85' lang='lat' dir='ltr'><strong>tot</strong></span> <span class='ocrx_word' id='word_1_632' title='bbox 2683 4154 2954 4210; x_wconf 88' lang='lat' dir='ltr'><strong>bonormn</strong></span> <span class='ocrx_word' id='word_1_633' title='bbox 2997 4155 3147 4207; x_wconf 82' lang='lat' dir='ltr'><strong>circa</strong></span> <span class='ocrx_word' id='word_1_634' title='bbox 3199 4166 3362 4205; x_wconf 83' lang='lat' dir='ltr'><strong>unam</strong></span> <span class='ocrx_word' id='word_1_635' title='bbox 3421 4154 3666 4205; x_wconf 85' lang='lat' dir='ltr'><strong>animam</strong></span> 
     </span>
    </p>
   </div>
   <div class='ocr_carea' id='block_1_90' title="bbox 2087 4244 3667 4306">
    <p class='ocr_par' dir='ltr' id='par_1_90' title="bbox 2087 4244 3667 4306">
     <span class='ocr_line' id='line_1_90' title="bbox 2087 4244 3667 4306; baseline -0.003 -5"><span class='ocrx_word' id='word_1_636' title='bbox 2087 4261 2417 4302; x_wconf 82' lang='lat' dir='ltr'><strong>concursum</strong></span> <span class='ocrx_word' id='word_1_637' title='bbox 2446 4263 2459 4299; x_wconf 95' lang='lat'>:</span> <span class='ocrx_word' id='word_1_638' title='bbox 2484 4260 2671 4300; x_wconf 87' lang='lat' dir='ltr'><strong>amore</strong></span> <span class='ocrx_word' id='word_1_639' title='bbox 2697 4245 2857 4300; x_wconf 85' lang='lat' dir='ltr'><strong>beato</strong></span> <span class='ocrx_word' id='word_1_640' title='bbox 2884 4245 3164 4301; x_wconf 85' lang='lat' dir='ltr'><strong>vulnerata</strong></span> <span class='ocrx_word' id='word_1_641' title='bbox 3185 4251 3291 4306; x_wconf 84' lang='lat' dir='ltr'><strong>est,</strong></span> <span class='ocrx_word' id='word_1_642' title='bbox 3317 4250 3471 4299; x_wconf 87' lang='lat' dir='ltr'><strong>casto</strong></span> <span class='ocrx_word' id='word_1_643' title='bbox 3494 4244 3667 4296; x_wconf 84' lang='lat' dir='ltr'><strong>bono-</strong></span> 
     </span>
    </p>
   </div>
   <div class='ocr_carea' id='block_1_91' title="bbox 2086 4335 3660 4407">
    <p class='ocr_par' dir='ltr' id='par_1_91' title="bbox 2086 4335 3660 4407">
     <span class='ocr_line' id='line_1_91' title="bbox 2086 4335 3660 4407; baseline -0.003 -17"><span class='ocrx_word' id='word_1_644' title='bbox 2086 4352 2192 4406; x_wconf 92' lang='lat' dir='ltr'><strong>que</strong></span> <span class='ocrx_word' id='word_1_645' title='bbox 2216 4353 2477 4407; x_wconf 86' lang='lat' dir='ltr'><strong>sponsum</strong></span> <span class='ocrx_word' id='word_1_646' title='bbox 2504 4352 2664 4391; x_wconf 88' lang='lat' dir='ltr'><strong>suum</strong></span> <span class='ocrx_word' id='word_1_647' title='bbox 2696 4351 2883 4391; x_wconf 72' lang='lat' dir='ltr'><strong>arnore</strong></span> <span class='ocrx_word' id='word_1_648' title='bbox 2908 4342 3073 4406; x_wconf 87' lang='lat' dir='ltr'><strong>atque</strong></span> <span class='ocrx_word' id='word_1_649' title='bbox 3115 4335 3492 4391; x_wconf 87' lang='lat' dir='ltr'><strong>benevolentia</strong></span> <span class='ocrx_word' id='word_1_650' title='bbox 3529 4349 3660 4402; x_wconf 85' lang='lat' dir='ltr'><strong>pro-</strong></span> 
     </span>
    </p>
   </div>
   <div class='ocr_carea' id='block_1_92' title="bbox 420 4416 1993 4497">
    <p class='ocr_par' dir='ltr' id='par_1_92' title="bbox 420 4416 1983 4496">
     <span class='ocr_line' id='line_1_92' title="bbox 420 4416 1983 4496; baseline 0.007 -26"><span class='ocrx_word' id='word_1_651' title='bbox 420 4416 665 4487; x_wconf 83' lang='grc' dir='ltr'>ίδρῶσιν·</span> <span class='ocrx_word' id='word_1_652' title='bbox 708 4420 741 4488; x_wconf 80' lang='grc' dir='ltr'>ἠ</span> <span class='ocrx_word' id='word_1_653' title='bbox 786 4419 843 4471; x_wconf 84' lang='grc' dir='ltr'><strong>δὲ</strong></span> <span class='ocrx_word' id='word_1_654' title='bbox 889 4420 1157 4489; x_wconf 78' lang='grc' dir='ltr'>ὑπέμενεν</span> <span class='ocrx_word' id='word_1_655' title='bbox 1203 4422 1261 4473; x_wconf 89' lang='grc' dir='ltr'><strong>ἐν</strong></span> <span class='ocrx_word' id='word_1_656' title='bbox 1308 4422 1626 4495; x_wconf 78' lang='grc' dir='ltr'>σωφροσύνῃ</span> <span class='ocrx_word' id='word_1_657' title='bbox 1677 4425 1768 4477; x_wconf 83' lang='grc' dir='ltr'><strong>τὸν</strong></span> <span class='ocrx_word' id='word_1_658' title='bbox 1808 4426 1983 4496; x_wconf 83' lang='grc' dir='ltr'>γάμον</span> 
     </span>
    </p>
   </div>
   <div class='ocr_carea' id='block_1_93' title="bbox 2090 4416 3664 4497">
    <p class='ocr_par' dir='ltr' id='par_1_93' title="bbox 2090 4425 3664 4497">
     <span class='ocr_line' id='line_1_93' title="bbox 2090 4425 3664 4497; baseline -0.002 -15"><span class='ocrx_word' id='word_1_659' title='bbox 2090 4435 2277 4483; x_wconf 85' lang='lat' dir='ltr'><strong>secuta</strong></span> <span class='ocrx_word' id='word_1_660' title='bbox 2324 4428 2555 4481; x_wconf 76' lang='lat' dir='ltr'><strong>dilexit.</strong></span> <span class='ocrx_word' id='word_1_661' title='bbox 2629 4425 2734 4483; x_wconf 78' lang='lat' dir='ltr'><strong>Sed</strong></span> <span class='ocrx_word' id='word_1_662' title='bbox 2792 4427 3108 4497; x_wconf 84' lang='lat' dir='ltr'><strong>priusquam</strong></span> <span class='ocrx_word' id='word_1_663' title='bbox 3153 4428 3505 4497; x_wconf 86' lang='lat' dir='ltr'><strong>cupiditatem</strong></span> <span class='ocrx_word' id='word_1_664' title='bbox 3558 4443 3664 4479; x_wconf 75' lang='lat' dir='ltr'><strong>ex-</strong></span> 
     </span>
    </p>
   </div>
   <div class='ocr_carea' id='block_1_94' title="bbox 418 4506 2043 4586">
    <p class='ocr_par' dir='ltr' id='par_1_94' title="bbox 418 4506 2043 4586">
     <span class='ocr_line' id='line_1_94' title="bbox 418 4506 2043 4586; baseline 0.006 -27"><span class='ocrx_word' id='word_1_665' title='bbox 418 4508 776 4575; x_wconf 81' lang='grc' dir='ltr'>φυλάττουσα.</span> <span class='ocrx_word' id='word_1_666' title='bbox 804 4511 1006 4580; x_wconf 82' lang='grc' dir='ltr'>Χρόνος</span> <span class='ocrx_word' id='word_1_667' title='bbox 1033 4506 1102 4581; x_wconf 77' lang='grc' dir='ltr'>ἦν</span> <span class='ocrx_word' id='word_1_668' title='bbox 1127 4513 1184 4563; x_wconf 84' lang='grc' dir='ltr'><strong>ἐν</strong></span> <span class='ocrx_word' id='word_1_669' title='bbox 1227 4511 1375 4581; x_wconf 82' lang='grc' dir='ltr'>μέσῳ</span> <span class='ocrx_word' id='word_1_670' title='bbox 1407 4513 1591 4576; x_wconf 82' lang='grc' dir='ltr'>πολὺς,</span> <span class='ocrx_word' id='word_1_671' title='bbox 1636 4515 1728 4567; x_wconf 87' lang='grc' dir='ltr'><strong>καί</strong></span> <span class='ocrx_word' id='word_1_672' title='bbox 1753 4532 1837 4579; x_wconf 90' lang='grc' dir='ltr'><strong>τις</strong></span> <span class='ocrx_word' id='word_1_673' title='bbox 1869 4534 1987 4586; x_wconf 83' lang='grc' dir='ltr'>μοι-</span> <span class='ocrx_word' id='word_1_674' title='bbox 2034 4520 2043 4528; x_wconf 89' lang='grc'><strong>’</strong></span> 
     </span>
    </p>
   </div>
   <div class='ocr_carea' id='block_1_95' title="bbox 417 4597 1984 4669">
    <p class='ocr_par' dir='ltr' id='par_1_95' title="bbox 417 4597 1984 4669">
     <span class='ocr_line' id='line_1_95' title="bbox 417 4597 1984 4669; baseline 0.006 -21"><span class='ocrx_word' id='word_1_675' title='bbox 417 4597 586 4667; x_wconf 84' lang='grc' dir='ltr'>χικῶς</span> <span class='ocrx_word' id='word_1_676' title='bbox 630 4598 1005 4668; x_wconf 84' lang='grc' dir='ltr'>κατεπεχείρει</span> <span class='ocrx_word' id='word_1_677' title='bbox 1050 4600 1147 4668; x_wconf 79' lang='grc' dir='ltr'>τῆς</span> <span class='ocrx_word' id='word_1_678' title='bbox 1177 4598 1445 4669; x_wconf 76' lang='grc' dir='ltr'>ἀχράντου</span> <span class='ocrx_word' id='word_1_679' title='bbox 1494 4601 1781 4666; x_wconf 83' lang='grc' dir='ltr'>παστάδος.</span> <span class='ocrx_word' id='word_1_680' title='bbox 1846 4605 1984 4658; x_wconf 67' lang='grc' dir='ltr'>Ἀλλ’</span> 
     </span>
    </p>
   </div>
   <div class='ocr_carea' id='block_1_96' title="bbox 418 4687 1989 4758">
    <p class='ocr_par' dir='ltr' id='par_1_96' title="bbox 418 4687 1989 4758">
     <span class='ocr_line' id='line_1_96' title="bbox 418 4687 1989 4758; baseline 0.004 -17"><span class='ocrx_word' id='word_1_681' title='bbox 418 4690 450 4757; x_wconf 85' lang='grc' dir='ltr'>ἡ</span> <span class='ocrx_word' id='word_1_682' title='bbox 489 4687 671 4758; x_wconf 83' lang='grc' dir='ltr'>νύμφη</span> <span class='ocrx_word' id='word_1_683' title='bbox 719 4690 821 4741; x_wconf 84' lang='grc' dir='ltr'><strong>ούκ</strong></span> <span class='ocrx_word' id='word_1_684' title='bbox 853 4690 1154 4758; x_wconf 86' lang='grc' dir='ltr'>ἐμιαίνετο,</span> <span class='ocrx_word' id='word_1_685' title='bbox 1195 4691 1287 4743; x_wconf 77' lang='grc' dir='ltr'>καὶ</span> <span class='ocrx_word' id='word_1_686' title='bbox 1332 4691 1493 4744; x_wconf 88' lang='grc' dir='ltr'>πάλιν</span> <span class='ocrx_word' id='word_1_687' title='bbox 1550 4693 1841 4756; x_wconf 85' lang='grc' dir='ltr'>ἐπάνοδος,</span> <span class='ocrx_word' id='word_1_688' title='bbox 1892 4696 1989 4748; x_wconf 72' lang='grc' dir='ltr'><strong>καὶ</strong></span> 
     </span>
    </p>
   </div>
   <div class='ocr_carea' id='block_1_97' title="bbox 418 4778 1985 4856">
    <p class='ocr_par' dir='ltr' id='par_1_97' title="bbox 418 4778 1985 4856">
     <span class='ocr_line' id='line_1_97' title="bbox 418 4778 1985 4856; baseline 0.006 -26"><span class='ocrx_word' id='word_1_689' title='bbox 418 4778 580 4832; x_wconf 78' lang='grc' dir='ltr'>πάλιν</span> <span class='ocrx_word' id='word_1_690' title='bbox 625 4781 768 4849; x_wconf 85' lang='grc' dir='ltr'>φυγή</span> <span class='ocrx_word' id='word_1_691' title='bbox 790 4796 805 4812; x_wconf 77' lang='grc' dir='ltr'><strong>ο</strong></span> <span class='ocrx_word' id='word_1_692' title='bbox 840 4780 934 4833; x_wconf 80' lang='grc' dir='ltr'><strong>καὶ</strong></span> <span class='ocrx_word' id='word_1_693' title='bbox 972 4782 1034 4833; x_wconf 88' lang='grc' dir='ltr'><strong>ἐκ</strong></span> <span class='ocrx_word' id='word_1_694' title='bbox 1071 4781 1253 4851; x_wconf 83' lang='grc' dir='ltr'>τρίτου</span> <span class='ocrx_word' id='word_1_695' title='bbox 1286 4781 1579 4849; x_wconf 76' lang='grc' dir='ltr'>ὡσαύτως,</span> <span class='ocrx_word' id='word_1_696' title='bbox 1610 4783 1715 4848; x_wconf 77' lang='grc' dir='ltr'><strong>ἕως</strong></span> <span class='ocrx_word' id='word_1_697' title='bbox 1752 4785 1985 4856; x_wconf 84' lang='grc' dir='ltr'>διασχὼν</span> 
     </span>
    </p>
   </div>
   <div class='ocr_carea' id='block_1_98' title="bbox 416 4871 1986 4950">
    <p class='ocr_par' dir='ltr' id='par_1_98' title="bbox 416 4871 1986 4950">
     <span class='ocr_line' id='line_1_98' title="bbox 416 4871 1986 4950; baseline 0.006 -27"><span class='ocrx_word' id='word_1_698' title='bbox 416 4871 509 4923; x_wconf 72' lang='grc' dir='ltr'>τὸν</span> <span class='ocrx_word' id='word_1_699' title='bbox 543 4872 811 4942; x_wconf 76' lang='grc' dir='ltr'>αἱρετικὸν</span> <span class='ocrx_word' id='word_1_700' title='bbox 863 4871 1023 4941; x_wconf 78' lang='grc' dir='ltr'>ζόφον</span> <span class='ocrx_word' id='word_1_701' title='bbox 1060 4875 1089 4925; x_wconf 90' lang='lat'><strong>6</strong></span> <span class='ocrx_word' id='word_1_702' title='bbox 1135 4872 1364 4944; x_wconf 81' lang='grc' dir='ltr'>Κύριος,</span> <span class='ocrx_word' id='word_1_703' title='bbox 1412 4877 1505 4930; x_wconf 75' lang='grc' dir='ltr'>καὶ</span> <span class='ocrx_word' id='word_1_704' title='bbox 1542 4875 1639 4947; x_wconf 81' lang='grc' dir='ltr'>τὴν</span> <span class='ocrx_word' id='word_1_705' title='bbox 1667 4877 1861 4932; x_wconf 87' lang='grc' dir='ltr'>ἀκτῖνα</span> <span class='ocrx_word' id='word_1_706' title='bbox 1887 4880 1986 4950; x_wconf 81' lang='grc' dir='ltr'>τῆς</span> 
     </span>
    </p>
   </div>
   <div class='ocr_carea' id='block_1_99' title="bbox 417 4962 1987 5039">
    <p class='ocr_par' dir='ltr' id='par_1_99' title="bbox 417 4962 1987 5039">
     <span class='ocr_line' id='line_1_99' title="bbox 417 4962 1987 5039; baseline 0.004 -24"><span class='ocrx_word' id='word_1_707' title='bbox 417 4964 637 5033; x_wconf 75' lang='grc' dir='ltr'>εἰρήνης</span> <span class='ocrx_word' id='word_1_708' title='bbox 677 4963 968 5027; x_wconf 75' lang='grc' dir='ltr'>ἐπιϐαλὼν,</span> <span class='ocrx_word' id='word_1_709' title='bbox 1003 4962 1199 5016; x_wconf 79' lang='grc' dir='ltr'>ἔδωκεν</span> <span class='ocrx_word' id='word_1_710' title='bbox 1245 4964 1548 5019; x_wconf 84' lang='grc' dir='ltr'>ἀνάπαυσίν</span> <span class='ocrx_word' id='word_1_711' title='bbox 1586 4984 1705 5020; x_wconf 92' lang='grc' dir='ltr'>τινα</span> <span class='ocrx_word' id='word_1_712' title='bbox 1738 4968 1847 5021; x_wconf 83' lang='grc' dir='ltr'><strong>τῶν</strong></span> <span class='ocrx_word' id='word_1_713' title='bbox 1882 4988 1987 5039; x_wconf 69' lang='grc' dir='ltr'>μαο</span> 
     </span>
    </p>
   </div>
   <div class='ocr_carea' id='block_1_100' title="bbox 416 5054 1987 5130">
    <p class='ocr_par' dir='ltr' id='par_1_100' title="bbox 416 5054 1987 5130">
     <span class='ocr_line' id='line_1_100' title="bbox 416 5054 1987 5130; baseline 0.004 -25"><span class='ocrx_word' id='word_1_714' title='bbox 416 5054 565 5124; x_wconf 86' lang='grc' dir='ltr'>κρῶν</span> <span class='ocrx_word' id='word_1_715' title='bbox 606 5054 781 5107; x_wconf 88' lang='grc' dir='ltr'>πόνων</span> <span class='ocrx_word' id='word_1_716' title='bbox 816 5054 1053 5117; x_wconf 78' lang='grc' dir='ltr'>ἐλπίζειν</span> <span class='ocrx_word' id='word_1_717' title='bbox 1075 5070 1088 5084; x_wconf 71' lang='grc'><strong><em>⁸</em></strong></span> <span class='ocrx_word' id='word_1_718' title='bbox 1129 5054 1244 5106; x_wconf 85' lang='grc' dir='ltr'>ἀλλ’</span> <span class='ocrx_word' id='word_1_719' title='bbox 1271 5055 1457 5126; x_wconf 82' lang='grc' dir='ltr'>ἐπειδὴ</span> <span class='ocrx_word' id='word_1_720' title='bbox 1480 5057 1638 5110; x_wconf 85' lang='grc' dir='ltr'>πάλιν</span> <span class='ocrx_word' id='word_1_721' title='bbox 1663 5054 1800 5113; x_wconf 76' lang='grc' dir='ltr'>εἶδον</span> <span class='ocrx_word' id='word_1_722' title='bbox 1825 5060 1987 5130; x_wconf 85' lang='grc' dir='ltr'>ἀλλή-</span> 
     </span>
    </p>
   </div>
   <div class='ocr_carea' id='block_1_101' title="bbox 415 5143 1986 5223">
    <p class='ocr_par' dir='ltr' id='par_1_101' title="bbox 415 5143 1986 5223">
     <span class='ocr_line' id='line_1_101' title="bbox 415 5143 1986 5223; baseline 0.006 -29"><span class='ocrx_word' id='word_1_723' title='bbox 415 5143 560 5209; x_wconf 90' lang='grc' dir='ltr'>λους,</span> <span class='ocrx_word' id='word_1_724' title='bbox 596 5145 691 5198; x_wconf 72' lang='grc' dir='ltr'><strong>καὶ</strong></span> <span class='ocrx_word' id='word_1_725' title='bbox 734 5145 1008 5216; x_wconf 85' lang='grc' dir='ltr'>ἀνενεώθη</span> <span class='ocrx_word' id='word_1_726' title='bbox 1040 5147 1109 5201; x_wconf 79' lang='grc' dir='ltr'>τὰ</span> <span class='ocrx_word' id='word_1_727' title='bbox 1151 5148 1248 5217; x_wconf 86' lang='grc' dir='ltr'><strong>τῆς</strong></span> <span class='ocrx_word' id='word_1_728' title='bbox 1283 5149 1663 5220; x_wconf 84' lang='grc' dir='ltr'>σωφροσύνης,</span> <span class='ocrx_word' id='word_1_729' title='bbox 1692 5153 1785 5203; x_wconf 76' lang='grc' dir='ltr'>καὶ</span> <span class='ocrx_word' id='word_1_730' title='bbox 1810 5151 1986 5223; x_wconf 84' lang='grc' dir='ltr'>θυμη-</span> 
     </span>
    </p>
   </div>
   <div class='ocr_carea' id='block_1_102' title="bbox 415 5233 1983 5307">
    <p class='ocr_par' dir='ltr' id='par_1_102' title="bbox 415 5233 1983 5307">
     <span class='ocr_line' id='line_1_102' title="bbox 415 5233 1983 5307; baseline 0.006 -23"><span class='ocrx_word' id='word_1_731' title='bbox 415 5233 521 5285; x_wconf 84' lang='grc' dir='ltr'>δίαι</span> <span class='ocrx_word' id='word_1_732' title='bbox 575 5234 967 5303; x_wconf 83' lang='grc' dir='ltr'>πνευματικαί·</span> <span class='ocrx_word' id='word_1_733' title='bbox 1024 5237 1117 5289; x_wconf 78' lang='grc' dir='ltr'><strong>καὶ</strong></span> <span class='ocrx_word' id='word_1_734' title='bbox 1159 5237 1319 5292; x_wconf 84' lang='grc' dir='ltr'>πάλιν</span> <span class='ocrx_word' id='word_1_735' title='bbox 1365 5237 1666 5307; x_wconf 82' lang='grc' dir='ltr'>ἀνεφλέχθη</span> <span class='ocrx_word' id='word_1_736' title='bbox 1710 5240 1740 5290; x_wconf 93' lang='lat'><strong>6</strong></span> <span class='ocrx_word' id='word_1_737' title='bbox 1786 5240 1983 5304; x_wconf 76' lang='grc' dir='ltr'>πόθοςο</span> 
     </span>
    </p>
   </div>
   <div class='ocr_carea' id='block_1_103' title="bbox 416 5325 1982 5403">
    <p class='ocr_par' dir='ltr' id='par_1_103' title="bbox 416 5325 1982 5403">
     <span class='ocr_line' id='line_1_103' title="bbox 416 5325 1982 5403; baseline 0.006 -27"><span class='ocrx_word' id='word_1_738' title='bbox 416 5325 575 5388; x_wconf 75' lang='grc' dir='ltr'>εὐθὺς</span> <span class='ocrx_word' id='word_1_739' title='bbox 607 5326 885 5379; x_wconf 83' lang='grc' dir='ltr'>διακόπτει</span> <span class='ocrx_word' id='word_1_740' title='bbox 916 5327 1015 5397; x_wconf 75' lang='grc' dir='ltr'>τὴν</span> <span class='ocrx_word' id='word_1_741' title='bbox 1052 5328 1347 5383; x_wconf 81' lang='grc' dir='ltr'>ἀπόλαυσιν</span> <span class='ocrx_word' id='word_1_742' title='bbox 1375 5330 1410 5399; x_wconf 85' lang='grc' dir='ltr'><strong>ή</strong></span> <span class='ocrx_word' id='word_1_743' title='bbox 1438 5330 1637 5402; x_wconf 85' lang='grc' dir='ltr'>ἐσχάτη</span> <span class='ocrx_word' id='word_1_744' title='bbox 1668 5331 1804 5403; x_wconf 83' lang='grc' dir='ltr'>αὓτη</span> <span class='ocrx_word' id='word_1_745' title='bbox 1847 5332 1982 5385; x_wconf 89' lang='grc' dir='ltr'>ἀπο-</span> 
     </span>
    </p>
   </div>
   <div class='ocr_carea' id='block_1_104' title="bbox 414 5414 603 5483">
    <p class='ocr_par' dir='ltr' id='par_1_104' title="bbox 414 5414 603 5483">
     <span class='ocr_line' id='line_1_104' title="bbox 414 5414 603 5483; baseline 0.021 -18"><span class='ocrx_word' id='word_1_746' title='bbox 414 5414 476 5481; x_wconf 80' lang='grc' dir='ltr'>δη</span> <span class='ocrx_word' id='word_1_747' title='bbox 486 5414 603 5483; x_wconf 87' lang='grc' dir='ltr'>μία.</span> 
     </span>
    </p>
   </div>
   <div class='ocr_carea' id='block_1_105' title="bbox 2088 4520 3660 4589">
    <p class='ocr_par' dir='ltr' id='par_1_105' title="bbox 2088 4520 3660 4589">
     <span class='ocr_line' id='line_1_105' title="bbox 2088 4520 3660 4589; baseline 0.001 -18"><span class='ocrx_word' id='word_1_748' title='bbox 2088 4520 2281 4588; x_wconf 73' lang='lat' dir='ltr'><strong>ploret,</strong></span> <span class='ocrx_word' id='word_1_749' title='bbox 2333 4531 2624 4589; x_wconf 82' lang='lat' dir='ltr'><strong>antequam</strong></span> <span class='ocrx_word' id='word_1_750' title='bbox 2670 4520 3007 4575; x_wconf 86' lang='lat' dir='ltr'><strong>desiderium</strong></span> <span class='ocrx_word' id='word_1_751' title='bbox 3052 4527 3323 4574; x_wconf 81' lang='lat' dir='ltr'><strong>recrearet</strong></span> <span class='ocrx_word' id='word_1_752' title='bbox 3363 4529 3527 4587; x_wconf 86' lang='lat' dir='ltr'><strong>atque</strong></span> <span class='ocrx_word' id='word_1_753' title='bbox 3571 4534 3660 4573; x_wconf 84' lang='lat' dir='ltr'><strong>sc-</strong></span> 
     </span>
    </p>
   </div>
   <div class='ocr_carea' id='block_1_106' title="bbox 2086 4610 3665 4677">
    <p class='ocr_par' dir='ltr' id='par_1_106' title="bbox 2086 4610 3665 4677">
     <span class='ocr_line' id='line_1_106' title="bbox 2086 4610 3665 4677; baseline 0.001 -13"><span class='ocrx_word' id='word_1_754' title='bbox 2086 4612 2264 4673; x_wconf 83' lang='lat' dir='ltr'><strong>daret,</strong></span> <span class='ocrx_word' id='word_1_755' title='bbox 2293 4611 2456 4667; x_wconf 83' lang='lat' dir='ltr'><strong>etiam</strong></span> <span class='ocrx_word' id='word_1_756' title='bbox 2488 4627 2636 4665; x_wconf 80' lang='lat' dir='ltr'><strong>nunc</strong></span> <span class='ocrx_word' id='word_1_757' title='bbox 2661 4612 2868 4667; x_wconf 85' lang='lat' dir='ltr'><strong>amoris</strong></span> <span class='ocrx_word' id='word_1_758' title='bbox 2900 4612 2952 4665; x_wconf 93' lang='lat' dir='ltr'><strong>vi</strong></span> <span class='ocrx_word' id='word_1_759' title='bbox 2995 4611 3230 4677; x_wconf 83' lang='lat' dir='ltr'><strong>fervens,</strong></span> <span class='ocrx_word' id='word_1_760' title='bbox 3266 4610 3665 4665; x_wconf 81' lang='lat' dir='ltr'><strong>tentationibns</strong></span> 
     </span>
    </p>
   </div>
   <div class='ocr_carea' id='block_1_107' title="bbox 2086 4701 3662 4764">
    <p class='ocr_par' dir='ltr' id='par_1_107' title="bbox 2086 4701 3662 4764">
     <span class='ocr_line' id='line_1_107' title="bbox 2086 4701 3662 4764; baseline -0.001 -9"><span class='ocrx_word' id='word_1_761' title='bbox 2086 4703 2344 4756; x_wconf 84' lang='lat' dir='ltr'><strong>athletam</strong></span> <span class='ocrx_word' id='word_1_762' title='bbox 2376 4701 2442 4755; x_wconf 90' lang='lat' dir='ltr'><strong>ad</strong></span> <span class='ocrx_word' id='word_1_763' title='bbox 2475 4703 2773 4756; x_wconf 84' lang='lat' dir='ltr'><strong>certamina</strong></span> <span class='ocrx_word' id='word_1_764' title='bbox 2806 4704 3144 4764; x_wconf 87' lang='lat' dir='ltr'><strong>vocantibus,</strong></span> <span class='ocrx_word' id='word_1_765' title='bbox 3194 4702 3307 4759; x_wconf 83' lang='lat' dir='ltr'><strong>sola</strong></span> <span class='ocrx_word' id='word_1_766' title='bbox 3340 4703 3524 4756; x_wconf 87' lang='lat' dir='ltr'><strong>relicta</strong></span> <span class='ocrx_word' id='word_1_767' title='bbox 3550 4710 3662 4755; x_wconf 82' lang='lat' dir='ltr'><strong>est.</strong></span> 
     </span>
    </p>
   </div>
   <div class='ocr_carea' id='block_1_108' title="bbox 2086 4793 3666 4863">
    <p class='ocr_par' dir='ltr' id='par_1_108' title="bbox 2086 4793 3666 4863">
     <span class='ocr_line' id='line_1_108' title="bbox 2086 4793 3666 4863; baseline 0.001 -17"><span class='ocrx_word' id='word_1_768' title='bbox 2086 4794 2262 4863; x_wconf 79' lang='lat' dir='ltr'><strong>Atque</strong></span> <span class='ocrx_word' id='word_1_769' title='bbox 2289 4793 2377 4847; x_wconf 92' lang='lat' dir='ltr'><strong>ille</strong></span> <span class='ocrx_word' id='word_1_770' title='bbox 2406 4793 2622 4861; x_wconf 85' lang='lat' dir='ltr'><strong>quidem</strong></span> <span class='ocrx_word' id='word_1_771' title='bbox 2649 4795 2702 4847; x_wconf 91' lang='lat' dir='ltr'><strong>in</strong></span> <span class='ocrx_word' id='word_1_772' title='bbox 2726 4794 3120 4849; x_wconf 83' lang='lat' dir='ltr'><strong>certaminibus</strong></span> <span class='ocrx_word' id='word_1_773' title='bbox 3137 4808 3238 4863; x_wconf 88' lang='lat' dir='ltr'><strong>pro</strong></span> <span class='ocrx_word' id='word_1_774' title='bbox 3257 4793 3458 4862; x_wconf 87' lang='lat' dir='ltr'><strong>pietate</strong></span> <span class='ocrx_word' id='word_1_775' title='bbox 3475 4807 3666 4847; x_wconf 81' lang='lat' dir='ltr'><strong>susce-</strong></span> 
     </span>
    </p>
   </div>
   <div class='ocr_carea' id='block_1_109' title="bbox 2091 4883 3664 4953">
    <p class='ocr_par' dir='ltr' id='par_1_109' title="bbox 2091 4883 3664 4953">
     <span class='ocr_line' id='line_1_109' title="bbox 2091 4883 3664 4953; baseline -0.001 -16"><span class='ocrx_word' id='word_1_776' title='bbox 2091 4886 2196 4953; x_wconf 85' lang='lat' dir='ltr'><strong>ptis</strong></span> <span class='ocrx_word' id='word_1_777' title='bbox 2250 4883 2585 4948; x_wconf 84' lang='lat' dir='ltr'><strong>desudabat;</strong></span> <span class='ocrx_word' id='word_1_778' title='bbox 2654 4883 2769 4938; x_wconf 69' lang='lat' dir='ltr'><strong>lucc</strong></span> <span class='ocrx_word' id='word_1_779' title='bbox 2820 4900 2949 4940; x_wconf 79' lang='lat' dir='ltr'><strong>vero</strong></span> <span class='ocrx_word' id='word_1_780' title='bbox 2998 4885 3232 4941; x_wconf 86' lang='lat' dir='ltr'><strong>durabat</strong></span> <span class='ocrx_word' id='word_1_781' title='bbox 3294 4884 3351 4941; x_wconf 75' lang='lat' dir='ltr'><strong>in</strong></span> <span class='ocrx_word' id='word_1_782' title='bbox 3405 4883 3664 4939; x_wconf 73' lang='lat' dir='ltr'><strong>castitate</strong></span> 
     </span>
    </p>
   </div>
   <div class='ocr_carea' id='block_1_110' title="bbox 2090 4973 3663 5041">
    <p class='ocr_par' dir='ltr' id='par_1_110' title="bbox 2090 4973 3663 5041">
     <span class='ocr_line' id='line_1_110' title="bbox 2090 4973 3663 5041; baseline -0.001 -12"><span class='ocrx_word' id='word_1_783' title='bbox 2090 4974 2497 5030; x_wconf 87' lang='lat' dir='ltr'><strong>matrimonium</strong></span> <span class='ocrx_word' id='word_1_784' title='bbox 2551 4990 2907 5029; x_wconf 82' lang='lat' dir='ltr'><strong>conservans.</strong></span> <span class='ocrx_word' id='word_1_785' title='bbox 2945 4974 3065 5030; x_wconf 82' lang='lat' dir='ltr'><strong>Jam</strong></span> <span class='ocrx_word' id='word_1_786' title='bbox 3120 4974 3349 5028; x_wconf 90' lang='lat' dir='ltr'><strong>multum</strong></span> <span class='ocrx_word' id='word_1_787' title='bbox 3397 4973 3663 5041; x_wconf 85' lang='lat' dir='ltr'><strong>temporis</strong></span> 
     </span>
    </p>
   </div>
   <div class='ocr_carea' id='block_1_111' title="bbox 2090 5063 3661 5134">
    <p class='ocr_par' dir='ltr' id='par_1_111' title="bbox 2090 5063 3661 5134">
     <span class='ocr_line' id='line_1_111' title="bbox 2090 5063 3661 5134; baseline -0.003 -14"><span class='ocrx_word' id='word_1_788' title='bbox 2090 5064 2500 5129; x_wconf 86' lang='lat' dir='ltr'><strong>intercesserat,</strong></span> <span class='ocrx_word' id='word_1_789' title='bbox 2536 5079 2661 5119; x_wconf 90' lang='lat' dir='ltr'><strong>cum</strong></span> <span class='ocrx_word' id='word_1_790' title='bbox 2710 5065 2937 5134; x_wconf 87' lang='lat' dir='ltr'><strong>quidam</strong></span> <span class='ocrx_word' id='word_1_791' title='bbox 2965 5063 3304 5118; x_wconf 84' lang='lat' dir='ltr'><strong>adulterandi</strong></span> <span class='ocrx_word' id='word_1_792' title='bbox 3344 5063 3528 5117; x_wconf 87' lang='lat' dir='ltr'><strong>animo</strong></span> <span class='ocrx_word' id='word_1_793' title='bbox 3557 5063 3661 5116; x_wconf 90' lang='lat' dir='ltr'><strong>im-</strong></span> 
     </span>
    </p>
   </div>
   <div class='ocr_carea' id='block_1_112' title="bbox 2090 5151 3657 5225">
    <p class='ocr_par' dir='ltr' id='par_1_112' title="bbox 2090 5151 3657 5225">
     <span class='ocr_line' id='line_1_112' title="bbox 2090 5151 3657 5225; baseline 0 -17"><span class='ocrx_word' id='word_1_794' title='bbox 2090 5156 2420 5211; x_wconf 82' lang='lat' dir='ltr'><strong>maculatum</strong></span> <span class='ocrx_word' id='word_1_795' title='bbox 2494 5155 2693 5211; x_wconf 86' lang='lat' dir='ltr'><strong>lectum</strong></span> <span class='ocrx_word' id='word_1_796' title='bbox 2750 5155 3090 5225; x_wconf 86' lang='lat' dir='ltr'><strong>conjugalem</strong></span> <span class='ocrx_word' id='word_1_797' title='bbox 3150 5153 3483 5224; x_wconf 78' lang='lat' dir='ltr'><strong>aggreditur.</strong></span> <span class='ocrx_word' id='word_1_798' title='bbox 3550 5151 3657 5208; x_wconf 79' lang='lat' dir='ltr'><strong>Sed</strong></span> 
     </span>
    </p>
   </div>
   <div class='ocr_carea' id='block_1_113' title="bbox 2090 5245 3660 5315">
    <p class='ocr_par' dir='ltr' id='par_1_113' title="bbox 2090 5245 3660 5315">
     <span class='ocr_line' id='line_1_113' title="bbox 2090 5245 3660 5315; baseline -0.001 -14"><span class='ocrx_word' id='word_1_799' title='bbox 2090 5260 2291 5315; x_wconf 83' lang='lat' dir='ltr'><strong>sponsa</strong></span> <span class='ocrx_word' id='word_1_800' title='bbox 2321 5262 2430 5301; x_wconf 89' lang='lat' dir='ltr'><strong>non</strong></span> <span class='ocrx_word' id='word_1_801' title='bbox 2464 5252 2679 5315; x_wconf 84' lang='lat' dir='ltr'><strong>poterat</strong></span> <span class='ocrx_word' id='word_1_802' title='bbox 2712 5246 3010 5315; x_wconf 88' lang='lat' dir='ltr'><strong>corrumpi.</strong></span> <span class='ocrx_word' id='word_1_803' title='bbox 3044 5260 3109 5301; x_wconf 80' lang='lat' dir='ltr'><strong>ac</strong></span> <span class='ocrx_word' id='word_1_804' title='bbox 3137 5246 3317 5300; x_wconf 85' lang='lat' dir='ltr'><strong>denuo</strong></span> <span class='ocrx_word' id='word_1_805' title='bbox 3346 5245 3573 5309; x_wconf 84' lang='lat' dir='ltr'><strong>reditus,</strong></span> <span class='ocrx_word' id='word_1_806' title='bbox 3604 5252 3660 5300; x_wconf 85' lang='lat' dir='ltr'><strong>et</strong></span> 
     </span>
    </p>
   </div>
   <div class='ocr_carea' id='block_1_114' title="bbox 2087 5335 3661 5406">
    <p class='ocr_par' dir='ltr' id='par_1_114' title="bbox 2087 5335 3661 5406">
     <span class='ocr_line' id='line_1_114' title="bbox 2087 5335 3661 5406; baseline 0 -17"><span class='ocrx_word' id='word_1_807' title='bbox 2087 5351 2282 5391; x_wconf 91' lang='lat' dir='ltr'><strong>rursus</strong></span> <span class='ocrx_word' id='word_1_808' title='bbox 2325 5336 2575 5392; x_wconf 78' lang='lat' dir='ltr'><strong>exsilium</strong></span> <span class='ocrx_word' id='word_1_809' title='bbox 2598 5352 2614 5395; x_wconf 86' lang='lat'><strong>;</strong></span> <span class='ocrx_word' id='word_1_810' title='bbox 2656 5336 2819 5406; x_wconf 87' lang='lat' dir='ltr'><strong>idque</strong></span> <span class='ocrx_word' id='word_1_811' title='bbox 2846 5337 3069 5390; x_wconf 81' lang='lat' dir='ltr'><strong>tertium</strong></span> <span class='ocrx_word' id='word_1_812' title='bbox 3100 5335 3321 5393; x_wconf 77' lang='lat' dir='ltr'><strong>accidit.</strong></span> <span class='ocrx_word' id='word_1_813' title='bbox 3346 5336 3519 5390; x_wconf 87' lang='lat' dir='ltr'><strong>donec</strong></span> <span class='ocrx_word' id='word_1_814' title='bbox 3548 5335 3661 5389; x_wconf 76' lang='lat' dir='ltr'><strong>ha:-</strong></span> 
     </span>
    </p>
   </div>
   <div class='ocr_carea' id='block_1_115' title="bbox 2085 5425 3662 5496">
    <p class='ocr_par' dir='ltr' id='par_1_115' title="bbox 2085 5425 3662 5496">
     <span class='ocr_line' id='line_1_115' title="bbox 2085 5425 3662 5496; baseline 0 -16"><span class='ocrx_word' id='word_1_815' title='bbox 2085 5426 2253 5481; x_wconf 90' lang='lat' dir='ltr'><strong>retica</strong></span> <span class='ocrx_word' id='word_1_816' title='bbox 2283 5427 2513 5496; x_wconf 86' lang='lat' dir='ltr'><strong>caligine</strong></span> <span class='ocrx_word' id='word_1_817' title='bbox 2538 5426 2788 5481; x_wconf 87' lang='lat' dir='ltr'><strong>discussa</strong></span> <span class='ocrx_word' id='word_1_818' title='bbox 2812 5425 3096 5483; x_wconf 85' lang='lat' dir='ltr'><strong>Dominus.</strong></span> <span class='ocrx_word' id='word_1_819' title='bbox 3122 5435 3176 5480; x_wconf 87' lang='lat' dir='ltr'><strong>et</strong></span> <span class='ocrx_word' id='word_1_820' title='bbox 3204 5427 3358 5481; x_wconf 84' lang='lat' dir='ltr'><strong>radio</strong></span> <span class='ocrx_word' id='word_1_821' title='bbox 3382 5427 3533 5496; x_wconf 84' lang='lat' dir='ltr'><strong>pacis</strong></span> <span class='ocrx_word' id='word_1_822' title='bbox 3562 5427 3662 5480; x_wconf 80' lang='lat' dir='ltr'><strong>ad-</strong></span> 
     </span>
    </p>
   </div>
   <div class='ocr_carea' id='block_1_116' title="bbox 418 5510 3660 5591">
    <p class='ocr_par' dir='ltr' id='par_1_116' title="bbox 418 5510 3660 5591">
     <span class='ocr_line' id='line_1_116' title="bbox 418 5510 3660 5591; baseline 0.009 -33"><span class='ocrx_word' id='word_1_823' title='bbox 418 5516 584 5570; x_wconf 83' lang='lat' dir='ltr'><strong>moto,</strong></span> <span class='ocrx_word' id='word_1_824' title='bbox 624 5510 886 5578; x_wconf 88' lang='lat' dir='ltr'><strong>requietis</strong></span> <span class='ocrx_word' id='word_1_825' title='bbox 918 5511 1154 5579; x_wconf 86' lang='lat' dir='ltr'><strong>aliquam</strong></span> <span class='ocrx_word' id='word_1_826' title='bbox 1174 5526 1204 5565; x_wconf 88' lang='lat' dir='ltr'><strong>a</strong></span> <span class='ocrx_word' id='word_1_827' title='bbox 1229 5511 1503 5569; x_wconf 88' lang='lat' dir='ltr'><strong>diuturnis</strong></span> <span class='ocrx_word' id='word_1_828' title='bbox 1532 5514 1809 5571; x_wconf 87' lang='lat' dir='ltr'><strong>laboribus</strong></span> <span class='ocrx_word' id='word_1_829' title='bbox 1833 5533 1983 5587; x_wconf 78' lang='lat' dir='ltr'><strong>spent</strong></span> <span class='ocrx_word' id='word_1_830' title='bbox 2018 5518 2179 5587; x_wconf 87' lang='lat' dir='ltr'><strong>fecit;</strong></span> <span class='ocrx_word' id='word_1_831' title='bbox 2237 5521 2329 5577; x_wconf 89' lang='lat' dir='ltr'><strong>sed</strong></span> <span class='ocrx_word' id='word_1_832' title='bbox 2365 5530 2718 5591; x_wconf 85' lang='lat' dir='ltr'><strong>posteaquam</strong></span> <span class='ocrx_word' id='word_1_833' title='bbox 2750 5537 2812 5577; x_wconf 85' lang='lat' dir='ltr'><strong>se</strong></span> <span class='ocrx_word' id='word_1_834' title='bbox 2843 5529 3034 5575; x_wconf 88' lang='lat' dir='ltr'><strong>mutuo</strong></span> <span class='ocrx_word' id='word_1_835' title='bbox 3064 5536 3258 5577; x_wconf 87' lang='lat' dir='ltr'><strong>rursus</strong></span> <span class='ocrx_word' id='word_1_836' title='bbox 3288 5522 3566 5586; x_wconf 65' lang='lat' dir='ltr'><strong>viderunt.</strong></span> <span class='ocrx_word' id='word_1_837' title='bbox 3602 5531 3660 5577; x_wconf 67' lang='grc' dir='ltr'>οι</span> 
     </span>
    </p>
   </div>
   <div class='ocr_carea' id='block_1_117' title="bbox 419 5604 3656 5676">
    <p class='ocr_par' dir='ltr' id='par_1_117' title="bbox 419 5604 3656 5676">
     <span class='ocr_line' id='line_1_117' title="bbox 419 5604 3656 5676; baseline 0.005 -25"><span class='ocrx_word' id='word_1_838' title='bbox 419 5611 607 5669; x_wconf 81' lang='lat' dir='ltr'><strong>castus</strong></span> <span class='ocrx_word' id='word_1_839' title='bbox 630 5616 785 5656; x_wconf 88' lang='lat' dir='ltr'><strong>amor</strong></span> <span class='ocrx_word' id='word_1_840' title='bbox 815 5604 1243 5674; x_wconf 87' lang='lat' dir='ltr'><strong>spiritualesque</strong></span> <span class='ocrx_word' id='word_1_841' title='bbox 1292 5606 1457 5659; x_wconf 89' lang='lat' dir='ltr'><strong>animi</strong></span> <span class='ocrx_word' id='word_1_842' title='bbox 1488 5607 1883 5664; x_wconf 86' lang='lat' dir='ltr'><strong>oblectationes</strong></span> <span class='ocrx_word' id='word_1_843' title='bbox 1920 5620 2190 5664; x_wconf 73' lang='lat' dir='ltr'><strong>renovata:</strong></span> <span class='ocrx_word' id='word_1_844' title='bbox 2248 5620 2400 5675; x_wconf 90' lang='lat' dir='ltr'><strong>sunt,</strong></span> <span class='ocrx_word' id='word_1_845' title='bbox 2458 5626 2522 5665; x_wconf 85' lang='lat' dir='ltr'><strong>ac</strong></span> <span class='ocrx_word' id='word_1_846' title='bbox 2573 5628 2769 5667; x_wconf 90' lang='lat' dir='ltr'><strong>rursus</strong></span> <span class='ocrx_word' id='word_1_847' title='bbox 2831 5613 3168 5669; x_wconf 86' lang='lat' dir='ltr'><strong>desiderium</strong></span> <span class='ocrx_word' id='word_1_848' title='bbox 3218 5628 3509 5668; x_wconf 86' lang='lat' dir='ltr'><strong>accensum</strong></span> <span class='ocrx_word' id='word_1_849' title='bbox 3549 5624 3656 5676; x_wconf 84' lang='lat' dir='ltr'><strong>cst,</strong></span> 
     </span>
    </p>
   </div>
   <div class='ocr_carea' id='block_1_118' title="bbox 419 5695 2825 5773">
    <p class='ocr_par' dir='ltr' id='par_1_118' title="bbox 419 5695 2825 5773">
     <span class='ocr_line' id='line_1_118' title="bbox 419 5695 2825 5773; baseline 0.003 -22"><span class='ocrx_word' id='word_1_850' title='bbox 419 5695 600 5751; x_wconf 83' lang='lat' dir='ltr'><strong>statim</strong></span> <span class='ocrx_word' id='word_1_851' title='bbox 635 5699 1038 5765; x_wconf 71' lang='lat' dir='ltr'><strong>perceptionem</strong></span> <span class='ocrx_word' id='word_1_852' title='bbox 1068 5700 1365 5770; x_wconf 85' lang='lat' dir='ltr'><strong>voluptatis</strong></span> <span class='ocrx_word' id='word_1_853' title='bbox 1390 5700 1503 5756; x_wconf 70' lang='lat' dir='ltr'><strong>haec</strong></span> <span class='ocrx_word' id='word_1_854' title='bbox 1533 5702 1716 5756; x_wconf 89' lang='lat' dir='ltr'><strong>ultima</strong></span> <span class='ocrx_word' id='word_1_855' title='bbox 1752 5704 2113 5773; x_wconf 74' lang='lat' dir='ltr'><strong>peregrinatio</strong></span> <span class='ocrx_word' id='word_1_856' title='bbox 2141 5704 2348 5759; x_wconf 87' lang='lat' dir='ltr'><strong>dirimit</strong></span> <span class='ocrx_word' id='word_1_857' title='bbox 2373 5714 2426 5759; x_wconf 85' lang='lat' dir='ltr'><strong>et</strong></span> <span class='ocrx_word' id='word_1_858' title='bbox 2456 5705 2825 5772; x_wconf 89' lang='lat' dir='ltr'><strong>interrumpit.</strong></span> 
     </span>
    </p>
   </div>
  </div>
