4132 6356
478 293 584 352 839

550 409 714 468 Venit
742 420 802 466 ut
829 426 927 467 vos
969 419 1229 483 tanquam
1276 427 1535 483 sponsam
1573 423 1819 480 ornaret,
1869 423 1924 471 et
1952 431 2057 469 nu-
2088 417 2136 476 Α

477 506 625 574 ptias
659 504 975 567 instrueret,
1010 520 1111 560 nec
1155 505 1205 559 id
1238 505 1439 560 frustra
1487 507 1751 576 suscepit.
1787 506 2060 561 Praeclara

479 593 742 664 conjugio
775 594 1174 649 benedictionis
1201 609 1438 649 coronas
1474 595 1734 665 imposuit
1761 613 1794 662 ;-
1817 597 2062 652 imitatus

480 697 563 740 est
607 687 920 751 Dominum,
975 695 1035 742 ut
1072 689 1126 741 in
1169 686 1318 740 Cana
1359 687 1597 743 Galilaea:
1643 689 1929 754 Dominus,
1985 691 2058 746 ita

481 780 645 831 etiam
689 779 778 832 hic
813 779 1055 833 imitator
1085 778 1316 833 Christi.
1363 778 1623 836 Judaicas
1653 781 1797 834 enim
1841 781 2062 852 hydrias

485 867 738 924 haeretica
770 883 910 938 aqua
940 869 1198 937 repletas,
1246 870 1450 925 virtute
1481 869 1605 924 fidei
1639 870 1925 925 immutata
1959 887 2059 926 na-

484 964 630 1021 tura,
659 959 769 1012 vini
818 960 1014 1030 integri
1055 968 1110 1015 et
1145 960 1449 1031 incorrupti
1496 962 1686 1030 plenas
1723 961 1872 1017 fecit.
1907 962 2062 1033 Saape

484 1050 630 1105 dulci
671 1067 772 1106 sua
809 1066 947 1106 voce
990 1051 1214 1122 largiter
1257 1051 1426 1107 atl‘usa
1469 1053 1666 1124 gratia,
1722 1053 1966 1109 sobrium
2005 1055 2060 1108 in

482 1141 638 1196 vobis
683 1149 897 1196 cratera
951 1143 1181 1206 statuit;
1251 1158 1628 1214 sapenumero
1675 1147 1832 1202 vobis
1880 1149 2060 1202 omnis

482 1233 698 1303 generis
735 1233 1086 1288 rationalium
1127 1235 1378 1290 ciborum
1417 1237 1639 1306 epulum
1687 1239 1936 1308 praebuit.
1969 1238 2061 1294 Ille

484 1323 700 1391 quidem
746 1324 1122 1380 benedicendo
1170 1325 1415 1394 praeibat,
1455 1328 1700 1398 praeclari
1731 1337 1912 1385 autem
1968 1330 2058 1385 isti

483 1413 736 1483 discipuli
781 1431 1091 1471 sermonem
1141 1417 1448 1471 minutatim
1502 1430 1837 1488 exponentes
1884 1422 2060 1478 turbis

485 1507 898 1562 ministrabant.
931 1509 1009 1565 Ac
1036 1525 1136 1565 nos
1186 1510 1455 1572 laatamur,
1503 1512 1718 1580 generis
1747 1514 1913 1568 vestri
1947 1516 2061 1584 glo.

481 1593 618 1648 riam
651 1597 925 1664 propriam
957 1599 1239 1655 ducentes.
1270 1599 1445 1666 Quam
1483 1603 1758 1672 praeclarae
1791 1603 2056 1660 hactenus

1711 292 1770 350 S.
1808 291 2137 350 GREGOBII
2169 290 2464 350 NYSSENI

3638 290 3746 345 860

2232 410 2404 468 Ἵῐλθε
2434 411 2872 483 νυμφοστολίσων
2907 409 3085 480 ὑμᾶς,
3114 406 3210 461 καὶ
3249 404 3310 458 οὐ
3344 403 3610 474 διήμαρτε
3647 403 3743 456 τοῦ

2166 506 2613 575 σπουδάσματος⁸
2662 501 2900 571 ἐπέθηκε
2936 503 3003 571 τῇ
3051 497 3190 568 καλῇ
3223 494 3455 563 συζυγίᾳ
3491 492 3616 555 τοὺς
3643 493 3744 562 τῆς

2163 597 2410 665 εὐλογίας
2436 595 2730 664 στεφάνους
2748 609 2761 622 ·
2795 591 3104 662 ἐμιμήσατο
3127 588 3217 642 τὸν
3238 584 3518 652 Δεσπότην
3541 599 3553 613 ⁸
3585 583 3658 648 ὼς
3683 583 3743 636 έν

2167 689 2322 742 Κανᾶ
2348 688 2448 759 τῆς
2476 685 2761 749 Γαλιλαίας
2799 686 2829 738 ό
2870 682 3094 753 Κύριος,
3130 678 3302 741 οὕτως
3333 677 3430 730 καὶ
3453 673 3686 728 ἐνταῦθα
3713 673 3742 725 ό

2165 780 2408 851 μιμητὴς
2440 779 2536 833 τοῦ
2589 777 2848 849 Χριστοῦ.
2893 775 3003 838 Τάς
3039 773 3149 842 γὰρ
3202 769 3498 832 ἰουδαῖκάς
3552 767 3742 838 ὑδρίας

2159 867 2254 922 τοῦ
2295 866 2571 939 αἱρετικοῦ
2618 867 2809 930 ὓδατος
2858 861 3328 934 πεπληρωμένας,
3383 860 3612 930 πλήρεις
3644 858 3740 911 τοῦ

2159 958 2437 1030 ἀκηράτου
2465 959 2607 1012 οίνου
2629 959 2906 1030 εποίησεν,
2937 958 2996 1010 ὲν
3019 958 3084 1027 τῇ
3111 954 3336 1023 δυνάμει
3368 955 3468 1023 τῆς
3497 951 3739 1012 πίστεως

2163 1051 2534 1120 μεταποιήσας
2566 1051 2665 1121 τὴν
2713 1049 2896 1120 φύσιν.
2924 1049 3189 1116 Ἔστησεν
3215 1047 3276 1098 ὲν
3311 1045 3440 1114 ὑμῖν
3475 1042 3734 1103 πολλάκις

2161 1143 2416 1214 κρατῆρα
2453 1142 2736 1213 νηφάλιον,
2775 1144 2843 1212 τῇ
2866 1139 3094 1210 γλυκείᾳ
3126 1136 3292 1191 αὐτοῦ
3322 1138 3472 1205 φωνῇ
3499 1131 3735 1201 δαψιλῶς

2158 1237 2473 1307 οἰνοχοήσας
2521 1235 2621 1306 τὴν
2670 1235 2864 1305 χάριν·
2919 1230 3178 1293 πολλάκις
3235 1229 3364 1298 ὑμῖν
3397 1223 3739 1296 προεθήκατο

2156 1329 2256 1399 τὴν
2285 1327 2508 1398 λογικὴν
2537 1325 2880 1379 πανδαισίαν.
2923 1324 2982 1376 Ὀ
3017 1322 3115 1392 μὲν
3138 1317 3376 1386 εὐλογῶν
3406 1315 3700 1384 καθηγεῖτο
3721 1329 3734 1342 ⁸

2157 1420 2207 1472 οἱ
2236 1419 2294 1472 δὲ
2320 1419 2477 1472 καλοὶ
2513 1411 2657 1472 οὗτοι
2691 1415 2947 1488 μαθηταὶ,
2981 1411 3263 1483 διηκόνουν
3285 1411 3399 1472 τοῖς
3427 1407 3606 1477 δχλοις
3631 1423 3736 1476 μυ-

2159 1509 2499 1574 θοποιοῦντες
2526 1510 2618 1563 τὸν
2645 1509 2822 1577 λόγον.
2848 1507 2959 1561 Καὶ
2988 1507 3146 1576 ἡμεῖς
3176 1498 3601 1572 εὐφραινόμεθα,
3633 1497 3735 1566 τὴν

2157 1601 2251 1655 τοῦ
2307 1601 2495 1670 γένους
2543 1601 2697 1670 ὑμῶν
2759 1597 2940 1663 δόξαν,
2984 1594 3190 1648 οἰκείαν
3246 1590 3582 1660 ποιούμενοι.
3645 1589 3735 1650 Ὠς

481 1687 847 1752 narrationes,
895 1704 1057 1758 quam
1109 1691 1328 1746 beatum
1367 1700 1420 1747 et
1462 1692 1758 1762 optandum
1805 1703 1950 1750 esset
1998 1697 2052 1750 in

2162 1693 2300 1746 καλά
2345 1692 2504 1763 μέχρι
2542 1691 2729 1744 τούτου
2760 1689 2830 1743 τὰ
2863 1687 3211 1757 διηγήματα’
3245 1682 3321 1745 ὡς
3354 1679 3624 1750 μακάριον
3667 1672 3736 1747 ἧν

480 1775 567 1829 his
613 1777 862 1834 desinere
915 1788 1078 1850 atque
1116 1781 1259 1836 ﬁniri
1312 1786 1668 1838 sermonem!
1723 1783 1828 1840 Sed
1868 1795 2054 1856 postea

480 1866 654 1935 quid?
694 1866 884 1923 Vocate
913 1870 1330 1941 lamentatrices,
1365 1874 1544 1944 inquit
1570 1873 1836 1931 Jeremias
1861 1879 1898 1930 '.
1936 1876 2062 1934 Non

479 1956 622 2010 enim
655 1960 812 2014 aliter
841 1975 939 2015 cor
969 1961 1170 2018 ardens
1203 1978 1268 2018 ac
1297 1979 1408 2035 prae
1437 1965 1627 2022 dolore
1655 1967 2053 2033 intumescens,

479 2043 634 2099 leniri
661 2063 724 2100 ac
758 2049 993 2120 mitigari
1026 2059 1228 2120 potest,
1260 2054 1366 2108 nisi
1398 2055 1693 2124 gemitibus
1715 2065 1771 2111 et
1794 2057 2055 2128 lacrymis

479 2137 809 2192 sublevetur.
841 2139 997 2197 Tunc
1032 2142 1432 2200 discessionem
1459 2161 1586 2216 spes
1618 2148 1828 2204 reditus
1858 2164 2056 2204 conso-

478 2229 726 2284 labatur:
764 2246 909 2285 nunc
940 2241 1182 2288 extrema
1209 2249 1238 2287 a
1267 2235 1426 2291 nobis
1452 2237 1798 2293 discessione
1831 2241 2055 2296 avulsus

476 2328 581 2374 est.
611 2320 840 2391 Magnus
881 2322 1065 2378 hiatus
1105 2325 1250 2379 inter
1281 2341 1406 2380 eum
1438 2335 1492 2380 et
1527 2326 1825 2382 Ecclesiam
1862 2331 1916 2383 in
1943 2346 2056 2384 me-

477 2412 571 2466 dio
595 2412 840 2469 firmatus
870 2423 972 2470 est.
1005 2415 1097 2470 Ille
1117 2416 1338 2486 quidem
1365 2417 1417 2470 in
1443 2418 1566 2472 sinu
1593 2418 1827 2474 Abraha:
1849 2422 2058 2491 requie-

477 2501 617 2566 scit;
651 2504 824 2571 atqui
860 2511 1068 2573 guttam
1105 2519 1282 2573 aqum,
1311 2519 1416 2574 qua
1448 2519 1662 2570 eorum,
1687 2507 1779 2576 qui
1805 2511 2056 2563 crucian-

479 2599 586 2654 tur,
628 2593 811 2662 lingua
848 2593 1223 2663 refrigeretur,
1280 2603 1634 2665 transportet,
1687 2612 1794 2651 non
1821 2607 1923 2654 est.
1955 2599 2055 2654 Pe«

478 2685 569 2737 riit
600 2684 688 2739 ille
705 2685 892 2749 decor,
924 2685 1050 2741 silet
1071 2701 1199 2748 vox,
1230 2687 1451 2742 occlusa
1474 2695 1603 2742 sunt
1633 2688 1795 2750 labia,
1821 2691 2054 2744 avolavit

476 2775 671 2842 gratia.
708 2774 780 2829 Ut
821 2776 896 2830 rei
935 2779 1224 2845 praeteritae
1261 2779 1530 2841 narratio,
1573 2779 1804 2836 felicitas
1855 2784 2055 2837 evasit.

475 2865 762 2922 Molestum
793 2877 913 2922 erat
938 2869 1067 2923 olim
1097 2871 1262 2925 etiam
1308 2868 1611 2926 Israelitico
1639 2871 1862 2942 populo,
1907 2873 2051 2942 quod

476 2956 622 3012 Elias
653 2973 683 3011 a
724 2965 869 3013 terra
913 2959 980 3014 ad
1008 2959 1176 3016 Deum
1215 2961 1552 3017 subvolaret.
1592 2961 1699 3018 Sed
1743 2962 2048 3020 discessum

2158 1785 2366 1848 τούτοις
2395 1783 2720 1848 ὲναπολῆξαι
2742 1782 2832 1836 τὸν
2861 1780 3042 1848 λόγον.
3078 1775 3238 1830 Ἀλλὰ
3274 1773 3414 1844 μετὰ
3443 1769 3618 1824 ταῦτα
3645 1769 3699 1822 τί
3720 1787 3732 1831 ἱ

2160 1877 2465 1932 Καλέσατε
2489 1876 2597 1941 τὰς
2624 1873 2989 1942 θρηνούσας,
3039 1872 3066 1922 ὁ
3104 1864 3372 1937 Ἱερεμίας
3413 1861 3598 1932 φησίν.
3655 1860 3730 1913 Ού

2156 1969 2266 2039 γὰρ
2293 1967 2441 2020 ἔστιν
2472 1965 2646 2028 ἄλλως
2679 1962 3018 2033 φλεγομένην
3041 1957 3266 2030 καρδίαν
3293 1952 3730 2022 καταπεφθῆναι,

2156 2061 2261 2114 ὑπὸ
2310 2059 2402 2113 τοῦ
2459 2057 2664 2120 πάθους
2720 2055 3086 2112 οίδαίνουσαν,
3145 2050 3220 2120 μὴ
3269 2048 3588 2116 στεναγμοῖς
3638 2045 3735 2098 καὶ

2155 2149 2410 2221 δακρύοις
2436 2145 2854 2217 κουφιζομένην.
2890 2143 3025 2196 Τότε
3053 2137 3425 2211 παρεμυθεῖτο
3447 2135 3538 2187 τὸν
3563 2151 3700 2203 χωρι
3718 2163 3732 2174 -

2157 2242 2292 2312 σμὸν
2340 2243 2374 2311 ἡ
2416 2239 2517 2309 τῆς
2561 2237 2822 2292 ἐπανόδου
2869 2234 3049 2297 έλπίς·
3105 2231 3198 2285 νῦν
3253 2229 3310 2282 δὲ
3355 2227 3447 2280 τὸν
3500 2226 3728 2294 ἔσχατον

2155 2333 2312 2405 ήμῶν
2365 2330 2643 2403 χωρισμὸν
2686 2326 3012 2397 ἁπεσχίσθη.
3074 2324 3274 2392 Χάσμα
3332 2319 3476 2390 μέγα
3527 2316 3729 2387 μεταξὺ

2154 2422 2318 2477 αὐτοῦ
2351 2438 2410 2475 τε
2440 2421 2534 2475 καὶ
2563 2420 2662 2489 τῆς
2693 2416 3017 2487 Ἐκκλησίας
3052 2411 3193 2467 κατὰ
3221 2411 3282 2464 τὺ
3315 2409 3478 2480 μέσον
3511 2406 3732 2475 ἐστήρι-

2155 2531 2278 2569 κται
2302 2531 2316 2546 ο
2351 2515 2380 2566 ό
2412 2513 2510 2584 μὲν
2543 2514 2601 2566 ὲν
2645 2513 2756 2574 τοῖς
2787 2510 3007 2570 κόλποις
3036 2504 3130 2559 τοῦ
3171 2501 3423 2574 Ἀϐραάμ
3454 2497 3730 2552 ἀναπαύε-

2151 2622 2272 2660 ται·
2307 2607 2335 2658 ό
2363 2605 2419 2658 δὲ
2452 2602 2780 2673 διακομίζων
2823 2601 2924 2672 τὴν
2974 2597 3210 2665 σταγόνα
3250 2588 3344 2647 τοῦ
3393 2591 3601 2650 ὓδατος.
3643 2590 3730 2642 ἵνα

2153 2696 2438 2767 καταψύξῃ
2466 2694 2574 2748 τῶν
2610 2692 2962 2762 ὁδυνωμένων
2993 2689 3092 2758 τὴν
3121 2687 3394 2756 γλῶσσαν,
3431 2689 3531 2741 οὐκ
3557 2687 3726 2740 ἔστιν.

2153 2791 2370 2859 Οίχεται
2397 2788 2458 2841 τὸ
2493 2786 2690 2849 κάλλος
2729 2785 2925 2845 έκεῖνο,
2965 2782 3094 2851 σιγᾷ
3126 2782 3159 2849 ἡ
3192 2781 3343 2848 φωνή
3365 2797 3378 2809 ⁸
3419 2781 3629 2849 μέμυκε
3661 2779 3729 2831 τά

2158 2881 2310 2953 χείλη
2329 2919 2343 2942 ,
2385 2879 2603 2948 ἀπέπτη
2631 2879 2664 2946 ὴ
2693 2877 2871 2946 χάρις;
2923 2874 3176 2942 Διήγημα
3211 2871 3435 2938 γέγονεν
3467 2871 3500 2940 ἡ
3531 2869 3729 2938 εὐκλη-

2157 2971 2268 3043 ρία.
2315 2969 2534 3022 Ἐλύπει
2565 2967 2694 3020 ποτὲ
2723 2965 2816 3018 καὶ
2855 2963 2947 3016 τὸν
2999 2960 3337 3030 ἰσραηλίτην
3373 2959 3500 3012 λαὸν
3543 2957 3726 3020 Ἠλίας

476 3047 708 3112 Eliseus,
737 3051 981 3120 magistri
1013 3052 1182 3122 pallio
1212 3053 1445 3122 pelliceo
1468 3063 1696 3109 ornatus
1724 3056 2048 3110 consolaba-

2153 3061 2260 3116 ἀπὸ
2295 3061 2399 3131 γῆς
2451 3059 2590 3129 πρὸς
2635 3055 2766 3109 Θεὸν
2819 3053 3202 3122 ἁνιπτάμενος.
3274 3049 3433 3103 Ἀλλά
3480 3065 3727 3120 παρεμυ-

377 3173 390 3188 .
473 3147 584 3193 tur.
645 3139 802 3196 Nunc
848 3157 982 3196 vero
1023 3143 1224 3199 vulnus
1281 3152 1504 3215 superat
1559 3154 1730 3199 artem
1782 3146 2045 3204 curandi:

473 3233 731 3301 quoniam
759 3241 814 3288 et
843 3232 988 3290 Elias
1014 3245 1358 3307 assumptus,
1387 3245 1442 3292 et
1469 3236 1683 3293 Eliseus
1718 3254 1826 3294 non
1854 3248 1939 3296 est
1965 3256 2051 3297 re-

473 3325 656 3380 lictus.
687 3325 884 3382 Audite
923 3343 989 3382 ex
1019 3325 1254 3382 Ieremia
1288 3327 1476 3384 tristes
1521 3343 1586 3383 ac
1646 3329 1854 3386 ﬂebiles
1883 3347 2050 3402 quas-

471 3415 598 3468 dam
628 3431 809 3477 voces,
840 3418 1044 3486 quibus
1071 3427 1131 3473 ut
1165 3417 1436 3473 desertam
1471 3419 1663 3476 urbem
1692 3419 2051 3492 Jerosolymi-

472 3514 726 3561 tanorum
790 3508 1062 3579 deplorat,
1131 3511 1226 3581 qui
1279 3527 1405 3567 cum
1463 3512 1569 3566 alia
1617 3512 1866 3583 quaedam
1925 3529 2049 3569 cum

473 3597 955 3654 commiseratione
1005 3601 1342 3669 pronuntiat,
1393 3611 1506 3656 tum
1544 3603 1696 3656 hoc:
1747 3602 1858 3656 Via:
1895 3601 2047 3669 Sion,

476 3685 711 3755 iuquit',
743 3687 939 3757 lugent.
971 3687 1095 3743 Haec
1120 3696 1252 3744 tunc
1270 3690 1488 3759 quidem
1512 3689 1680 3754 dicta,
1701 3707 1845 3746 nunc
1869 3699 2050 3747 autem

476 3776 702 3846 impleta
729 3785 880 3832 sunt.
913 3779 1048 3832 Nam
1089 3781 1183 3835 ubi
1229 3779 1373 3834 fama
1404 3781 1730 3836 calamitatis
1771 3782 2050 3853 divulgata

475 3865 660 3932 fuerit,
712 3876 843 3924 tunc
875 3869 975 3925 vite
1011 3879 1066 3924 et
1093 3871 1268 3941 plena:
1313 3871 1612 3942 lugentium
1648 3880 1832 3939 erunt,
1876 3881 1932 3928 et
1969 3876 2052 3928 ef-

476 3955 777 4013 funduntur
813 3959 908 4029 qui
958 3963 1025 4015 ab
1063 3976 1130 4016 eo
1158 3963 1548 4031 pascebantur,
1593 3961 1959 4019 Ninivitarum
1994 3964 2050 4020 in

475 4048 789 4105 calamitate
832 4066 1020 4106 vocem
1056 4052 1373 4110 imitantes:
1407 4054 1515 4109 imo
1543 4069 1675 4110 vero
1705 4055 1872 4110 etiam
1924 4070 2052 4124 gra-

475 4139 596 4194 vius
623 4150 678 4195 et
707 4142 957 4198 acerbius
1010 4159 1174 4214 quam
1209 4145 1287 4199 illi
1329 4145 1598 4201 dolentes.
1637 4145 1773 4201 Nam
1827 4146 2046 4202 illorum

474 4232 695 4302 quidem
723 4235 1043 4291 lamentatio
1073 4247 1277 4292 metum
1313 4239 1513 4305 solvit;
1546 4239 1633 4293 his
1677 4254 1807 4294 vero
1837 4239 2047 4301 nullum

475 4323 778 4380 remedium
829 4329 1099 4383 malorum
1134 4329 1205 4383 ab
1251 4330 1738 4385 lamentationibus
1768 4339 2045 4401 speratur.

474 4413 610 4468 Novi
642 4417 936 4485 quamdam
970 4419 1138 4474 etiam
1169 4420 1329 4474 aliam
1354 4419 1604 4476 Jeremiae
1633 4437 1843 4490 vocent,
1893 4424 2049 4479 libris

475 4503 815 4560 Psalmorum
847 4518 1284 4573 annumeratam,
1318 4525 1482 4579 quam
1511 4511 1844 4581 captivitatis
1876 4513 2051 4568 Israe-

475 4597 638 4652 liticae
683 4599 903 4654 nomine
930 4600 1127 4664 edidit.
1161 4600 1340 4656 Verba
1397 4609 1580 4656 autem
1627 4600 1926 4672 Scriptura:
1973 4603 2048 4658 ita

473 4703 596 4745 sese
630 4691 830 4744 habent
854 4710 867 4744 :
918 4689 986 4745 In
1013 4693 1266 4747 salicibus
1294 4695 1664 4763 suspendimus
1693 4695 2048 4750 instrumenta

473 4790 658 4838 nostra
681 4781 722 4845 ³.
745 4781 966 4838 silentio
983 4798 1106 4838 cum
1131 4785 1518 4856 nosmetipsos,
1540 4794 1655 4840 tum
1675 4785 2042 4842 instrumenta

473 4871 926 4930 condemnantes.
963 4873 1068 4929 Pro
1097 4891 1218 4931 mea
1269 4875 1414 4930 hanc
1442 4891 1650 4947 usurpo
1690 4879 2042 4932 cantilenam.

469 4960 608 5016 Nam
660 4964 707 5018 si
751 4964 941 5020 videro
998 4965 1308 5020 haereticam
1357 4967 1734 5022 confusionem
1771 4967 2045 5038 (Babylon

472 5061 654 5107 autem
681 5056 922 5125 confusio
957 5057 1096 5126 est),
1143 5065 1196 5110 et
1230 5056 1275 5112 si
1312 5056 1501 5111 videro
1535 5057 1884 5120 tentationes,
1924 5073 2047 5127 qum.

471 5159 570 5214 per
607 5147 986 5204 confusionem
1019 5147 1234 5203 fluunt:
1271 5147 1387 5203 hate
1413 5148 1502 5202 illa
1541 5163 1666 5202 esse
1695 5147 1785 5202 aio
1814 5147 2045 5220 Babylo-

471 5238 560 5288 nia
593 5235 837 5303 flumina,
891 5239 1094 5310 quibus
1139 5239 1445 5296 assidentes
1489 5240 1705 5302 flemus,
1751 5243 1895 5310 quod
1933 5257 2040 5296 non

473 5325 791 5391 habeamus,
820 5329 913 5399 qui
944 5345 1040 5399 per
1065 5344 1129 5384 ea
1158 5345 1259 5386 nos
1285 5330 1545 5398 trajiciat.
1582 5329 1737 5395 Quod
1773 5330 1817 5384 si
1846 5331 2044 5385 salices

471 5415 862 5482 nominaveris,
890 5429 944 5475 et
970 5422 1026 5476 in
1049 5422 1116 5477 iis
1144 5437 1414 5492 suspensa
1447 5423 1830 5485 instrumenta,
1858 5437 2036 5476 meum

470 5505 634 5560 etiam
671 5506 772 5562 hoc
803 5511 1031 5581 aenigma
1089 5512 1273 5578 fuerit,
1325 5529 1451 5570 vere
1482 5527 1720 5584 namque
1760 5513 1896 5567 salix
1956 5520 2041 5566 est

2154 3155 2297 3208 θεῖτο
2328 3152 2419 3205 τὸν
2465 3147 2742 3222 χωρισμὸν
2803 3145 3122 3207 Ἐλισσαῖος,
3175 3144 3240 3212 τῇ
3273 3140 3492 3211 μηλωτῇ
3518 3139 3613 3193 τοῦ
3646 3139 3728 3193 δι-

2148 3245 2418 3301 δασκάλου
2468 3239 2861 3311 κοσμούμενος.
2922 3235 3055 3290 Νυνὶ
3106 3234 3164 3287 δὲ
3217 3233 3280 3286 τδ
3328 3233 3547 3303 τραῦμα
3587 3231 3728 3302 ὑπὲρ

2149 3335 2441 3407 θεραπείαν
2497 3333 2679 3386 ἐστίν’
2725 3331 2806 3384 ὅτι
2868 3328 2961 3381 καὶ
3023 3325 3209 3388 Ἠλίας
3271 3323 3581 3392 ἀνελήφθη,
3632 3323 3730 3376 καὶ

2160 3427 2463 3488 Ἐλισσαῖος
2485 3427 2582 3495 οὐχ
2613 3421 2935 3492 ὑπελείφθη.
2979 3418 3278 3472 Ἠκούσατε
3317 3415 3410 3470 τοῦ
3460 3415 3727 3486 Ἰερεμίου

2150 3519 2331 3587 φωνάς
2360 3533 2514 3580 τινας
2547 3514 2874 3585 σκυθρωπάς
2903 3512 2996 3566 καὶ¹
3027 3509 3268 3578 γοώδεις,
3308 3507 3373 3571 ἃς
3401 3507 3475 3570 ὡς
3504 3508 3725 3578 έρημωο

2152 3611 2345 3679 θεῖσαν
2383 3608 2482 3679 τὴν
2516 3608 2669 3662 πόλιν
2707 3601 3148 3677 Ἱεροσολυμιτῶν
3189 3599 3627 3669 κατεθρήνησεν·
3667 3595 3726 3660 ὃς

2149 3701 2286 3756 ἄλλα
2304 3677 2364 3755 τέ
2397 3677 2518 3753 τινα
2555 3697 2870 3770 περιπαθῶς
2897 3693 3170 3764 διεξῆλθεν
3206 3691 3300 3745 καὶ
3335 3689 3491 3744 τοῦτό
3522 3705 3686 3759 φησιν
3709 3706 3723 3719 ο

2162 3791 2318 3845 Ὀδοὶ
2365 3788 2518 3844 Σιὼν
2563 3787 2908 3842 πενθοῦσιν.
2953 3782 3137 3836 Ταῦτα
3181 3781 3300 3834 τότε
3349 3781 3446 3850 μὲν
3489 3779 3724 3847 εἴρηται,

2150 3881 2244 3935 νῦν
2266 3881 2322 3934 δὲ
2364 3880 2739 3950 πεπλήρωται.
2775 3877 2944 3929 Ὅταν
2965 3873 3074 3945 γὰρ
3101 3870 3470 3943 περιαγγελθῇ
3498 3869 3591 3921 τοῦ
3621 3867 3726 3921 πά-

2151 3973 2277 4036 θους
2303 3975 2335 4042 ἡ
2361 3973 2538 4042 φήμη,
2571 3971 2691 4023 τότε
2722 3968 2952 4038 πλήρεις
2981 3965 3192 4018 ἔσονται
3233 3964 3289 4016 αἱ
3315 3963 3424 4016 ὁδοὶ
3454 3961 3565 4015 τῶν
3594 3977 3725 4013 πενε-

2151 4063 2403 4126 θούντων,
2456 4062 2548 4114 καὶ
2596 4058 3024 4131 προχεθήσονται
3067 4057 3117 4108 οί
3145 4055 3237 4106 ὑπ’
3281 4052 3460 4106 αὐτῶν
3500 4069 3723 4120 ποιμαι-

2150 4155 2394 4226 νόμενοι,
2425 4153 2522 4224 τὴν
2550 4151 2659 4205 τῶν
2702 4149 3000 4204 Νινευῖτῶν
3032 4147 3216 4217 φωνὴν
3253 4145 3344 4198 ἐπὶ
3373 4144 3469 4197 τοῦ
3519 4142 3723 4206 πάθους

2153 4246 2477 4318 μιμούμενοι
2499 4261 2513 4274 ⁸
2554 4243 2754 4312 μᾶλλον
2790 4241 2848 4294 δὲ
2883 4241 3151 4294 κάκείνων
3194 4237 3571 4306 ἀλγεινότερον
3602 4234 3724 4287 ὀδυ-

2152 4337 2400 4406 νὼμενοι.
2435 4335 2559 4396 Τοῖς
2595 4334 2694 4402 μὲν
2725 4331 2835 4402 γὰρ
2864 4333 2893 4384 ό
2945 4329 3141 4401 θρῆνος
3182 4329 3272 4380 τὸν
3301 4325 3464 4395 φόσον
3496 4325 3684 4376 ἔλυσεν
3703 4335 3718 4349 ·

2079 4397 2127 4455 D
2152 4397 2264 4490 τοῖς
2309 4427 2366 4478 δὲ
2394 4425 2545 4487 λύσις
2591 4397 2816 4493 οὐδεμία
2858 4397 3190 4474 τῶντκακῶν
3223 4418 3330 4472 ἀπὸ
3370 4416 3478 4469 τῶν
3508 4415 3720 4486 θρήνων

2150 4517 2445 4581 ὲλπίζεται.
2478 4513 2609 4569 Οἶδά
2630 4533 2751 4568 τινα
2781 4513 2874 4567 τοῦ
2908 4512 3174 4583 Ἱερεμίου
3202 4511 3296 4565 καὶ
3325 4509 3489 4580 ἄλλην
3515 4508 3717 4576 φωνὴν,

2148 4612 2268 4674 ταῖς
2298 4609 2497 4679 βίϐλοις
2525 4605 2690 4660 οὖσαν
2724 4606 2832 4659 τῶν
2870 4602 3119 4674 Ψαλμῶν
3148 4602 3482 4673 ἐναρίθμιον,
3531 4599 3599 4670 ἦν
3628 4599 3721 4651 ἐπὶ

2147 4704 2214 4772 τῇ
2262 4699 2606 4770 αἰχμαλωσίᾳ
2641 4695 2735 4749 τοῦ
2790 4695 3006 4766 Ἰσραὴλ
3050 4695 3364 4763 ἐποιήσατο.
3419 4691 3557 4761 Φησὶ
3596 4690 3653 4743 δὲ
3691 4692 3720 4742 ό

2146 4791 2329 4860 λόγος,
2381 4791 2462 4842 ὅτι
2519 4789 2622 4841 Ἐν
2680 4784 2858 4850 ῖτέαις
2913 4783 3326 4853 ἐκρεμάσαμεν
3369 4780 3600 4834 ἑαυτῶν
3648 4779 3721 4831 τὰ

2151 4882 2400 4949 ὄργανα,
2441 4876 2649 4946 σιωπὴν
2700 4875 2908 4928 ἑαυτῶν
2938 4891 2998 4926 τε
3026 4873 3120 4926 καὶ
3149 4872 3256 4924 τῶν
3280 4870 3524 4942 ὀργάνων
3555 4886 3721 4922 κατα-

2148 4971 2482 5031 δικάσαντες.
2524 4965 2692 5036 Ἐμὴν
2720 4965 2977 5034 ποιοῦμαι
3004 4963 3104 5034 τὴν
3143 4962 3284 5033 ᾠδὴν
3320 4959 3544 5028 ταύτην.
3594 4959 3720 5010 Ἐὰν

2148 5063 2255 5134 γὰρ
2286 5063 2380 5115 ἴδω
2418 5059 2516 5130 τὴν
2549 5057 2832 5129 αἱρετικὴν
2864 5057 3124 5126 σύγχυσιν
3159 5050 3450 5126 (Βαϐυλὼν
3478 5051 3536 5103 δέ
3574 5051 3720 5102 ἐστιν

2153 5155 2191 5220 ἡ
2250 5148 2607 5221 σύγχυσις).
2655 5149 2748 5199 καὶ
2781 5147 2874 5199 ἐὰν
2911 5146 3004 5198 ῖδω
3036 5145 3160 5207 τοὺς
3211 5140 3553 5214 πειρασμοὺς
3595 5138 3720 5201 τοὺς

2147 5243 2235 5296 διὰ
2259 5242 2358 5310 τῆς
2402 5240 2711 5309 συγχύσεως
2745 5237 2994 5308 ῥέοντας·
3045 5234 3216 5288 ταῦτα
3246 5232 3430 5287 ἐκεῖνὰ
3468 5248 3611 5300 φημι
3650 5229 3720 5281 τὰ

2150 5329 2462 5383 Βαϐυλώνια
2502 5329 2768 5399 ῥεύματα,
2817 5319 2899 5389 οἷς
2946 5323 3388 5394 προσκαθήμενοι
3433 5319 3716 5386 κλαίομεν,

2149 5421 2229 5476 ὅτι
2257 5419 2347 5472 τὸν
2383 5419 2636 5487 διάγοντα
2679 5417 2827 5486 ἡμᾶς
2862 5413 2950 5467 διὰ
2977 5412 3180 5466 τούτων
3209 5411 3309 5465 οὐκ
3352 5409 3566 5480 ἔχομεν.
3601 5403 3719 5456 Κᾶν

2147 5513 2243 5576 τὰς
2274 5510 2418 5572 ἰτέας
2461 5510 2643 5582 εῐπῃς,
2677 5507 2770 5560 καὶ
2802 5505 2872 5558 τά
2917 5504 3009 5557 ἐπὶ
3039 5502 3245 5557 τούτων
3289 5502 3528 5570 ὄργανα·
3585 5494 3718 5566 ἐμὸν

545 5681 560 5712 ¹
600 5679 708 5738 Jer.
760 5698 832 5748 Ix,
891 5684 973 5738 17.
1053 5687 1071 5716 ²
1097 5683 1296 5741 Thrcn.
1329 5701 1368 5754 ι,
1400 5686 1452 5741 ι.
1529 5687 1549 5718 ³
1574 5686 1716 5741 l’sal.
1749 5701 1970 5750 sunt,
2006 5686 2038 5739 9..
2072 5702 2230 5754 seqq.
