  <div class='ocr_page' id='page_1' title='image "/cluster/home/n/w/nwhite01/storage/ocr_20150623/46/nnc1.0046978380/438.png"; bbox 0 0 4132 6356; ppageno 0'>
   <div class='ocr_carea' id='block_1_1' title="bbox 433 305 530 363">
    <p class='ocr_par' dir='ltr' id='par_1_1' title="bbox 433 305 530 363">
     <span class='ocr_line' id='line_1_1' title="bbox 433 305 530 363; baseline -0.021 0"><span class='ocrx_word' id='word_1_1' title='bbox 433 305 530 363; x_wconf 81' lang='grc'><strong>861</strong></span> 
     </span>
    </p>
   </div>
   <div class='ocr_carea' id='block_1_2' title="bbox 1651 294 2470 358">
    <p class='ocr_par' dir='ltr' id='par_1_2' title="bbox 1651 294 2470 358">
     <span class='ocr_line' id='line_1_2' title="bbox 1651 294 2470 358; baseline -0.005 -2"><span class='ocrx_word' id='word_1_2' title='bbox 1651 301 1735 358; x_wconf 84' lang='lat' dir='ltr'><strong>DE</strong></span> <span class='ocrx_word' id='word_1_3' title='bbox 1775 298 2078 357; x_wconf 78' lang='lat' dir='ltr'><strong>MELETIO</strong></span> <span class='ocrx_word' id='word_1_4' title='bbox 2120 294 2470 352; x_wconf 79' lang='lat' dir='ltr'><strong>EPISCOPO.</strong></span> 
     </span>
    </p>
   </div>
   <div class='ocr_carea' id='block_1_3' title="bbox 3572 290 3679 343">
    <p class='ocr_par' dir='ltr' id='par_1_3' title="bbox 3572 290 3679 343">
     <span class='ocr_line' id='line_1_3' title="bbox 3572 290 3679 343; baseline -0.019 0"><span class='ocrx_word' id='word_1_5' title='bbox 3572 290 3679 343; x_wconf 64' lang='grc' dir='ltr'><strong>εἶ,ὶὲ</strong></span> 
     </span>
    </p>
   </div>
   <div class='ocr_carea' id='block_1_4' title="bbox 433 405 2005 489">
    <p class='ocr_par' dir='ltr' id='par_1_4' title="bbox 433 417 2003 489">
     <span class='ocr_line' id='line_1_4' title="bbox 433 417 2003 489; baseline -0.003 -18"><span class='ocrx_word' id='word_1_6' title='bbox 433 421 527 471; x_wconf 84' lang='grc' dir='ltr'>κα“·.</span> <span class='ocrx_word' id='word_1_7' title='bbox 557 418 714 471; x_wconf 73' lang='grc' dir='ltr'>τοῦτο</span> <span class='ocrx_word' id='word_1_8' title='bbox 745 418 805 471; x_wconf 74' lang='grc' dir='ltr'>τὸ</span> <span class='ocrx_word' id='word_1_9' title='bbox 849 418 1096 489; x_wconf 74' lang='grc' dir='ltr'>αἴνιγμα.</span> <span class='ocrx_word' id='word_1_10' title='bbox 1137 420 1342 483; x_wconf 87' lang='grc' dir='ltr'>Ὄντως</span> <span class='ocrx_word' id='word_1_11' title='bbox 1374 419 1482 489; x_wconf 76' lang='grc' dir='ltr'><strong>γὰρ</strong></span> <span class='ocrx_word' id='word_1_12' title='bbox 1513 421 1572 471; x_wconf 82' lang='grc' dir='ltr'><strong>ἐν</strong></span> <span class='ocrx_word' id='word_1_13' title='bbox 1606 420 1772 480; x_wconf 83' lang='grc' dir='ltr'>ἰτέαις</span> <span class='ocrx_word' id='word_1_14' title='bbox 1814 420 1842 470; x_wconf 99' lang='lat'><strong>6</strong></span> <span class='ocrx_word' id='word_1_15' title='bbox 1872 417 2003 486; x_wconf 74' lang='grc' dir='ltr'>βίος.</span> 
     </span>
    </p>
   </div>
   <div class='ocr_carea' id='block_1_5' title="bbox 2107 405 3680 489">
    <p class='ocr_par' dir='ltr' id='par_1_5' title="bbox 2111 405 3680 467">
     <span class='ocr_line' id='line_1_5' title="bbox 2111 405 3680 467; baseline -0.005 -2"><span class='ocrx_word' id='word_1_16' title='bbox 2111 414 2239 465; x_wconf 82' lang='lat' dir='ltr'><strong>vita.</strong></span> <span class='ocrx_word' id='word_1_17' title='bbox 2269 411 2403 465; x_wconf 85' lang='lat' dir='ltr'><strong>Nam</strong></span> <span class='ocrx_word' id='word_1_18' title='bbox 2444 411 2608 465; x_wconf 87' lang='lat' dir='ltr'><strong>arbor</strong></span> <span class='ocrx_word' id='word_1_19' title='bbox 2642 410 2843 467; x_wconf 90' lang='lat' dir='ltr'><strong>sterilis</strong></span> <span class='ocrx_word' id='word_1_20' title='bbox 2894 410 3032 465; x_wconf 78' lang='lat' dir='ltr'><strong>salix</strong></span> <span class='ocrx_word' id='word_1_21' title='bbox 3084 416 3208 465; x_wconf 89' lang='lat' dir='ltr'><strong>est:</strong></span> <span class='ocrx_word' id='word_1_22' title='bbox 3238 423 3267 462; x_wconf 92' lang='lat' dir='ltr'><strong>a</strong></span> <span class='ocrx_word' id='word_1_23' title='bbox 3300 405 3462 462; x_wconf 86' lang='lat' dir='ltr'><strong>nobis</strong></span> <span class='ocrx_word' id='word_1_24' title='bbox 3498 413 3680 459; x_wconf 88' lang='lat' dir='ltr'><strong>autem</strong></span> 
     </span>
    </p>
   </div>
   <div class='ocr_carea' id='block_1_6' title="bbox 433 509 2002 582">
    <p class='ocr_par' dir='ltr' id='par_1_6' title="bbox 433 509 2002 582">
     <span class='ocr_line' id='line_1_6' title="bbox 433 509 2002 582; baseline 0.001 -22"><span class='ocrx_word' id='word_1_25' title='bbox 433 510 660 579; x_wconf 79' lang='grc' dir='ltr'>Δένδρον</span> <span class='ocrx_word' id='word_1_26' title='bbox 700 509 808 579; x_wconf 85' lang='grc' dir='ltr'>γὰρ</span> <span class='ocrx_word' id='word_1_27' title='bbox 845 511 1093 580; x_wconf 75' lang='grc' dir='ltr'>ἄκαρπον</span> <span class='ocrx_word' id='word_1_28' title='bbox 1178 510 1292 564; x_wconf 86' lang='grc' dir='ltr'>ίτέα</span> <span class='ocrx_word' id='word_1_29' title='bbox 1321 511 1500 563; x_wconf 80' lang='grc' dir='ltr'>ἐστίν·</span> <span class='ocrx_word' id='word_1_30' title='bbox 1531 511 1691 581; x_wconf 81' lang='grc' dir='ltr'>ημῶν</span> <span class='ocrx_word' id='word_1_31' title='bbox 1742 511 1798 562; x_wconf 73' lang='grc' dir='ltr'><strong>δὲ</strong></span> <span class='ocrx_word' id='word_1_32' title='bbox 1830 512 2002 581; x_wconf 73' lang='grc' dir='ltr'>ἁπερ-</span> 
     </span>
    </p>
   </div>
   <div class='ocr_carea' id='block_1_7' title="bbox 436 600 2005 671">
    <p class='ocr_par' dir='ltr' id='par_1_7' title="bbox 436 600 2005 671">
     <span class='ocr_line' id='line_1_7' title="bbox 436 600 2005 671; baseline 0.001 -21"><span class='ocrx_word' id='word_1_33' title='bbox 436 600 540 670; x_wconf 80' lang='grc' dir='ltr'><strong>ρύη</strong></span> <span class='ocrx_word' id='word_1_34' title='bbox 572 601 668 669; x_wconf 86' lang='grc' dir='ltr'><strong>τῆς</strong></span> <span class='ocrx_word' id='word_1_35' title='bbox 703 600 849 670; x_wconf 80' lang='grc' dir='ltr'>ζωῆς</span> <span class='ocrx_word' id='word_1_36' title='bbox 891 603 919 653; x_wconf 88' lang='grc' dir='ltr'><strong>ό</strong></span> <span class='ocrx_word' id='word_1_37' title='bbox 947 601 1149 669; x_wconf 81' lang='grc' dir='ltr'>γλυκὺς</span> <span class='ocrx_word' id='word_1_38' title='bbox 1200 601 1429 671; x_wconf 89' lang='grc' dir='ltr'>καρπός.</span> <span class='ocrx_word' id='word_1_39' title='bbox 1480 600 1688 652; x_wconf 76' lang='grc' dir='ltr'>Οὐκοῦν</span> <span class='ocrx_word' id='word_1_40' title='bbox 1745 601 1881 652; x_wconf 83' lang='grc' dir='ltr'>ίτὲαι</span> <span class='ocrx_word' id='word_1_41' title='bbox 1916 616 2005 667; x_wconf 89' lang='grc' dir='ltr'>γε-</span> 
     </span>
    </p>
   </div>
   <div class='ocr_carea' id='block_1_8' title="bbox 434 691 2005 763">
    <p class='ocr_par' dir='ltr' id='par_1_8' title="bbox 434 691 2005 763">
     <span class='ocr_line' id='line_1_8' title="bbox 434 691 2005 763; baseline 0.001 -21"><span class='ocrx_word' id='word_1_42' title='bbox 434 694 671 759; x_wconf 87' lang='grc' dir='ltr'>γόναμεν</span> <span class='ocrx_word' id='word_1_43' title='bbox 704 692 960 761; x_wconf 85' lang='grc' dir='ltr'>ἄκαρποι,</span> <span class='ocrx_word' id='word_1_44' title='bbox 996 693 1140 763; x_wconf 82' lang='grc' dir='ltr'>ἀργὰ</span> <span class='ocrx_word' id='word_1_45' title='bbox 1173 695 1268 747; x_wconf 70' lang='grc' dir='ltr'><strong>καὶ</strong></span> <span class='ocrx_word' id='word_1_46' title='bbox 1297 693 1528 761; x_wconf 85' lang='grc' dir='ltr'>ἀκίνητα</span> <span class='ocrx_word' id='word_1_47' title='bbox 1557 692 1624 744; x_wconf 88' lang='grc' dir='ltr'>τὰ</span> <span class='ocrx_word' id='word_1_48' title='bbox 1650 692 1748 762; x_wconf 84' lang='grc' dir='ltr'><strong>τῆς</strong></span> <span class='ocrx_word' id='word_1_49' title='bbox 1784 691 2005 760; x_wconf 81' lang='grc' dir='ltr'><strong>ἀγάπης</strong></span> 
     </span>
    </p>
   </div>
   <div class='ocr_carea' id='block_1_9' title="bbox 433 780 2005 854">
    <p class='ocr_par' dir='ltr' id='par_1_9' title="bbox 433 780 2005 854">
     <span class='ocr_line' id='line_1_9' title="bbox 433 780 2005 854; baseline 0.002 -23"><span class='ocrx_word' id='word_1_50' title='bbox 433 780 640 849; x_wconf 73' lang='grc' dir='ltr'>ὄργανα</span> <span class='ocrx_word' id='word_1_51' title='bbox 672 782 765 834; x_wconf 72' lang='grc' dir='ltr'>ἐπὶ</span> <span class='ocrx_word' id='word_1_52' title='bbox 792 782 898 834; x_wconf 87' lang='grc' dir='ltr'><strong>τῶν</strong></span> <span class='ocrx_word' id='word_1_53' title='bbox 929 781 1099 846; x_wconf 79' lang='grc' dir='ltr'>ξύλων</span> <span class='ocrx_word' id='word_1_54' title='bbox 1124 783 1517 854; x_wconf 82' lang='grc' dir='ltr'><strong>κρεμάσαντες.</strong></span> <span class='ocrx_word' id='word_1_55' title='bbox 1556 785 1696 837; x_wconf 73' lang='grc' dir='ltr'><strong>Ἐὰν</strong></span> <span class='ocrx_word' id='word_1_56' title='bbox 1721 783 2005 836; x_wconf 76' lang='grc' dir='ltr'>ἐπιλάθω-</span> 
     </span>
    </p>
   </div>
   <div class='ocr_carea' id='block_1_10' title="bbox 428 872 2006 945">
    <p class='ocr_par' dir='ltr' id='par_1_10' title="bbox 428 872 2006 945">
     <span class='ocr_line' id='line_1_10' title="bbox 428 872 2006 945; baseline 0.002 -22"><span class='ocrx_word' id='word_1_57' title='bbox 428 873 539 939; x_wconf 77' lang='grc' dir='ltr'><strong>μαί</strong></span> <span class='ocrx_word' id='word_1_58' title='bbox 567 889 703 937; x_wconf 85' lang='grc' dir='ltr'>σου,</span> <span class='ocrx_word' id='word_1_59' title='bbox 737 875 918 943; x_wconf 75' lang='grc' dir='ltr'>φησὶν,</span> <span class='ocrx_word' id='word_1_60' title='bbox 968 875 1379 945; x_wconf 77' lang='grc' dir='ltr'>Ἰερουσαλὴμ,</span> <span class='ocrx_word' id='word_1_61' title='bbox 1396 875 1749 943; x_wconf 72' lang='grc' dir='ltr'>ἐπιλησθείη</span> <span class='ocrx_word' id='word_1_62' title='bbox 1776 875 1812 942; x_wconf 74' lang='grc' dir='ltr'><em>ἠ</em></span> <span class='ocrx_word' id='word_1_63' title='bbox 1838 872 2006 938; x_wconf 78' lang='grc' dir='ltr'>δεξιά</span> 
     </span>
    </p>
   </div>
   <div class='ocr_carea' id='block_1_11' title="bbox 431 964 2003 1036">
    <p class='ocr_par' dir='ltr' id='par_1_11' title="bbox 431 964 2003 1036">
     <span class='ocr_line' id='line_1_11' title="bbox 431 964 2003 1036; baseline 0 -20"><span class='ocrx_word' id='word_1_64' title='bbox 431 982 569 1031; x_wconf 84' lang='grc' dir='ltr'>μου.</span> <span class='ocrx_word' id='word_1_65' title='bbox 605 964 734 1016; x_wconf 81' lang='grc' dir='ltr'>Δότε</span> <span class='ocrx_word' id='word_1_66' title='bbox 787 983 875 1034; x_wconf 89' lang='grc' dir='ltr'><strong>μοι</strong></span> <span class='ocrx_word' id='word_1_67' title='bbox 927 967 1121 1036; x_wconf 84' lang='grc' dir='ltr'>μικρὸν</span> <span class='ocrx_word' id='word_1_68' title='bbox 1167 967 1467 1033; x_wconf 76' lang='grc' dir='ltr'>ὑπαλλάξαι</span> <span class='ocrx_word' id='word_1_69' title='bbox 1498 966 1557 1020; x_wconf 77' lang='grc' dir='ltr'>τὸ</span> <span class='ocrx_word' id='word_1_70' title='bbox 1601 964 2003 1036; x_wconf 82' lang='grc' dir='ltr'><strong>γεγραμμένον,</strong></span> 
     </span>
    </p>
   </div>
   <div class='ocr_carea' id='block_1_12' title="bbox 435 1055 2007 1128">
    <p class='ocr_par' dir='ltr' id='par_1_12' title="bbox 435 1055 2007 1128">
     <span class='ocr_line' id='line_1_12' title="bbox 435 1055 2007 1128; baseline 0.001 -22"><span class='ocrx_word' id='word_1_71' title='bbox 435 1056 516 1107; x_wconf 83' lang='grc' dir='ltr'>ὅτι</span> <span class='ocrx_word' id='word_1_72' title='bbox 545 1057 641 1126; x_wconf 77' lang='grc' dir='ltr'><strong>οὑχ</strong></span> <span class='ocrx_word' id='word_1_73' title='bbox 683 1058 840 1127; x_wconf 79' lang='grc' dir='ltr'>ἡμεῖς</span> <span class='ocrx_word' id='word_1_74' title='bbox 875 1058 977 1127; x_wconf 83' lang='grc' dir='ltr'>τῆς</span> <span class='ocrx_word' id='word_1_75' title='bbox 1020 1057 1218 1123; x_wconf 82' lang='grc' dir='ltr'>δεξιᾶς,</span> <span class='ocrx_word' id='word_1_76' title='bbox 1247 1057 1359 1112; x_wconf 78' lang='grc' dir='ltr'>ἀλλ’</span> <span class='ocrx_word' id='word_1_77' title='bbox 1394 1060 1428 1128; x_wconf 78' lang='grc' dir='ltr'><strong>ἡ</strong></span> <span class='ocrx_word' id='word_1_78' title='bbox 1459 1058 1609 1123; x_wconf 81' lang='grc' dir='ltr'>δεξιὰ</span> <span class='ocrx_word' id='word_1_79' title='bbox 1636 1057 1795 1127; x_wconf 79' lang='grc' dir='ltr'>ἡμῶν</span> <span class='ocrx_word' id='word_1_80' title='bbox 1824 1055 2007 1109; x_wconf 77' lang='grc' dir='ltr'>ἐπιλέ-</span> 
     </span>
    </p>
   </div>
   <div class='ocr_carea' id='block_1_13' title="bbox 435 1146 2002 1220">
    <p class='ocr_par' dir='ltr' id='par_1_13' title="bbox 435 1146 2002 1220">
     <span class='ocr_line' id='line_1_13' title="bbox 435 1146 2002 1220; baseline -0.001 -21"><span class='ocrx_word' id='word_1_81' title='bbox 435 1148 660 1217; x_wconf 80' lang='grc' dir='ltr'>λησται·</span> <span class='ocrx_word' id='word_1_82' title='bbox 691 1149 781 1203; x_wconf 77' lang='grc' dir='ltr'><strong>καὶ</strong></span> <span class='ocrx_word' id='word_1_83' title='bbox 816 1151 848 1220; x_wconf 86' lang='grc' dir='ltr'><strong>ή</strong></span> <span class='ocrx_word' id='word_1_84' title='bbox 879 1149 1097 1217; x_wconf 87' lang='grc' dir='ltr'>γλῶσσα</span> <span class='ocrx_word' id='word_1_85' title='bbox 1130 1149 1209 1220; x_wconf 79' lang='grc' dir='ltr'>τῷ</span> <span class='ocrx_word' id='word_1_86' title='bbox 1241 1149 1355 1219; x_wconf 76' lang='grc' dir='ltr'>ἰδίῳ</span> <span class='ocrx_word' id='word_1_87' title='bbox 1392 1148 1627 1218; x_wconf 88' lang='grc' dir='ltr'>λάρυγγι</span> <span class='ocrx_word' id='word_1_88' title='bbox 1662 1146 2002 1216; x_wconf 86' lang='grc' dir='ltr'>κολληθείσα,</span> 
     </span>
    </p>
   </div>
   <div class='ocr_carea' id='block_1_14' title="bbox 442 1235 2005 1309">
    <p class='ocr_par' dir='ltr' id='par_1_14' title="bbox 442 1235 2005 1309">
     <span class='ocr_line' id='line_1_14' title="bbox 442 1235 2005 1309; baseline 0 -22"><span class='ocrx_word' id='word_1_89' title='bbox 442 1237 543 1300; x_wconf 70' lang='grc' dir='ltr'><strong>τὰς</strong></span> <span class='ocrx_word' id='word_1_90' title='bbox 592 1238 690 1308; x_wconf 81' lang='grc' dir='ltr'>τῆς</span> <span class='ocrx_word' id='word_1_91' title='bbox 736 1237 919 1307; x_wconf 81' lang='grc' dir='ltr'>φωνῆς</span> <span class='ocrx_word' id='word_1_92' title='bbox 959 1237 1223 1304; x_wconf 75' lang='grc' dir='ltr'><strong>διεξόδους</strong></span> <span class='ocrx_word' id='word_1_93' title='bbox 1268 1235 1613 1309; x_wconf 80' lang='grc' dir='ltr'>άπέφραξεν,</span> <span class='ocrx_word' id='word_1_94' title='bbox 1670 1237 1755 1288; x_wconf 78' lang='grc' dir='ltr'>ἵνα</span> <span class='ocrx_word' id='word_1_95' title='bbox 1810 1235 2005 1306; x_wconf 83' lang='grc' dir='ltr'><strong>μηκέτι</strong></span> 
     </span>
    </p>
   </div>
   <div class='ocr_carea' id='block_1_15' title="bbox 436 1326 2007 1400">
    <p class='ocr_par' dir='ltr' id='par_1_15' title="bbox 436 1326 2007 1400">
     <span class='ocr_line' id='line_1_15' title="bbox 436 1326 2007 1400; baseline -0.002 -20"><span class='ocrx_word' id='word_1_96' title='bbox 436 1330 598 1396; x_wconf 79' lang='grc' dir='ltr'>ἡμεῖς</span> <span class='ocrx_word' id='word_1_97' title='bbox 649 1328 747 1397; x_wconf 87' lang='grc' dir='ltr'>τῆς</span> <span class='ocrx_word' id='word_1_98' title='bbox 800 1328 1058 1397; x_wconf 82' lang='grc' dir='ltr'><strong>γλυκείας</strong></span> <span class='ocrx_word' id='word_1_99' title='bbox 1096 1330 1308 1400; x_wconf 80' lang='grc' dir='ltr'><strong>ἐκείνης</strong></span> <span class='ocrx_word' id='word_1_100' title='bbox 1342 1329 1524 1399; x_wconf 85' lang='grc' dir='ltr'>φωνῆς</span> <span class='ocrx_word' id='word_1_101' title='bbox 1571 1327 1731 1381; x_wconf 85' lang='grc' dir='ltr'>πάλιν</span> <span class='ocrx_word' id='word_1_102' title='bbox 1762 1326 2007 1380; x_wconf 71' lang='grc' dir='ltr'>ἀκούσω-</span> 
     </span>
    </p>
   </div>
   <div class='ocr_carea' id='block_1_16' title="bbox 440 1418 2007 1491">
    <p class='ocr_par' dir='ltr' id='par_1_16' title="bbox 440 1418 2007 1491">
     <span class='ocr_line' id='line_1_16' title="bbox 440 1418 2007 1491; baseline -0.001 -21"><span class='ocrx_word' id='word_1_103' title='bbox 440 1436 559 1487; x_wconf 87' lang='grc' dir='ltr'>μεν.</span> <span class='ocrx_word' id='word_1_104' title='bbox 618 1418 755 1471; x_wconf 71' lang='grc' dir='ltr'>Ἀλλ’</span> <span class='ocrx_word' id='word_1_105' title='bbox 787 1420 1139 1489; x_wconf 79' lang='grc' dir='ltr'>ἁποψήσασθέ</span> <span class='ocrx_word' id='word_1_106' title='bbox 1182 1437 1271 1491; x_wconf 91' lang='grc' dir='ltr'><strong>μοι</strong></span> <span class='ocrx_word' id='word_1_107' title='bbox 1297 1420 1366 1473; x_wconf 83' lang='grc' dir='ltr'>τὰ</span> <span class='ocrx_word' id='word_1_108' title='bbox 1411 1420 1654 1490; x_wconf 90' lang='grc' dir='ltr'>δάκρυα·</span> <span class='ocrx_word' id='word_1_109' title='bbox 1686 1418 2007 1487; x_wconf 85' lang='grc' dir='ltr'>αἰσθάνομαι</span> 
     </span>
    </p>
   </div>
   <div class='ocr_carea' id='block_1_17' title="bbox 438 1510 2005 1582">
    <p class='ocr_par' dir='ltr' id='par_1_17' title="bbox 438 1510 2005 1582">
     <span class='ocr_line' id='line_1_17' title="bbox 438 1510 2005 1582; baseline -0.001 -19"><span class='ocrx_word' id='word_1_110' title='bbox 438 1511 547 1580; x_wconf 74' lang='grc' dir='ltr'><strong>γάρ</strong></span> <span class='ocrx_word' id='word_1_111' title='bbox 569 1512 711 1581; x_wconf 79' lang='grc' dir='ltr'>πέρα</span> <span class='ocrx_word' id='word_1_112' title='bbox 749 1510 842 1564; x_wconf 80' lang='grc' dir='ltr'><strong>τοῦ</strong></span> <span class='ocrx_word' id='word_1_113' title='bbox 876 1512 1086 1575; x_wconf 79' lang='grc' dir='ltr'>δέοντος</span> <span class='ocrx_word' id='word_1_114' title='bbox 1122 1512 1214 1564; x_wconf 77' lang='grc' dir='ltr'>ἐπὶ</span> <span class='ocrx_word' id='word_1_115' title='bbox 1238 1511 1316 1582; x_wconf 80' lang='grc' dir='ltr'>τῷ</span> <span class='ocrx_word' id='word_1_116' title='bbox 1348 1510 1512 1566; x_wconf 87' lang='grc' dir='ltr'>πάθει</span> <span class='ocrx_word' id='word_1_117' title='bbox 1542 1510 2005 1579; x_wconf 80' lang='grc' dir='ltr'>γυναικιζόμενος.</span> 
     </span>
    </p>
   </div>
   <div class='ocr_carea' id='block_1_18' title="bbox 440 1600 2008 1673">
    <p class='ocr_par' dir='ltr' id='par_1_18' title="bbox 440 1600 2008 1673">
     <span class='ocr_line' id='line_1_18' title="bbox 440 1600 2008 1673; baseline -0.001 -20"><span class='ocrx_word' id='word_1_118' title='bbox 440 1604 554 1654; x_wconf 80' lang='grc' dir='ltr'>Οὐκ</span> <span class='ocrx_word' id='word_1_119' title='bbox 609 1602 858 1673; x_wconf 60' lang='grc' dir='ltr'>ἀφῃρέθη</span> <span class='ocrx_word' id='word_1_120' title='bbox 906 1604 997 1671; x_wconf 81' lang='grc' dir='ltr'><strong>ἀφ’</strong></span> <span class='ocrx_word' id='word_1_121' title='bbox 1048 1602 1206 1673; x_wconf 81' lang='grc' dir='ltr'>ἡμῶν</span> <span class='ocrx_word' id='word_1_122' title='bbox 1252 1604 1281 1656; x_wconf 89' lang='lat'><strong>6</strong></span> <span class='ocrx_word' id='word_1_123' title='bbox 1337 1603 1604 1673; x_wconf 66' lang='grc' dir='ltr'>νυμφίος·</span> <span class='ocrx_word' id='word_1_124' title='bbox 1649 1601 1815 1672; x_wconf 85' lang='grc' dir='ltr'>μέσος</span> <span class='ocrx_word' id='word_1_125' title='bbox 1854 1600 2008 1671; x_wconf 83' lang='grc' dir='ltr'>ἡμῶν</span> 
     </span>
    </p>
   </div>
   <div class='ocr_carea' id='block_1_19' title="bbox 440 1691 2007 1764">
    <p class='ocr_par' dir='ltr' id='par_1_19' title="bbox 440 1691 2007 1764">
     <span class='ocr_line' id='line_1_19' title="bbox 440 1691 2007 1764; baseline 0.001 -20"><span class='ocrx_word' id='word_1_126' title='bbox 440 1693 688 1762; x_wconf 71' lang='grc' dir='ltr'>ἔστηκεν,</span> <span class='ocrx_word' id='word_1_127' title='bbox 714 1692 814 1745; x_wconf 79' lang='grc' dir='ltr'><strong>κᾶν</strong></span> <span class='ocrx_word' id='word_1_128' title='bbox 845 1694 1004 1763; x_wconf 82' lang='grc' dir='ltr'>ἡμεῖς</span> <span class='ocrx_word' id='word_1_129' title='bbox 1032 1694 1105 1764; x_wconf 84' lang='grc' dir='ltr'>μὴ</span> <span class='ocrx_word' id='word_1_130' title='bbox 1137 1693 1441 1763; x_wconf 80' lang='grc' dir='ltr'>βλέπωμεν.</span> <span class='ocrx_word' id='word_1_131' title='bbox 1479 1693 1567 1745; x_wconf 87' lang='grc' dir='ltr'>Ἐν</span> <span class='ocrx_word' id='word_1_132' title='bbox 1589 1695 1700 1755; x_wconf 89' lang='grc' dir='ltr'>τοῖς</span> <span class='ocrx_word' id='word_1_133' title='bbox 1730 1691 1943 1754; x_wconf 80' lang='grc' dir='ltr'>ἀδύτοις</span> <span class='ocrx_word' id='word_1_134' title='bbox 1981 1694 2007 1745; x_wconf 90' lang='grc' dir='ltr'><strong>ό</strong></span> 
     </span>
    </p>
   </div>
   <div class='ocr_carea' id='block_1_20' title="bbox 444 1782 2002 1855">
    <p class='ocr_par' dir='ltr' id='par_1_20' title="bbox 444 1782 2002 1855">
     <span class='ocr_line' id='line_1_20' title="bbox 444 1782 2002 1855; baseline -0.001 -20"><span class='ocrx_word' id='word_1_135' title='bbox 444 1783 617 1853; x_wconf 75' lang='grc' dir='ltr'>ἱερεύς</span> <span class='ocrx_word' id='word_1_136' title='bbox 637 1799 651 1814; x_wconf 96' lang='grc'><strong>·</strong></span> <span class='ocrx_word' id='word_1_137' title='bbox 698 1783 777 1846; x_wconf 84' lang='grc' dir='ltr'><strong>είς</strong></span> <span class='ocrx_word' id='word_1_138' title='bbox 804 1783 872 1836; x_wconf 64' lang='grc' dir='ltr'>τὰ</span> <span class='ocrx_word' id='word_1_139' title='bbox 902 1783 1149 1855; x_wconf 85' lang='grc' dir='ltr'>ὲνδότερα</span> <span class='ocrx_word' id='word_1_140' title='bbox 1178 1782 1270 1837; x_wconf 78' lang='grc' dir='ltr'>τοῦ</span> <span class='ocrx_word' id='word_1_141' title='bbox 1302 1782 1819 1851; x_wconf 85' lang='grc' dir='ltr'>καταπετάσματος,</span> <span class='ocrx_word' id='word_1_142' title='bbox 1868 1783 2002 1835; x_wconf 83' lang='grc' dir='ltr'>ὅπου</span> 
     </span>
    </p>
   </div>
   <div class='ocr_carea' id='block_1_21' title="bbox 440 1872 2005 1947">
    <p class='ocr_par' dir='ltr' id='par_1_21' title="bbox 440 1872 2005 1947">
     <span class='ocr_line' id='line_1_21' title="bbox 440 1872 2005 1947; baseline -0.001 -21"><span class='ocrx_word' id='word_1_143' title='bbox 440 1874 745 1944; x_wconf 78' lang='grc' dir='ltr'>πρόδρομος</span> <span class='ocrx_word' id='word_1_144' title='bbox 799 1875 937 1947; x_wconf 83' lang='grc' dir='ltr'>ὑπὲρ</span> <span class='ocrx_word' id='word_1_145' title='bbox 985 1874 1139 1946; x_wconf 84' lang='grc' dir='ltr'>ήμῶν</span> <span class='ocrx_word' id='word_1_146' title='bbox 1185 1873 1401 1945; x_wconf 76' lang='grc' dir='ltr'>εἰσῆλθε</span> <span class='ocrx_word' id='word_1_147' title='bbox 1438 1874 1700 1943; x_wconf 90' lang='grc' dir='ltr'>Χριστός·</span> <span class='ocrx_word' id='word_1_148' title='bbox 1747 1872 2005 1926; x_wconf 86' lang='grc' dir='ltr'>κατέλιπε</span> 
     </span>
    </p>
   </div>
   <div class='ocr_carea' id='block_1_22' title="bbox 437 1964 2005 2037">
    <p class='ocr_par' dir='ltr' id='par_1_22' title="bbox 437 1964 2005 2037">
     <span class='ocr_line' id='line_1_22' title="bbox 437 1964 2005 2037; baseline 0 -19"><span class='ocrx_word' id='word_1_149' title='bbox 437 1966 498 2018; x_wconf 80' lang='grc' dir='ltr'><strong>τὸ</strong></span> <span class='ocrx_word' id='word_1_150' title='bbox 538 1966 640 2035; x_wconf 76' lang='grc' dir='ltr'>τῆς</span> <span class='ocrx_word' id='word_1_151' title='bbox 685 1966 884 2036; x_wconf 59' lang='grc' dir='ltr'>σαρκὸς</span> <span class='ocrx_word' id='word_1_152' title='bbox 926 1966 1355 2037; x_wconf 84' lang='grc' dir='ltr'>παραπέτασμα.</span> <span class='ocrx_word' id='word_1_153' title='bbox 1401 1965 1598 2018; x_wconf 79' lang='grc' dir='ltr'>Οὐκέτι</span> <span class='ocrx_word' id='word_1_154' title='bbox 1645 1964 2005 2033; x_wconf 81' lang='grc' dir='ltr'>ὑποδείγματι</span> 
     </span>
    </p>
   </div>
   <div class='ocr_carea' id='block_1_23' title="bbox 438 2052 2007 2127">
    <p class='ocr_par' dir='ltr' id='par_1_23' title="bbox 438 2052 2007 2127">
     <span class='ocr_line' id='line_1_23' title="bbox 438 2052 2007 2127; baseline -0.001 -21"><span class='ocrx_word' id='word_1_155' title='bbox 438 2054 532 2107; x_wconf 69' lang='grc' dir='ltr'><strong>καὶ</strong></span> <span class='ocrx_word' id='word_1_156' title='bbox 562 2056 687 2125; x_wconf 76' lang='grc' dir='ltr'>σκιᾷ</span> <span class='ocrx_word' id='word_1_157' title='bbox 708 2054 955 2127; x_wconf 85' lang='grc' dir='ltr'>λατρεύει</span> <span class='ocrx_word' id='word_1_158' title='bbox 968 2055 1075 2108; x_wconf 93' lang='grc' dir='ltr'><strong>τῶν</strong></span> <span class='ocrx_word' id='word_1_159' title='bbox 1094 2053 1450 2126; x_wconf 76' lang='grc' dir='ltr'>ἐπουρανίων,</span> <span class='ocrx_word' id='word_1_160' title='bbox 1473 2052 1589 2106; x_wconf 84' lang='grc' dir='ltr'>ἀλλ’</span> <span class='ocrx_word' id='word_1_161' title='bbox 1608 2054 1686 2106; x_wconf 81' lang='grc' dir='ltr'><strong>είς</strong></span> <span class='ocrx_word' id='word_1_162' title='bbox 1703 2052 1872 2123; x_wconf 81' lang='grc' dir='ltr'>αὐτὴν</span> <span class='ocrx_word' id='word_1_163' title='bbox 1888 2053 2007 2123; x_wconf 78' lang='grc' dir='ltr'>βλέ-</span> 
     </span>
    </p>
   </div>
   <div class='ocr_carea' id='block_1_24' title="bbox 437 2141 2008 2215">
    <p class='ocr_par' dir='ltr' id='par_1_24' title="bbox 437 2141 2008 2215">
     <span class='ocr_line' id='line_1_24' title="bbox 437 2141 2008 2215; baseline -0.001 -19"><span class='ocrx_word' id='word_1_164' title='bbox 437 2160 528 2196; x_wconf 70' lang='grc' dir='ltr'><strong>πει</strong></span> <span class='ocrx_word' id='word_1_165' title='bbox 560 2145 660 2215; x_wconf 81' lang='grc' dir='ltr'><strong>τὴν</strong></span> <span class='ocrx_word' id='word_1_166' title='bbox 686 2144 794 2197; x_wconf 86' lang='grc' dir='ltr'><strong>τῶν</strong></span> <span class='ocrx_word' id='word_1_167' title='bbox 825 2146 1165 2215; x_wconf 79' lang='grc' dir='ltr'>πραγμάτων</span> <span class='ocrx_word' id='word_1_168' title='bbox 1200 2144 1415 2198; x_wconf 77' lang='grc' dir='ltr'>εἰκόνα·</span> <span class='ocrx_word' id='word_1_169' title='bbox 1445 2142 1627 2197; x_wconf 84' lang='grc' dir='ltr'>οὑκέτι</span> <span class='ocrx_word' id='word_1_170' title='bbox 1654 2141 1719 2196; x_wconf 78' lang='grc' dir='ltr'>δι’</span> <span class='ocrx_word' id='word_1_171' title='bbox 1742 2144 2008 2213; x_wconf 78' lang='grc' dir='ltr'>ἐσόπτρου</span> 
     </span>
    </p>
   </div>
   <div class='ocr_carea' id='block_1_25' title="bbox 437 2233 2007 2306">
    <p class='ocr_par' dir='ltr' id='par_1_25' title="bbox 437 2233 2007 2306">
     <span class='ocr_line' id='line_1_25' title="bbox 437 2233 2007 2306; baseline -0.001 -19"><span class='ocrx_word' id='word_1_172' title='bbox 437 2238 529 2287; x_wconf 75' lang='grc' dir='ltr'><strong>καὶ</strong></span> <span class='ocrx_word' id='word_1_173' title='bbox 570 2236 905 2305; x_wconf 85' lang='grc' dir='ltr'>αἰνίγματος,</span> <span class='ocrx_word' id='word_1_174' title='bbox 945 2236 1058 2289; x_wconf 85' lang='grc' dir='ltr'>ἀλλ’</span> <span class='ocrx_word' id='word_1_175' title='bbox 1098 2235 1537 2306; x_wconf 86' lang='grc' dir='ltr'>αὑτοπροσώπως</span> <span class='ocrx_word' id='word_1_176' title='bbox 1578 2235 1888 2305; x_wconf 74' lang='grc' dir='ltr'>ἐντυγχάνει</span> <span class='ocrx_word' id='word_1_177' title='bbox 1929 2233 2007 2305; x_wconf 77' lang='grc' dir='ltr'>τῷ</span> 
     </span>
    </p>
   </div>
   <div class='ocr_carea' id='block_1_26' title="bbox 435 2326 2006 2397">
    <p class='ocr_par' dir='ltr' id='par_1_26' title="bbox 435 2326 2006 2397">
     <span class='ocr_line' id='line_1_26' title="bbox 435 2326 2006 2397; baseline 0.001 -18"><span class='ocrx_word' id='word_1_178' title='bbox 435 2328 555 2397; x_wconf 81' lang='grc' dir='ltr'>Θεῷ</span> <span class='ocrx_word' id='word_1_179' title='bbox 641 2326 955 2396; x_wconf 81' lang='grc' dir='ltr'>ἐντυγχάνει</span> <span class='ocrx_word' id='word_1_180' title='bbox 994 2326 1051 2379; x_wconf 81' lang='grc' dir='ltr'>δὲ</span> <span class='ocrx_word' id='word_1_181' title='bbox 1082 2326 1223 2396; x_wconf 78' lang='grc' dir='ltr'>ὑπὲρ</span> <span class='ocrx_word' id='word_1_182' title='bbox 1251 2326 1406 2396; x_wconf 82' lang='grc' dir='ltr'>ἡμῶν</span> <span class='ocrx_word' id='word_1_183' title='bbox 1465 2326 1707 2380; x_wconf 80' lang='grc' dir='ltr'>καὶτῶν</span> <span class='ocrx_word' id='word_1_184' title='bbox 1734 2326 1826 2379; x_wconf 78' lang='grc' dir='ltr'>τοῦ</span> <span class='ocrx_word' id='word_1_185' title='bbox 1877 2326 2006 2380; x_wconf 80' lang='grc' dir='ltr'>λαοῦ</span> 
     </span>
    </p>
   </div>
   <div class='ocr_carea' id='block_1_27' title="bbox 438 2417 2002 2489">
    <p class='ocr_par' dir='ltr' id='par_1_27' title="bbox 438 2417 2002 2489">
     <span class='ocr_line' id='line_1_27' title="bbox 438 2417 2002 2489; baseline -0.001 -17"><span class='ocrx_word' id='word_1_186' title='bbox 438 2418 819 2488; x_wconf 84' lang='grc' dir='ltr'>ἀγνοημάτων.</span> <span class='ocrx_word' id='word_1_187' title='bbox 879 2417 1139 2471; x_wconf 84' lang='grc' dir='ltr'>Ἀπέθετο</span> <span class='ocrx_word' id='word_1_188' title='bbox 1184 2419 1308 2480; x_wconf 82' lang='grc' dir='ltr'>τοὺς</span> <span class='ocrx_word' id='word_1_189' title='bbox 1350 2417 1701 2489; x_wconf 82' lang='grc' dir='ltr'>δερματίνους</span> <span class='ocrx_word' id='word_1_190' title='bbox 1744 2417 2002 2488; x_wconf 82' lang='grc' dir='ltr'>χιτῶνας·</span> 
     </span>
    </p>
   </div>
   <div class='ocr_carea' id='block_1_28' title="bbox 433 2506 2007 2578">
    <p class='ocr_par' dir='ltr' id='par_1_28' title="bbox 433 2506 2007 2578">
     <span class='ocr_line' id='line_1_28' title="bbox 433 2506 2007 2578; baseline 0 -20"><span class='ocrx_word' id='word_1_191' title='bbox 433 2508 552 2559; x_wconf 83' lang='grc' dir='ltr'>οὑδὲ</span> <span class='ocrx_word' id='word_1_192' title='bbox 585 2508 692 2577; x_wconf 92' lang='grc' dir='ltr'><strong>γάρ</strong></span> <span class='ocrx_word' id='word_1_193' title='bbox 728 2508 843 2560; x_wconf 81' lang='grc' dir='ltr'>ἐστι</span> <span class='ocrx_word' id='word_1_194' title='bbox 871 2506 1029 2578; x_wconf 90' lang='grc' dir='ltr'>χρεία</span> <span class='ocrx_word' id='word_1_195' title='bbox 1053 2509 1166 2569; x_wconf 88' lang='grc' dir='ltr'>τοῖς</span> <span class='ocrx_word' id='word_1_196' title='bbox 1191 2508 1247 2559; x_wconf 81' lang='grc' dir='ltr'><strong>ἐν</strong></span> <span class='ocrx_word' id='word_1_197' title='bbox 1273 2507 1584 2577; x_wconf 86' lang='grc' dir='ltr'>παραδείσῳ</span> <span class='ocrx_word' id='word_1_198' title='bbox 1606 2507 1872 2576; x_wconf 87' lang='grc' dir='ltr'>διάγουσι,</span> <span class='ocrx_word' id='word_1_199' title='bbox 1898 2508 2007 2559; x_wconf 87' lang='grc' dir='ltr'><strong>τῶν</strong></span> 
     </span>
    </p>
   </div>
   <div class='ocr_carea' id='block_1_29' title="bbox 432 2598 2006 2670">
    <p class='ocr_par' dir='ltr' id='par_1_29' title="bbox 432 2598 2006 2670">
     <span class='ocr_line' id='line_1_29' title="bbox 432 2598 2006 2670; baseline -0.002 -17"><span class='ocrx_word' id='word_1_200' title='bbox 432 2600 689 2653; x_wconf 76' lang='grc' dir='ltr'>τοιούτων</span> <span class='ocrx_word' id='word_1_201' title='bbox 718 2599 978 2669; x_wconf 86' lang='grc' dir='ltr'>χιτώνων.</span> <span class='ocrx_word' id='word_1_202' title='bbox 1024 2599 1162 2652; x_wconf 77' lang='grc' dir='ltr'>Ἀλλ’</span> <span class='ocrx_word' id='word_1_203' title='bbox 1194 2598 1485 2670; x_wconf 79' lang='grc' dir='ltr'>ἐνδύματα,</span> <span class='ocrx_word' id='word_1_204' title='bbox 1513 2599 1550 2653; x_wconf 77' lang='grc' dir='ltr'>ἃ</span> <span class='ocrx_word' id='word_1_205' title='bbox 1577 2602 1643 2669; x_wconf 83' lang='grc' dir='ltr'>τῇ</span> <span class='ocrx_word' id='word_1_206' title='bbox 1676 2599 2006 2668; x_wconf 85' lang='grc' dir='ltr'>καθαρότητι</span> 
     </span>
    </p>
   </div>
   <div class='ocr_carea' id='block_1_30' title="bbox 433 2689 2008 2761">
    <p class='ocr_par' dir='ltr' id='par_1_30' title="bbox 433 2689 2008 2761">
     <span class='ocr_line' id='line_1_30' title="bbox 433 2689 2008 2761; baseline -0.001 -18"><span class='ocrx_word' id='word_1_207' title='bbox 433 2692 526 2743; x_wconf 77' lang='grc' dir='ltr'>τοῦ</span> <span class='ocrx_word' id='word_1_208' title='bbox 577 2690 691 2761; x_wconf 85' lang='grc' dir='ltr'>βίου</span> <span class='ocrx_word' id='word_1_209' title='bbox 752 2689 916 2744; x_wconf 77' lang='grc' dir='ltr'>αὑτοῦ</span> <span class='ocrx_word' id='word_1_210' title='bbox 966 2690 1270 2761; x_wconf 74' lang='grc' dir='ltr'>ὲξυφήνας,</span> <span class='ocrx_word' id='word_1_211' title='bbox 1332 2691 1771 2761; x_wconf 83' lang='grc' dir='ltr'>ὲπεκοσμήσατο.</span> <span class='ocrx_word' id='word_1_212' title='bbox 1816 2691 2008 2759; x_wconf 83' lang='grc' dir='ltr'>Τίμιος</span> 
     </span>
    </p>
   </div>
   <div class='ocr_carea' id='block_1_31' title="bbox 434 2762 2006 2851">
    <p class='ocr_par' dir='ltr' id='par_1_31' title="bbox 434 2762 2006 2851">
     <span class='ocr_line' id='line_1_31' title="bbox 434 2762 2006 2851; baseline -0.001 -16"><span class='ocrx_word' id='word_1_213' title='bbox 434 2782 677 2835; x_wconf 80' lang='grc' dir='ltr'>ἐναντίον</span> <span class='ocrx_word' id='word_1_214' title='bbox 719 2782 925 2851; x_wconf 87' lang='grc' dir='ltr'>Κυρίου</span> <span class='ocrx_word' id='word_1_215' title='bbox 967 2781 1061 2834; x_wconf 80' lang='grc' dir='ltr'>τοῦ</span> <span class='ocrx_word' id='word_1_216' title='bbox 1095 2783 1338 2835; x_wconf 88' lang='grc' dir='ltr'>τοιούτου</span> <span class='ocrx_word' id='word_1_217' title='bbox 1366 2783 1393 2835; x_wconf 88' lang='grc' dir='ltr'><strong>ὁ</strong></span> <span class='ocrx_word' id='word_1_218' title='bbox 1427 2782 1674 2844; x_wconf 86' lang='grc' dir='ltr'>θάνατος.</span> <span class='ocrx_word' id='word_1_219' title='bbox 1710 2762 1924 2834; x_wconf 78' lang='grc' dir='ltr'>Μᾶλλον</span> <span class='ocrx_word' id='word_1_220' title='bbox 1950 2781 2006 2833; x_wconf 84' lang='grc' dir='ltr'><strong>δὲ</strong></span> 
     </span>
    </p>
   </div>
   <div class='ocr_carea' id='block_1_32' title="bbox 432 2870 2006 2943">
    <p class='ocr_par' dir='ltr' id='par_1_32' title="bbox 432 2870 2006 2943">
     <span class='ocr_line' id='line_1_32' title="bbox 432 2870 2006 2943; baseline -0.001 -18"><span class='ocrx_word' id='word_1_221' title='bbox 432 2873 552 2943; x_wconf 70' lang='grc' dir='ltr'>οὐχ).</span> <span class='ocrx_word' id='word_1_222' title='bbox 595 2873 855 2936; x_wconf 83' lang='grc' dir='ltr'>θάνατος,</span> <span class='ocrx_word' id='word_1_223' title='bbox 906 2872 1041 2925; x_wconf 77' lang='grc' dir='ltr'>ἀλλὰ</span> <span class='ocrx_word' id='word_1_224' title='bbox 1094 2873 1247 2942; x_wconf 80' lang='grc' dir='ltr'>ῥῆξίς</span> <span class='ocrx_word' id='word_1_225' title='bbox 1294 2874 1408 2923; x_wconf 79' lang='grc' dir='ltr'>ἐστι</span> <span class='ocrx_word' id='word_1_226' title='bbox 1458 2871 1653 2941; x_wconf 85' lang='grc' dir='ltr'>μελῶν.</span> <span class='ocrx_word' id='word_1_227' title='bbox 1687 2870 2006 2939; x_wconf 60' lang='grc' dir='ltr'>Δώρῤηξας</span> 
     </span>
    </p>
   </div>
   <div class='ocr_carea' id='block_1_33' title="bbox 433 2960 2004 3033">
    <p class='ocr_par' dir='ltr' id='par_1_33' title="bbox 433 2960 2004 3033">
     <span class='ocr_line' id='line_1_33' title="bbox 433 2960 2004 3033; baseline -0.001 -18"><span class='ocrx_word' id='word_1_228' title='bbox 433 2964 563 3032; x_wconf 80' lang='grc' dir='ltr'>γὰρ,</span> <span class='ocrx_word' id='word_1_229' title='bbox 599 2964 753 3033; x_wconf 63' lang='grc' dir='ltr'>φησι,</span> <span class='ocrx_word' id='word_1_230' title='bbox 784 2962 925 3028; x_wconf 83' lang='grc' dir='ltr'>τοὺς</span> <span class='ocrx_word' id='word_1_231' title='bbox 947 2962 1208 3030; x_wconf 82' lang='grc' dir='ltr'>δεσμούς</span> <span class='ocrx_word' id='word_1_232' title='bbox 1229 2979 1370 3031; x_wconf 84' lang='grc' dir='ltr'>μου.</span> <span class='ocrx_word' id='word_1_233' title='bbox 1420 2960 1685 3031; x_wconf 85' lang='grc' dir='ltr'>Ἀπελύθη</span> <span class='ocrx_word' id='word_1_234' title='bbox 1710 2964 1737 3014; x_wconf 94' lang='lat'><strong>6</strong></span> <span class='ocrx_word' id='word_1_235' title='bbox 1761 2962 2004 3031; x_wconf 87' lang='grc' dir='ltr'>Συμεὼν,</span> 
     </span>
    </p>
   </div>
   <div class='ocr_carea' id='block_1_34' title="bbox 2105 497 3682 572">
    <p class='ocr_par' dir='ltr' id='par_1_34' title="bbox 2105 497 3682 572">
     <span class='ocr_line' id='line_1_34' title="bbox 2105 497 3682 572; baseline -0.004 -17"><span class='ocrx_word' id='word_1_236' title='bbox 2105 504 2282 558; x_wconf 79' lang='lat' dir='ltr'><strong>dulcis</strong></span> <span class='ocrx_word' id='word_1_237' title='bbox 2316 503 2441 557; x_wconf 80' lang='lat' dir='ltr'><strong>vitae</strong></span> <span class='ocrx_word' id='word_1_238' title='bbox 2490 502 2703 558; x_wconf 87' lang='lat' dir='ltr'><strong>fructus</strong></span> <span class='ocrx_word' id='word_1_239' title='bbox 2745 502 2993 557; x_wconf 71' lang='lat' dir='ltr'><strong>deﬂuxit.</strong></span> <span class='ocrx_word' id='word_1_240' title='bbox 3024 501 3167 572; x_wconf 87' lang='lat' dir='ltr'><strong>Ergo</strong></span> <span class='ocrx_word' id='word_1_241' title='bbox 3219 501 3419 555; x_wconf 82' lang='lat' dir='ltr'><strong>salices</strong></span> <span class='ocrx_word' id='word_1_242' title='bbox 3450 497 3682 566; x_wconf 83' lang='lat' dir='ltr'><strong>infrugi-</strong></span> 
     </span>
    </p>
   </div>
   <div class='ocr_carea' id='block_1_35' title="bbox 2107 587 3681 663">
    <p class='ocr_par' dir='ltr' id='par_1_35' title="bbox 2107 587 3681 663">
     <span class='ocr_line' id='line_1_35' title="bbox 2107 587 3681 663; baseline -0.004 -16"><span class='ocrx_word' id='word_1_243' title='bbox 2107 596 2233 649; x_wconf 77' lang='lat' dir='ltr'><strong>fera:</strong></span> <span class='ocrx_word' id='word_1_244' title='bbox 2276 594 2401 649; x_wconf 89' lang='lat' dir='ltr'><strong>facti</strong></span> <span class='ocrx_word' id='word_1_245' title='bbox 2445 609 2657 657; x_wconf 83' lang='lat' dir='ltr'><strong>smnus,</strong></span> <span class='ocrx_word' id='word_1_246' title='bbox 2705 609 2769 647; x_wconf 82' lang='lat' dir='ltr'><strong>ex</strong></span> <span class='ocrx_word' id='word_1_247' title='bbox 2805 609 2916 663; x_wconf 92' lang='lat' dir='ltr'><strong>quo</strong></span> <span class='ocrx_word' id='word_1_248' title='bbox 2954 594 3126 647; x_wconf 84' lang='lat' dir='ltr'><strong>otiosa</strong></span> <span class='ocrx_word' id='word_1_249' title='bbox 3171 600 3334 660; x_wconf 90' lang='lat' dir='ltr'><strong>atque</strong></span> <span class='ocrx_word' id='word_1_250' title='bbox 3367 592 3591 643; x_wconf 85' lang='lat' dir='ltr'><strong>immota</strong></span> <span class='ocrx_word' id='word_1_251' title='bbox 3624 587 3681 641; x_wconf 92' lang='lat' dir='ltr'><strong>in</strong></span> 
     </span>
    </p>
   </div>
   <div class='ocr_carea' id='block_1_36' title="bbox 2106 677 3682 756">
    <p class='ocr_par' dir='ltr' id='par_1_36' title="bbox 2106 677 3682 756">
     <span class='ocr_line' id='line_1_36' title="bbox 2106 677 3682 756; baseline -0.007 -15"><span class='ocrx_word' id='word_1_252' title='bbox 2106 688 2266 756; x_wconf 82' lang='lat' dir='ltr'><strong>lignis</strong></span> <span class='ocrx_word' id='word_1_253' title='bbox 2305 685 2693 755; x_wconf 84' lang='lat' dir='ltr'><strong>suspendimus</strong></span> <span class='ocrx_word' id='word_1_254' title='bbox 2740 684 3051 738; x_wconf 75' lang='lat' dir='ltr'><strong>dilectionis</strong></span> <span class='ocrx_word' id='word_1_255' title='bbox 3080 684 3461 737; x_wconf 87' lang='lat' dir='ltr'><strong>instrumenta.</strong></span> <span class='ocrx_word' id='word_1_256' title='bbox 3499 679 3559 734; x_wconf 81' lang='lat' dir='ltr'><strong>Si</strong></span> <span class='ocrx_word' id='word_1_257' title='bbox 3590 677 3682 731; x_wconf 89' lang='lat' dir='ltr'><strong>ob-</strong></span> 
     </span>
    </p>
   </div>
   <div class='ocr_carea' id='block_1_37' title="bbox 2105 768 3683 845">
    <p class='ocr_par' dir='ltr' id='par_1_37' title="bbox 2105 768 3683 845">
     <span class='ocr_line' id='line_1_37' title="bbox 2105 768 3683 845; baseline -0.007 -14"><span class='ocrx_word' id='word_1_258' title='bbox 2105 779 2253 842; x_wconf 75' lang='lat' dir='ltr'><strong>litus,</strong></span> <span class='ocrx_word' id='word_1_259' title='bbox 2288 777 2484 845; x_wconf 91' lang='lat' dir='ltr'><strong>inquit,</strong></span> <span class='ocrx_word' id='word_1_260' title='bbox 2516 776 2666 843; x_wconf 80' lang='lat' dir='ltr'><strong>fuero</strong></span> <span class='ocrx_word' id='word_1_261' title='bbox 2697 774 2793 834; x_wconf 78' lang='lat' dir='ltr'><strong>tui,</strong></span> <span class='ocrx_word' id='word_1_262' title='bbox 2823 772 3123 826; x_wconf 76' lang='lat' dir='ltr'><strong>Jerusalem</strong></span> <span class='ocrx_word' id='word_1_263' title='bbox 3155 810 3169 834; x_wconf 90' lang='lat'><strong>,</strong></span> <span class='ocrx_word' id='word_1_264' title='bbox 3216 771 3467 825; x_wconf 75' lang='lat' dir='ltr'><strong>oblivioni</strong></span> <span class='ocrx_word' id='word_1_265' title='bbox 3500 768 3683 822; x_wconf 85' lang='lat' dir='ltr'><strong>trada-</strong></span> 
     </span>
    </p>
   </div>
   <div class='ocr_carea' id='block_1_38' title="bbox 2107 864 3683 932">
    <p class='ocr_par' dir='ltr' id='par_1_38' title="bbox 2107 864 3683 932">
     <span class='ocr_line' id='line_1_38' title="bbox 2107 864 3683 932; baseline -0.006 -9"><span class='ocrx_word' id='word_1_266' title='bbox 2107 879 2194 923; x_wconf 82' lang='lat' dir='ltr'><strong>tur</strong></span> <span class='ocrx_word' id='word_1_267' title='bbox 2218 869 2436 922; x_wconf 70' lang='lat' dir='ltr'><strong>dextera</strong></span> <span class='ocrx_word' id='word_1_268' title='bbox 2464 885 2600 922; x_wconf 79' lang='lat' dir='ltr'><strong>mea.</strong></span> <span class='ocrx_word' id='word_1_269' title='bbox 2639 865 2936 921; x_wconf 81' lang='lat' dir='ltr'><strong>Concedite</strong></span> <span class='ocrx_word' id='word_1_270' title='bbox 2968 864 3121 930; x_wconf 86' lang='lat' dir='ltr'><strong>mihi,</strong></span> <span class='ocrx_word' id='word_1_271' title='bbox 3149 870 3208 916; x_wconf 92' lang='lat' dir='ltr'><strong>ut</strong></span> <span class='ocrx_word' id='word_1_272' title='bbox 3246 864 3511 932; x_wconf 88' lang='lat' dir='ltr'><strong>scriptum</strong></span> <span class='ocrx_word' id='word_1_273' title='bbox 3548 876 3683 931; x_wconf 88' lang='lat' dir='ltr'><strong>pau-</strong></span> 
     </span>
    </p>
   </div>
   <div class='ocr_carea' id='block_1_39' title="bbox 2106 954 3684 1027">
    <p class='ocr_par' dir='ltr' id='par_1_39' title="bbox 2106 954 3684 1027">
     <span class='ocr_line' id='line_1_39' title="bbox 2106 954 3684 1027; baseline -0.003 -14"><span class='ocrx_word' id='word_1_274' title='bbox 2106 961 2278 1014; x_wconf 90' lang='lat' dir='ltr'><strong>lulum</strong></span> <span class='ocrx_word' id='word_1_275' title='bbox 2335 961 2603 1012; x_wconf 88' lang='lat' dir='ltr'><strong>invertam</strong></span> <span class='ocrx_word' id='word_1_276' title='bbox 2650 966 2813 1027; x_wconf 76' lang='lat' dir='ltr'><strong>atque</strong></span> <span class='ocrx_word' id='word_1_277' title='bbox 2860 956 3163 1017; x_wconf 88' lang='lat' dir='ltr'><strong>immutem,</strong></span> <span class='ocrx_word' id='word_1_278' title='bbox 3217 954 3361 1024; x_wconf 90' lang='lat' dir='ltr'><strong>quod</strong></span> <span class='ocrx_word' id='word_1_279' title='bbox 3419 969 3527 1007; x_wconf 91' lang='lat' dir='ltr'><strong>non</strong></span> <span class='ocrx_word' id='word_1_280' title='bbox 3581 968 3684 1008; x_wconf 83' lang='lat' dir='ltr'><strong>nos</strong></span> 
     </span>
    </p>
   </div>
   <div class='ocr_carea' id='block_1_40' title="bbox 2105 1045 3685 1114">
    <p class='ocr_par' dir='ltr' id='par_1_40' title="bbox 2105 1045 3685 1114">
     <span class='ocr_line' id='line_1_40' title="bbox 2105 1045 3685 1114; baseline -0.005 -10"><span class='ocrx_word' id='word_1_281' title='bbox 2105 1052 2361 1114; x_wconf 63' lang='lat' dir='ltr'><strong>dextera},</strong></span> <span class='ocrx_word' id='word_1_282' title='bbox 2412 1050 2505 1104; x_wconf 88' lang='lat' dir='ltr'><strong>sed</strong></span> <span class='ocrx_word' id='word_1_283' title='bbox 2542 1050 2765 1104; x_wconf 82' lang='lat' dir='ltr'><strong>dextera</strong></span> <span class='ocrx_word' id='word_1_284' title='bbox 2796 1049 2969 1103; x_wconf 87' lang='lat' dir='ltr'><strong>nostri</strong></span> <span class='ocrx_word' id='word_1_285' title='bbox 3008 1048 3177 1101; x_wconf 88' lang='lat' dir='ltr'><strong>oblita</strong></span> <span class='ocrx_word' id='word_1_286' title='bbox 3230 1053 3355 1111; x_wconf 86' lang='lat' dir='ltr'><strong>est;</strong></span> <span class='ocrx_word' id='word_1_287' title='bbox 3389 1053 3444 1100; x_wconf 93' lang='lat' dir='ltr'><strong>et</strong></span> <span class='ocrx_word' id='word_1_288' title='bbox 3491 1045 3685 1114; x_wconf 84' lang='lat' dir='ltr'><strong>lingua</strong></span> 
     </span>
    </p>
   </div>
   <div class='ocr_carea' id='block_1_41' title="bbox 2105 1138 3685 1216">
    <p class='ocr_par' dir='ltr' id='par_1_41' title="bbox 2105 1138 3685 1216">
     <span class='ocr_line' id='line_1_41' title="bbox 2105 1138 3685 1216; baseline -0.003 -20"><span class='ocrx_word' id='word_1_289' title='bbox 2105 1146 2309 1216; x_wconf 85' lang='lat' dir='ltr'><strong>gutturi</strong></span> <span class='ocrx_word' id='word_1_290' title='bbox 2347 1143 2859 1200; x_wconf 63' lang='lat' dir='ltr'><strong>suo-adhaerescens</strong></span> <span class='ocrx_word' id='word_1_291' title='bbox 2894 1149 3107 1197; x_wconf 81' lang='lat' dir='ltr'><strong>meatus</strong></span> <span class='ocrx_word' id='word_1_292' title='bbox 3138 1140 3289 1195; x_wconf 81' lang='lat' dir='ltr'><strong>vocis</strong></span> <span class='ocrx_word' id='word_1_293' title='bbox 3322 1138 3598 1194; x_wconf 78' lang='lat' dir='ltr'><strong>obstruxit</strong></span> <span class='ocrx_word' id='word_1_294' title='bbox 3628 1146 3685 1193; x_wconf 80' lang='lat' dir='ltr'><strong>et</strong></span> 
     </span>
    </p>
   </div>
   <div class='ocr_carea' id='block_1_42' title="bbox 2106 1233 3691 1305">
    <p class='ocr_par' dir='ltr' id='par_1_42' title="bbox 2106 1233 3691 1305">
     <span class='ocr_line' id='line_1_42' title="bbox 2106 1233 3691 1305; baseline -0.004 -14"><span class='ocrx_word' id='word_1_295' title='bbox 2106 1237 2406 1302; x_wconf 83' lang='lat' dir='ltr'><strong>obturavit,</strong></span> <span class='ocrx_word' id='word_1_296' title='bbox 2437 1244 2498 1291; x_wconf 91' lang='lat' dir='ltr'><strong>ut</strong></span> <span class='ocrx_word' id='word_1_297' title='bbox 2554 1251 2622 1291; x_wconf 92' lang='lat' dir='ltr'><strong>ne</strong></span> <span class='ocrx_word' id='word_1_298' title='bbox 2652 1235 2885 1305; x_wconf 81' lang='lat' dir='ltr'><strong>amplius</strong></span> <span class='ocrx_word' id='word_1_299' title='bbox 2917 1249 3019 1290; x_wconf 88' lang='lat' dir='ltr'><strong>nos</strong></span> <span class='ocrx_word' id='word_1_300' title='bbox 3065 1234 3281 1288; x_wconf 79' lang='lat' dir='ltr'><strong>dulcem</strong></span> <span class='ocrx_word' id='word_1_301' title='bbox 3312 1233 3462 1287; x_wconf 83' lang='lat' dir='ltr'><strong>illam</strong></span> <span class='ocrx_word' id='word_1_302' title='bbox 3493 1246 3691 1287; x_wconf 87' lang='lat' dir='ltr'><strong>vocem</strong></span> 
     </span>
    </p>
   </div>
   <div class='ocr_carea' id='block_1_43' title="bbox 2106 1324 3682 1395">
    <p class='ocr_par' dir='ltr' id='par_1_43' title="bbox 2106 1324 3682 1395">
     <span class='ocr_line' id='line_1_43' title="bbox 2106 1324 3682 1395; baseline -0.005 -12"><span class='ocrx_word' id='word_1_303' title='bbox 2106 1344 2301 1383; x_wconf 89' lang='lat' dir='ltr'><strong>rursus</strong></span> <span class='ocrx_word' id='word_1_304' title='bbox 2328 1328 2636 1382; x_wconf 89' lang='lat' dir='ltr'><strong>audiamus.</strong></span> <span class='ocrx_word' id='word_1_305' title='bbox 2676 1325 2879 1382; x_wconf 81' lang='lat' dir='ltr'><strong>Verum</strong></span> <span class='ocrx_word' id='word_1_306' title='bbox 2911 1326 3207 1395; x_wconf 83' lang='lat' dir='ltr'><strong>abstergite</strong></span> <span class='ocrx_word' id='word_1_307' title='bbox 3236 1324 3368 1378; x_wconf 90' lang='lat' dir='ltr'><strong>mihi</strong></span> <span class='ocrx_word' id='word_1_308' title='bbox 3395 1325 3682 1395; x_wconf 83' lang='lat' dir='ltr'><strong>lacrymas.</strong></span> 
     </span>
    </p>
   </div>
   <div class='ocr_carea' id='block_1_44' title="bbox 2109 1412 3691 1487">
    <p class='ocr_par' dir='ltr' id='par_1_44' title="bbox 2109 1412 3691 1487">
     <span class='ocr_line' id='line_1_44' title="bbox 2109 1412 3691 1487; baseline -0.006 -15"><span class='ocrx_word' id='word_1_309' title='bbox 2109 1418 2241 1472; x_wconf 84' lang='lat' dir='ltr'><strong>Nam</strong></span> <span class='ocrx_word' id='word_1_310' title='bbox 2277 1417 2457 1471; x_wconf 85' lang='lat' dir='ltr'><strong>sentio</strong></span> <span class='ocrx_word' id='word_1_311' title='bbox 2510 1433 2596 1471; x_wconf 91' lang='lat' dir='ltr'><strong>me</strong></span> <span class='ocrx_word' id='word_1_312' title='bbox 2650 1417 2794 1470; x_wconf 90' lang='lat' dir='ltr'><strong>ultra</strong></span> <span class='ocrx_word' id='word_1_313' title='bbox 2843 1430 3009 1487; x_wconf 89' lang='lat' dir='ltr'><strong>quam</strong></span> <span class='ocrx_word' id='word_1_314' title='bbox 3056 1415 3270 1477; x_wconf 88' lang='lat' dir='ltr'><strong>deceat,</strong></span> <span class='ocrx_word' id='word_1_315' title='bbox 3317 1412 3691 1467; x_wconf 90' lang='lat' dir='ltr'><strong>calamitatem</strong></span> 
     </span>
    </p>
   </div>
   <div class='ocr_carea' id='block_1_45' title="bbox 2110 1502 3685 1571">
    <p class='ocr_par' dir='ltr' id='par_1_45' title="bbox 2110 1502 3685 1571">
     <span class='ocr_line' id='line_1_45' title="bbox 2110 1502 3685 1571; baseline -0.005 -10"><span class='ocrx_word' id='word_1_316' title='bbox 2110 1509 2447 1563; x_wconf 85' lang='lat' dir='ltr'><strong>muliebriter</strong></span> <span class='ocrx_word' id='word_1_317' title='bbox 2483 1505 2704 1562; x_wconf 87' lang='lat' dir='ltr'><strong>deﬂere.</strong></span> <span class='ocrx_word' id='word_1_318' title='bbox 2734 1505 2855 1561; x_wconf 87' lang='lat' dir='ltr'><strong>Non</strong></span> <span class='ocrx_word' id='word_1_319' title='bbox 2891 1506 3108 1560; x_wconf 90' lang='lat' dir='ltr'><strong>ablatus</strong></span> <span class='ocrx_word' id='word_1_320' title='bbox 3138 1511 3223 1559; x_wconf 87' lang='lat' dir='ltr'><strong>est</strong></span> <span class='ocrx_word' id='word_1_321' title='bbox 3263 1518 3294 1556; x_wconf 91' lang='lat' dir='ltr'><strong>a</strong></span> <span class='ocrx_word' id='word_1_322' title='bbox 3327 1502 3487 1558; x_wconf 91' lang='lat' dir='ltr'><strong>nobis</strong></span> <span class='ocrx_word' id='word_1_323' title='bbox 3516 1517 3685 1571; x_wconf 88' lang='lat' dir='ltr'><strong>spon-</strong></span> 
     </span>
    </p>
   </div>
   <div class='ocr_carea' id='block_1_46' title="bbox 2108 1594 3688 1663">
    <p class='ocr_par' dir='ltr' id='par_1_46' title="bbox 2108 1594 3688 1663">
     <span class='ocr_line' id='line_1_46' title="bbox 2108 1594 3688 1663; baseline -0.004 -10"><span class='ocrx_word' id='word_1_324' title='bbox 2108 1615 2227 1663; x_wconf 87' lang='lat' dir='ltr'><strong>sus,</strong></span> <span class='ocrx_word' id='word_1_325' title='bbox 2264 1599 2317 1652; x_wconf 92' lang='lat' dir='ltr'><strong>in</strong></span> <span class='ocrx_word' id='word_1_326' title='bbox 2342 1598 2522 1653; x_wconf 91' lang='lat' dir='ltr'><strong>medio</strong></span> <span class='ocrx_word' id='word_1_327' title='bbox 2548 1606 2799 1653; x_wconf 90' lang='lat' dir='ltr'><strong>nostrum</strong></span> <span class='ocrx_word' id='word_1_328' title='bbox 2826 1604 2958 1658; x_wconf 87' lang='lat' dir='ltr'><strong>stat,</strong></span> <span class='ocrx_word' id='word_1_329' title='bbox 2992 1595 3207 1650; x_wconf 89' lang='lat' dir='ltr'><strong>etiamsi</strong></span> <span class='ocrx_word' id='word_1_330' title='bbox 3239 1609 3340 1649; x_wconf 91' lang='lat' dir='ltr'><strong>nos</strong></span> <span class='ocrx_word' id='word_1_331' title='bbox 3367 1609 3476 1647; x_wconf 91' lang='lat' dir='ltr'><strong>non</strong></span> <span class='ocrx_word' id='word_1_332' title='bbox 3508 1594 3688 1646; x_wconf 84' lang='lat' dir='ltr'><strong>videa-</strong></span> 
     </span>
    </p>
   </div>
   <div class='ocr_carea' id='block_1_47' title="bbox 2110 1678 3688 1761">
    <p class='ocr_par' dir='ltr' id='par_1_47' title="bbox 2110 1678 3688 1761">
     <span class='ocr_line' id='line_1_47' title="bbox 2110 1678 3688 1761; baseline -0.006 -16"><span class='ocrx_word' id='word_1_333' title='bbox 2110 1707 2255 1745; x_wconf 71' lang='lat' dir='ltr'><strong>mus.</strong></span> <span class='ocrx_word' id='word_1_334' title='bbox 2299 1689 2356 1744; x_wconf 89' lang='lat' dir='ltr'><strong>In</strong></span> <span class='ocrx_word' id='word_1_335' title='bbox 2383 1691 2560 1761; x_wconf 83' lang='lat' dir='ltr'><strong>adytis</strong></span> <span class='ocrx_word' id='word_1_336' title='bbox 2587 1707 2650 1745; x_wconf 89' lang='lat' dir='ltr'><strong>ac</strong></span> <span class='ocrx_word' id='word_1_337' title='bbox 2688 1678 3354 1760; x_wconf 37' lang='lat' dir='ltr'><strong>penetralibus‘sacerdos</strong></span> <span class='ocrx_word' id='word_1_338' title='bbox 3382 1695 3486 1749; x_wconf 88' lang='lat' dir='ltr'><strong>est,</strong></span> <span class='ocrx_word' id='word_1_339' title='bbox 3519 1687 3573 1737; x_wconf 91' lang='lat' dir='ltr'><strong>in</strong></span> <span class='ocrx_word' id='word_1_340' title='bbox 3604 1685 3688 1738; x_wconf 89' lang='lat' dir='ltr'><strong>in-</strong></span> 
     </span>
    </p>
   </div>
   <div class='ocr_carea' id='block_1_48' title="bbox 2108 1778 3688 1853">
    <p class='ocr_par' dir='ltr' id='par_1_48' title="bbox 2108 1778 3688 1853">
     <span class='ocr_line' id='line_1_48' title="bbox 2108 1778 3688 1853; baseline -0.003 -18"><span class='ocrx_word' id='word_1_341' title='bbox 2108 1784 2405 1838; x_wconf 91' lang='lat' dir='ltr'><strong>terioribus</strong></span> <span class='ocrx_word' id='word_1_342' title='bbox 2438 1784 2563 1850; x_wconf 83' lang='lat' dir='ltr'><strong>veli,</strong></span> <span class='ocrx_word' id='word_1_343' title='bbox 2595 1797 2707 1853; x_wconf 85' lang='lat' dir='ltr'><strong>quo</strong></span> <span class='ocrx_word' id='word_1_344' title='bbox 2740 1794 3047 1851; x_wconf 72' lang='lat' dir='ltr'><strong>praecursor</strong></span> <span class='ocrx_word' id='word_1_345' title='bbox 3077 1793 3174 1849; x_wconf 90' lang='lat' dir='ltr'><strong>pro</strong></span> <span class='ocrx_word' id='word_1_346' title='bbox 3215 1778 3371 1833; x_wconf 88' lang='lat' dir='ltr'><strong>nobis</strong></span> <span class='ocrx_word' id='word_1_347' title='bbox 3402 1778 3688 1846; x_wconf 83' lang='lat' dir='ltr'><strong>ingressus</strong></span> 
     </span>
    </p>
   </div>
   <div class='ocr_carea' id='block_1_49' title="bbox 2107 1865 3685 1943">
    <p class='ocr_par' dir='ltr' id='par_1_49' title="bbox 2107 1865 3685 1943">
     <span class='ocr_line' id='line_1_49' title="bbox 2107 1865 3685 1943; baseline -0.007 -13"><span class='ocrx_word' id='word_1_348' title='bbox 2107 1882 2187 1930; x_wconf 86' lang='lat' dir='ltr'><strong>est</strong></span> <span class='ocrx_word' id='word_1_349' title='bbox 2240 1875 2534 1939; x_wconf 78' lang='lat' dir='ltr'><strong>Christus,</strong></span> <span class='ocrx_word' id='word_1_350' title='bbox 2593 1873 2814 1943; x_wconf 88' lang='lat' dir='ltr'><strong>reliquit</strong></span> <span class='ocrx_word' id='word_1_351' title='bbox 2872 1871 3056 1927; x_wconf 88' lang='lat' dir='ltr'><strong>carnis</strong></span> <span class='ocrx_word' id='word_1_352' title='bbox 3114 1876 3509 1940; x_wconf 84' lang='lat' dir='ltr'><strong>tegumentum.</strong></span> <span class='ocrx_word' id='word_1_353' title='bbox 3567 1865 3685 1921; x_wconf 87' lang='lat' dir='ltr'><strong>Non</strong></span> 
     </span>
    </p>
   </div>
   <div class='ocr_carea' id='block_1_50' title="bbox 2108 1957 3687 2038">
    <p class='ocr_par' dir='ltr' id='par_1_50' title="bbox 2108 1957 3687 2038">
     <span class='ocr_line' id='line_1_50' title="bbox 2108 1957 3687 2038; baseline -0.007 -16"><span class='ocrx_word' id='word_1_354' title='bbox 2108 1968 2346 2038; x_wconf 85' lang='lat' dir='ltr'><strong>amplius</strong></span> <span class='ocrx_word' id='word_1_355' title='bbox 2374 1968 2532 2038; x_wconf 84' lang='lat' dir='ltr'><strong>signo</strong></span> <span class='ocrx_word' id='word_1_356' title='bbox 2560 1975 2613 2022; x_wconf 91' lang='lat' dir='ltr'><strong>et</strong></span> <span class='ocrx_word' id='word_1_357' title='bbox 2665 1965 2868 2019; x_wconf 64' lang='lat' dir='ltr'><strong>umbrae</strong></span> <span class='ocrx_word' id='word_1_358' title='bbox 2916 1962 3220 2017; x_wconf 70' lang='lat' dir='ltr'><strong>cmlestium</strong></span> <span class='ocrx_word' id='word_1_359' title='bbox 3269 1960 3457 2023; x_wconf 84' lang='lat' dir='ltr'><strong>servit,</strong></span> <span class='ocrx_word' id='word_1_360' title='bbox 3496 1957 3588 2013; x_wconf 90' lang='lat' dir='ltr'><strong>sed</strong></span> <span class='ocrx_word' id='word_1_361' title='bbox 3629 1957 3687 2011; x_wconf 77' lang='lat' dir='ltr'><strong>in</strong></span> 
     </span>
    </p>
   </div>
   <div class='ocr_carea' id='block_1_51' title="bbox 2109 2049 3688 2129">
    <p class='ocr_par' dir='ltr' id='par_1_51' title="bbox 2109 2049 3688 2129">
     <span class='ocr_line' id='line_1_51' title="bbox 2109 2049 3688 2129; baseline -0.006 -16"><span class='ocrx_word' id='word_1_362' title='bbox 2109 2059 2284 2129; x_wconf 90' lang='lat' dir='ltr'><strong>ipsam</strong></span> <span class='ocrx_word' id='word_1_363' title='bbox 2350 2073 2534 2112; x_wconf 90' lang='lat' dir='ltr'><strong>rerum</strong></span> <span class='ocrx_word' id='word_1_364' title='bbox 2593 2056 2885 2125; x_wconf 80' lang='lat' dir='ltr'><strong>imaginem</strong></span> <span class='ocrx_word' id='word_1_365' title='bbox 2940 2056 3222 2117; x_wconf 89' lang='lat' dir='ltr'><strong>intuetur;</strong></span> <span class='ocrx_word' id='word_1_366' title='bbox 3280 2067 3388 2105; x_wconf 93' lang='lat' dir='ltr'><strong>non</strong></span> <span class='ocrx_word' id='word_1_367' title='bbox 3449 2049 3688 2119; x_wconf 82' lang='lat' dir='ltr'><strong>amplius</strong></span> 
     </span>
    </p>
   </div>
   <div class='ocr_carea' id='block_1_52' title="bbox 2108 2139 3685 2220">
    <p class='ocr_par' dir='ltr' id='par_1_52' title="bbox 2108 2139 3685 2220">
     <span class='ocr_line' id='line_1_52' title="bbox 2108 2139 3685 2220; baseline -0.008 -15"><span class='ocrx_word' id='word_1_368' title='bbox 2108 2166 2204 2220; x_wconf 91' lang='lat' dir='ltr'><strong>per</strong></span> <span class='ocrx_word' id='word_1_369' title='bbox 2229 2150 2511 2219; x_wconf 81' lang='lat' dir='ltr'><strong>speculum</strong></span> <span class='ocrx_word' id='word_1_370' title='bbox 2545 2158 2709 2218; x_wconf 86' lang='lat' dir='ltr'><strong>atque</strong></span> <span class='ocrx_word' id='word_1_371' title='bbox 2732 2163 2828 2217; x_wconf 92' lang='lat' dir='ltr'><strong>per</strong></span> <span class='ocrx_word' id='word_1_372' title='bbox 2854 2157 3203 2201; x_wconf 88' lang='lat' dir='ltr'><strong>transennam</strong></span> <span class='ocrx_word' id='word_1_373' title='bbox 3230 2152 3283 2198; x_wconf 93' lang='lat' dir='ltr'><strong>et</strong></span> <span class='ocrx_word' id='word_1_374' title='bbox 3306 2143 3556 2211; x_wconf 61' lang='lat' dir='ltr'><strong>aanigma.</strong></span> <span class='ocrx_word' id='word_1_375' title='bbox 3590 2139 3685 2194; x_wconf 87' lang='lat' dir='ltr'><strong>sed</strong></span> 
     </span>
    </p>
   </div>
   <div class='ocr_carea' id='block_1_53' title="bbox 2109 2232 3685 2313">
    <p class='ocr_par' dir='ltr' id='par_1_53' title="bbox 2109 2232 3685 2313">
     <span class='ocr_line' id='line_1_53' title="bbox 2109 2232 3685 2313; baseline -0.008 -16"><span class='ocrx_word' id='word_1_376' title='bbox 2109 2244 2225 2313; x_wconf 90' lang='lat' dir='ltr'><strong>ipse</strong></span> <span class='ocrx_word' id='word_1_377' title='bbox 2254 2242 2395 2297; x_wconf 87' lang='lat' dir='ltr'><strong>faeie</strong></span> <span class='ocrx_word' id='word_1_378' title='bbox 2424 2257 2547 2296; x_wconf 90' lang='lat' dir='ltr'><strong>cum</strong></span> <span class='ocrx_word' id='word_1_379' title='bbox 2579 2240 2717 2295; x_wconf 90' lang='lat' dir='ltr'><strong>facie</strong></span> <span class='ocrx_word' id='word_1_380' title='bbox 2747 2240 2944 2295; x_wconf 85' lang='lat' dir='ltr'><strong>collata</strong></span> <span class='ocrx_word' id='word_1_381' title='bbox 2989 2237 3277 2293; x_wconf 87' lang='lat' dir='ltr'><strong>intercedit</strong></span> <span class='ocrx_word' id='word_1_382' title='bbox 3304 2235 3445 2306; x_wconf 90' lang='lat' dir='ltr'><strong>apud</strong></span> <span class='ocrx_word' id='word_1_383' title='bbox 3492 2232 3685 2287; x_wconf 88' lang='lat' dir='ltr'><strong>Demn.</strong></span> 
     </span>
    </p>
   </div>
   <div class='ocr_carea' id='block_1_54' title="bbox 2108 2324 3689 2401">
    <p class='ocr_par' dir='ltr' id='par_1_54' title="bbox 2108 2324 3689 2401">
     <span class='ocr_line' id='line_1_54' title="bbox 2108 2324 3689 2401; baseline -0.004 -14"><span class='ocrx_word' id='word_1_384' title='bbox 2108 2333 2404 2389; x_wconf 88' lang='lat' dir='ltr'><strong>lntereedit</strong></span> <span class='ocrx_word' id='word_1_385' title='bbox 2439 2341 2622 2387; x_wconf 90' lang='lat' dir='ltr'><strong>autem</strong></span> <span class='ocrx_word' id='word_1_386' title='bbox 2660 2347 2761 2401; x_wconf 92' lang='lat' dir='ltr'><strong>pro</strong></span> <span class='ocrx_word' id='word_1_387' title='bbox 2790 2331 2975 2395; x_wconf 89' lang='lat' dir='ltr'><strong>nobis,</strong></span> <span class='ocrx_word' id='word_1_388' title='bbox 3006 2336 3060 2384; x_wconf 88' lang='lat' dir='ltr'><strong>et</strong></span> <span class='ocrx_word' id='word_1_389' title='bbox 3103 2328 3290 2399; x_wconf 85' lang='lat' dir='ltr'><strong>pepuli</strong></span> <span class='ocrx_word' id='word_1_390' title='bbox 3330 2325 3549 2383; x_wconf 88' lang='lat' dir='ltr'><strong>erratis.</strong></span> <span class='ocrx_word' id='word_1_391' title='bbox 3580 2324 3689 2380; x_wconf 86' lang='lat' dir='ltr'><strong>De-</strong></span> 
     </span>
    </p>
   </div>
   <div class='ocr_carea' id='block_1_55' title="bbox 2110 2415 3693 2496">
    <p class='ocr_par' dir='ltr' id='par_1_55' title="bbox 2110 2415 3693 2496">
     <span class='ocr_line' id='line_1_55' title="bbox 2110 2415 3693 2496; baseline -0.006 -17"><span class='ocrx_word' id='word_1_392' title='bbox 2110 2427 2294 2496; x_wconf 79' lang='lat' dir='ltr'><strong>posuit</strong></span> <span class='ocrx_word' id='word_1_393' title='bbox 2322 2424 2541 2479; x_wconf 90' lang='lat' dir='ltr'><strong>tunicas</strong></span> <span class='ocrx_word' id='word_1_394' title='bbox 2576 2424 2868 2494; x_wconf 89' lang='lat' dir='ltr'><strong>pelliceas;</strong></span> <span class='ocrx_word' id='word_1_395' title='bbox 2913 2436 3092 2491; x_wconf 91' lang='lat' dir='ltr'><strong>neque</strong></span> <span class='ocrx_word' id='word_1_396' title='bbox 3131 2419 3278 2474; x_wconf 91' lang='lat' dir='ltr'><strong>enim</strong></span> <span class='ocrx_word' id='word_1_397' title='bbox 3307 2417 3508 2472; x_wconf 87' lang='lat' dir='ltr'><strong>talibus</strong></span> <span class='ocrx_word' id='word_1_398' title='bbox 3542 2415 3693 2470; x_wconf 81' lang='lat' dir='ltr'><strong>tuni-</strong></span> 
     </span>
    </p>
   </div>
   <div class='ocr_carea' id='block_1_56' title="bbox 2097 2510 3688 2592">
    <p class='ocr_par' dir='ltr' id='par_1_56' title="bbox 2097 2510 3688 2592">
     <span class='ocr_line' id='line_1_56' title="bbox 2097 2510 3688 2592; baseline -0.007 -20"><span class='ocrx_word' id='word_1_399' title='bbox 2097 2520 2189 2592; x_wconf 15' lang='lat' dir='ltr'><strong>Vcis</strong></span> <span class='ocrx_word' id='word_1_400' title='bbox 2225 2534 2364 2588; x_wconf 74' lang='lat' dir='ltr'><strong>opus</strong></span> <span class='ocrx_word' id='word_1_401' title='bbox 2393 2518 2615 2581; x_wconf 91' lang='lat' dir='ltr'><strong>habent,</strong></span> <span class='ocrx_word' id='word_1_402' title='bbox 2643 2515 2737 2587; x_wconf 86' lang='lat' dir='ltr'><strong>qui</strong></span> <span class='ocrx_word' id='word_1_403' title='bbox 2764 2517 2818 2569; x_wconf 92' lang='lat' dir='ltr'><strong>in</strong></span> <span class='ocrx_word' id='word_1_404' title='bbox 2848 2514 3104 2584; x_wconf 89' lang='lat' dir='ltr'><strong>paradiso</strong></span> <span class='ocrx_word' id='word_1_405' title='bbox 3127 2512 3350 2582; x_wconf 81' lang='lat' dir='ltr'><strong>degunt.</strong></span> <span class='ocrx_word' id='word_1_406' title='bbox 3392 2510 3497 2565; x_wconf 91' lang='lat' dir='ltr'><strong>Sed</strong></span> <span class='ocrx_word' id='word_1_407' title='bbox 3524 2510 3688 2563; x_wconf 85' lang='lat' dir='ltr'><strong>habet</strong></span> 
     </span>
    </p>
   </div>
   <div class='ocr_carea' id='block_1_57' title="bbox 2110 2601 3737 2678">
    <p class='ocr_par' dir='ltr' id='par_1_57' title="bbox 2110 2601 3737 2678">
     <span class='ocr_line' id='line_1_57' title="bbox 2110 2601 3737 2678; baseline -0.005 -15"><span class='ocrx_word' id='word_1_408' title='bbox 2110 2611 2450 2672; x_wconf 82' lang='lat' dir='ltr'><strong>indumenta,</strong></span> <span class='ocrx_word' id='word_1_409' title='bbox 2477 2623 2598 2678; x_wconf 78' lang='lat' dir='ltr'><strong>quae</strong></span> <span class='ocrx_word' id='word_1_410' title='bbox 2626 2607 2860 2677; x_wconf 90' lang='lat' dir='ltr'><strong>puritate</strong></span> <span class='ocrx_word' id='word_1_411' title='bbox 2886 2606 3010 2660; x_wconf 55' lang='lat' dir='ltr'><strong>vitae</strong></span> <span class='ocrx_word' id='word_1_412' title='bbox 3031 2620 3144 2659; x_wconf 73' lang='lat' dir='ltr'><strong>sum</strong></span> <span class='ocrx_word' id='word_1_413' title='bbox 3175 2602 3480 2666; x_wconf 86' lang='lat' dir='ltr'><strong>contexuit,</strong></span> <span class='ocrx_word' id='word_1_414' title='bbox 3511 2601 3691 2671; x_wconf 90' lang='lat' dir='ltr'><strong>iisque</strong></span> <span class='ocrx_word' id='word_1_415' title='bbox 3724 2602 3737 2613; x_wconf 90' lang='lat'><strong><em>&#39;</em></strong></span> 
     </span>
    </p>
   </div>
   <div class='ocr_carea' id='block_1_58' title="bbox 2110 2692 3691 2766">
    <p class='ocr_par' dir='ltr' id='par_1_58' title="bbox 2110 2692 3691 2766">
     <span class='ocr_line' id='line_1_58' title="bbox 2110 2692 3691 2766; baseline -0.008 -9"><span class='ocrx_word' id='word_1_416' title='bbox 2110 2717 2230 2759; x_wconf 89' lang='lat' dir='ltr'><strong>sese</strong></span> <span class='ocrx_word' id='word_1_417' title='bbox 2256 2702 2561 2757; x_wconf 82' lang='lat' dir='ltr'><strong>exornavit.</strong></span> <span class='ocrx_word' id='word_1_418' title='bbox 2594 2699 2874 2753; x_wconf 82' lang='lat' dir='ltr'><strong>llonorata</strong></span> <span class='ocrx_word' id='word_1_419' title='bbox 2908 2712 2972 2752; x_wconf 91' lang='lat' dir='ltr'><strong>ac</strong></span> <span class='ocrx_word' id='word_1_420' title='bbox 3000 2696 3237 2766; x_wconf 88' lang='lat' dir='ltr'><strong>pretiosa</strong></span> <span class='ocrx_word' id='word_1_421' title='bbox 3278 2708 3465 2749; x_wconf 89' lang='lat' dir='ltr'><strong>coram</strong></span> <span class='ocrx_word' id='word_1_422' title='bbox 3504 2692 3691 2745; x_wconf 85' lang='lat' dir='ltr'><strong>Domi-</strong></span> 
     </span>
    </p>
   </div>
   <div class='ocr_carea' id='block_1_59' title="bbox 2110 2782 3688 2861">
    <p class='ocr_par' dir='ltr' id='par_1_59' title="bbox 2110 2782 3688 2861">
     <span class='ocr_line' id='line_1_59' title="bbox 2110 2782 3688 2861; baseline -0.006 -16"><span class='ocrx_word' id='word_1_423' title='bbox 2110 2808 2181 2845; x_wconf 92' lang='lat' dir='ltr'><strong>no</strong></span> <span class='ocrx_word' id='word_1_424' title='bbox 2211 2793 2338 2847; x_wconf 87' lang='lat' dir='ltr'><strong>talis</strong></span> <span class='ocrx_word' id='word_1_425' title='bbox 2369 2790 2536 2861; x_wconf 91' lang='lat' dir='ltr'><strong>(viri)</strong></span> <span class='ocrx_word' id='word_1_426' title='bbox 2567 2805 2714 2844; x_wconf 91' lang='lat' dir='ltr'><strong>mors</strong></span> <span class='ocrx_word' id='word_1_427' title='bbox 2768 2796 2871 2842; x_wconf 89' lang='lat' dir='ltr'><strong>est.</strong></span> <span class='ocrx_word' id='word_1_428' title='bbox 2909 2786 3023 2841; x_wconf 88' lang='lat' dir='ltr'><strong>lmo</strong></span> <span class='ocrx_word' id='word_1_429' title='bbox 3053 2801 3185 2838; x_wconf 80' lang='lat' dir='ltr'><strong>vero</strong></span> <span class='ocrx_word' id='word_1_430' title='bbox 3234 2800 3341 2838; x_wconf 88' lang='lat' dir='ltr'><strong>non</strong></span> <span class='ocrx_word' id='word_1_431' title='bbox 3374 2798 3543 2848; x_wconf 91' lang='lat' dir='ltr'><strong>mors,</strong></span> <span class='ocrx_word' id='word_1_432' title='bbox 3593 2782 3688 2837; x_wconf 88' lang='lat' dir='ltr'><strong>sed</strong></span> 
     </span>
    </p>
   </div>
   <div class='ocr_carea' id='block_1_60' title="bbox 2110 2875 3688 2953">
    <p class='ocr_par' dir='ltr' id='par_1_60' title="bbox 2110 2875 3688 2953">
     <span class='ocr_line' id='line_1_60' title="bbox 2110 2875 3688 2953; baseline -0.007 -18"><span class='ocrx_word' id='word_1_433' title='bbox 2110 2892 2341 2953; x_wconf 90' lang='lat' dir='ltr'><strong>ruptura</strong></span> <span class='ocrx_word' id='word_1_434' title='bbox 2390 2881 2735 2935; x_wconf 87' lang='lat' dir='ltr'><strong>vinculorum</strong></span> <span class='ocrx_word' id='word_1_435' title='bbox 2785 2886 2889 2933; x_wconf 89' lang='lat' dir='ltr'><strong>est.</strong></span> <span class='ocrx_word' id='word_1_436' title='bbox 2940 2876 3233 2945; x_wconf 81' lang='lat' dir='ltr'><strong>Disrupisti</strong></span> <span class='ocrx_word' id='word_1_437' title='bbox 3282 2875 3448 2939; x_wconf 88' lang='lat' dir='ltr'><strong>enim,</strong></span> <span class='ocrx_word' id='word_1_438' title='bbox 3491 2875 3688 2942; x_wconf 88' lang='lat' dir='ltr'><strong>inquit,</strong></span> 
     </span>
    </p>
   </div>
   <div class='ocr_carea' id='block_1_61' title="bbox 2111 2966 3691 3033">
    <p class='ocr_par' dir='ltr' id='par_1_61' title="bbox 2111 2966 3691 3033">
     <span class='ocr_line' id='line_1_61' title="bbox 2111 2966 3691 3033; baseline -0.009 -3"><span class='ocrx_word' id='word_1_439' title='bbox 2111 2978 2320 3031; x_wconf 78' lang='lat' dir='ltr'><strong>vincula</strong></span> <span class='ocrx_word' id='word_1_440' title='bbox 2352 2992 2467 3028; x_wconf 76' lang='lat' dir='ltr'><strong>mea</strong></span> <span class='ocrx_word' id='word_1_441' title='bbox 2489 2974 2530 3027; x_wconf 67' lang='grc'>⁵.</span> <span class='ocrx_word' id='word_1_442' title='bbox 2585 2972 2856 3027; x_wconf 85' lang='lat' dir='ltr'><strong>Dimissus</strong></span> <span class='ocrx_word' id='word_1_443' title='bbox 2902 2977 2987 3027; x_wconf 87' lang='lat' dir='ltr'><strong>est</strong></span> <span class='ocrx_word' id='word_1_444' title='bbox 3023 2967 3269 3033; x_wconf 88' lang='lat' dir='ltr'><strong>Simeon,</strong></span> <span class='ocrx_word' id='word_1_445' title='bbox 3318 2966 3578 3020; x_wconf 87' lang='lat' dir='ltr'><strong>liberatus</strong></span> <span class='ocrx_word' id='word_1_446' title='bbox 3606 2973 3691 3018; x_wconf 85' lang='lat' dir='ltr'><strong>est</strong></span> 
     </span>
    </p>
   </div>
   <div class='ocr_carea' id='block_1_62' title="bbox 432 3052 2005 3140">
    <p class='ocr_par' dir='ltr' id='par_1_62' title="bbox 432 3052 2005 3127">
     <span class='ocr_line' id='line_1_62' title="bbox 432 3052 2005 3127; baseline -0.003 -18"><span class='ocrx_word' id='word_1_447' title='bbox 432 3055 778 3127; x_wconf 76' lang='grc' dir='ltr'>ἠλευθερώθη</span> <span class='ocrx_word' id='word_1_448' title='bbox 817 3053 1012 3108; x_wconf 75' lang='grc' dir='ltr'>ἐκτῶν</span> <span class='ocrx_word' id='word_1_449' title='bbox 1039 3053 1254 3125; x_wconf 85' lang='grc' dir='ltr'>δεσμῶν</span> <span class='ocrx_word' id='word_1_450' title='bbox 1286 3053 1379 3106; x_wconf 79' lang='grc' dir='ltr'>τοῦ</span> <span class='ocrx_word' id='word_1_451' title='bbox 1421 3052 1689 3123; x_wconf 80' lang='grc' dir='ltr'>σώματος.</span> <span class='ocrx_word' id='word_1_452' title='bbox 1734 3054 1799 3105; x_wconf 86' lang='grc' dir='ltr'>Ἠ</span> <span class='ocrx_word' id='word_1_453' title='bbox 1841 3055 2005 3120; x_wconf 60' lang='grc' dir='ltr'>παγίς</span> 
     </span>
    </p>
   </div>
   <div class='ocr_carea' id='block_1_63' title="bbox 2107 3052 3686 3140">
    <p class='ocr_par' dir='ltr' id='par_1_63' title="bbox 2111 3056 3686 3136">
     <span class='ocr_line' id='line_1_63' title="bbox 2111 3056 3686 3136; baseline -0.01 -13"><span class='ocrx_word' id='word_1_454' title='bbox 2111 3069 2347 3123; x_wconf 80' lang='lat' dir='ltr'><strong>vinculis</strong></span> <span class='ocrx_word' id='word_1_455' title='bbox 2378 3065 2647 3136; x_wconf 91' lang='lat' dir='ltr'><strong>corporis.</strong></span> <span class='ocrx_word' id='word_1_456' title='bbox 2680 3064 2932 3132; x_wconf 80' lang='lat' dir='ltr'><strong>Laqueus</strong></span> <span class='ocrx_word' id='word_1_457' title='bbox 2961 3061 3234 3117; x_wconf 86' lang='lat' dir='ltr'><strong>contritus</strong></span> <span class='ocrx_word' id='word_1_458' title='bbox 3257 3066 3363 3123; x_wconf 89' lang='lat' dir='ltr'><strong>est,</strong></span> <span class='ocrx_word' id='word_1_459' title='bbox 3391 3065 3446 3112; x_wconf 90' lang='lat' dir='ltr'><strong>et</strong></span> <span class='ocrx_word' id='word_1_460' title='bbox 3472 3056 3686 3110; x_wconf 89' lang='lat' dir='ltr'><strong>avicula</strong></span> 
     </span>
    </p>
   </div>
   <div class='ocr_carea' id='block_1_64' title="bbox 435 3144 2008 3218">
    <p class='ocr_par' dir='ltr' id='par_1_64' title="bbox 435 3144 2008 3218">
     <span class='ocr_line' id='line_1_64' title="bbox 435 3144 2008 3218; baseline 0 -19"><span class='ocrx_word' id='word_1_461' title='bbox 435 3146 756 3218; x_wconf 83' lang='grc' dir='ltr'>συνετρίϐη·</span> <span class='ocrx_word' id='word_1_462' title='bbox 807 3146 868 3199; x_wconf 81' lang='grc' dir='ltr'>τὸ</span> <span class='ocrx_word' id='word_1_463' title='bbox 906 3145 963 3197; x_wconf 85' lang='grc' dir='ltr'>δὲ</span> <span class='ocrx_word' id='word_1_464' title='bbox 1012 3145 1291 3216; x_wconf 87' lang='grc' dir='ltr'>στρουθίον</span> <span class='ocrx_word' id='word_1_465' title='bbox 1321 3144 1561 3215; x_wconf 86' lang='grc' dir='ltr'>ἀπέπτη.</span> <span class='ocrx_word' id='word_1_466' title='bbox 1609 3145 1883 3199; x_wconf 83' lang='grc' dir='ltr'>Κατέλιπε</span> <span class='ocrx_word' id='word_1_467' title='bbox 1910 3147 2008 3216; x_wconf 78' lang='grc' dir='ltr'><strong>τὴν</strong></span> 
     </span>
    </p>
   </div>
   <div class='ocr_carea' id='block_1_65' title="bbox 433 3236 2009 3309">
    <p class='ocr_par' dir='ltr' id='par_1_65' title="bbox 433 3236 2009 3309">
     <span class='ocr_line' id='line_1_65' title="bbox 433 3236 2009 3309; baseline -0.001 -17"><span class='ocrx_word' id='word_1_468' title='bbox 433 3239 725 3307; x_wconf 75' lang='grc' dir='ltr'>Αἴγυπτον,</span> <span class='ocrx_word' id='word_1_469' title='bbox 768 3239 859 3291; x_wconf 82' lang='grc' dir='ltr'><strong>τὸν</strong></span> <span class='ocrx_word' id='word_1_470' title='bbox 888 3236 1063 3307; x_wconf 81' lang='grc' dir='ltr'>ὑλώδη</span> <span class='ocrx_word' id='word_1_471' title='bbox 1085 3237 1197 3307; x_wconf 86' lang='grc' dir='ltr'>βίον</span> <span class='ocrx_word' id='word_1_472' title='bbox 1220 3254 1236 3269; x_wconf 94' lang='grc'><strong>·</strong></span> <span class='ocrx_word' id='word_1_473' title='bbox 1258 3237 1524 3309; x_wconf 79' lang='grc' dir='ltr'>ἐπέρασεν</span> <span class='ocrx_word' id='word_1_474' title='bbox 1561 3239 1681 3308; x_wconf 75' lang='grc' dir='ltr'>οὑχὶ</span> <span class='ocrx_word' id='word_1_475' title='bbox 1710 3238 1809 3309; x_wconf 81' lang='grc' dir='ltr'><strong>τὴν</strong></span> <span class='ocrx_word' id='word_1_476' title='bbox 1855 3240 2009 3309; x_wconf 83' lang='grc' dir='ltr'>Ἐρυ-</span> 
     </span>
    </p>
   </div>
   <div class='ocr_carea' id='block_1_66' title="bbox 435 3328 2005 3400">
    <p class='ocr_par' dir='ltr' id='par_1_66' title="bbox 435 3328 2005 3400">
     <span class='ocr_line' id='line_1_66' title="bbox 435 3328 2005 3400; baseline -0.001 -18"><span class='ocrx_word' id='word_1_477' title='bbox 435 3331 569 3400; x_wconf 79' lang='grc' dir='ltr'>Ορὰν</span> <span class='ocrx_word' id='word_1_478' title='bbox 602 3330 827 3398; x_wconf 87' lang='grc' dir='ltr'>ταύτην,</span> <span class='ocrx_word' id='word_1_479' title='bbox 860 3328 996 3382; x_wconf 78' lang='grc' dir='ltr'>ἀλλὰ</span> <span class='ocrx_word' id='word_1_480' title='bbox 1018 3329 1117 3399; x_wconf 82' lang='grc' dir='ltr'><strong>τὴν</strong></span> <span class='ocrx_word' id='word_1_481' title='bbox 1150 3328 1403 3398; x_wconf 84' lang='grc' dir='ltr'>μέλαιναν</span> <span class='ocrx_word' id='word_1_482' title='bbox 1430 3328 1643 3399; x_wconf 77' lang='grc' dir='ltr'>ἐκείνην</span> <span class='ocrx_word' id='word_1_483' title='bbox 1671 3330 1763 3380; x_wconf 70' lang='grc' dir='ltr'><strong>καὶ</strong></span> <span class='ocrx_word' id='word_1_484' title='bbox 1794 3328 2005 3399; x_wconf 74' lang='grc' dir='ltr'>ζοφώδη</span> 
     </span>
    </p>
   </div>
   <div class='ocr_carea' id='block_1_67' title="bbox 432 3419 2008 3493">
    <p class='ocr_par' dir='ltr' id='par_1_67' title="bbox 432 3419 2008 3493">
     <span class='ocr_line' id='line_1_67' title="bbox 432 3419 2008 3493; baseline -0.009 -17"><span class='ocrx_word' id='word_1_485' title='bbox 432 3423 526 3476; x_wconf 81' lang='grc' dir='ltr'>τοῦ</span> <span class='ocrx_word' id='word_1_486' title='bbox 554 3423 670 3493; x_wconf 82' lang='grc' dir='ltr'>βίου</span> <span class='ocrx_word' id='word_1_487' title='bbox 719 3420 1020 3475; x_wconf 89' lang='grc' dir='ltr'>θάλασσαν·</span> <span class='ocrx_word' id='word_1_488' title='bbox 1065 3419 1310 3490; x_wconf 75' lang='grc' dir='ltr'>εἰσῆλθεν</span> <span class='ocrx_word' id='word_1_489' title='bbox 1338 3421 1418 3483; x_wconf 87' lang='grc' dir='ltr'><strong>είς</strong></span> <span class='ocrx_word' id='word_1_490' title='bbox 1446 3419 1545 3490; x_wconf 84' lang='grc' dir='ltr'><strong>τὴν</strong></span> <span class='ocrx_word' id='word_1_491' title='bbox 1576 3421 1679 3491; x_wconf 83' lang='grc' dir='ltr'>γῆν</span> <span class='ocrx_word' id='word_1_492' title='bbox 1712 3421 1811 3491; x_wconf 81' lang='grc' dir='ltr'>τῆς</span> <span class='ocrx_word' id='word_1_493' title='bbox 1837 3422 2008 3489; x_wconf 73' lang='grc' dir='ltr'>ἑπαγ-</span> 
     </span>
    </p>
   </div>
   <div class='ocr_carea' id='block_1_68' title="bbox 432 3511 2008 3584">
    <p class='ocr_par' dir='ltr' id='par_1_68' title="bbox 432 3511 2008 3584">
     <span class='ocr_line' id='line_1_68' title="bbox 432 3511 2008 3584; baseline -0.003 -14"><span class='ocrx_word' id='word_1_494' title='bbox 432 3514 651 3584; x_wconf 88' lang='grc' dir='ltr'>γελίας·</span> <span class='ocrx_word' id='word_1_495' title='bbox 685 3513 777 3567; x_wconf 70' lang='grc' dir='ltr'>ἐπὶ</span> <span class='ocrx_word' id='word_1_496' title='bbox 807 3512 900 3567; x_wconf 79' lang='grc' dir='ltr'>τοῦ</span> <span class='ocrx_word' id='word_1_497' title='bbox 941 3511 1102 3583; x_wconf 79' lang='grc' dir='ltr'>ὅρους</span> <span class='ocrx_word' id='word_1_498' title='bbox 1140 3512 1565 3582; x_wconf 79' lang='grc' dir='ltr'>προσφιλοσοφεῖ</span> <span class='ocrx_word' id='word_1_499' title='bbox 1592 3511 1671 3581; x_wconf 83' lang='grc' dir='ltr'>τῷ</span> <span class='ocrx_word' id='word_1_500' title='bbox 1696 3512 1847 3582; x_wconf 81' lang='grc' dir='ltr'>Θεῷ·</span> <span class='ocrx_word' id='word_1_501' title='bbox 1888 3513 2008 3567; x_wconf 83' lang='grc' dir='ltr'>ὲλύ-</span> 
     </span>
    </p>
   </div>
   <div class='ocr_carea' id='block_1_69' title="bbox 436 3604 2007 3691">
    <p class='ocr_par' dir='ltr' id='par_1_69' title="bbox 436 3604 2007 3691">
     <span class='ocr_line' id='line_1_69' title="bbox 436 3604 2007 3691; baseline -0.002 -29"><span class='ocrx_word' id='word_1_502' title='bbox 436 3626 566 3662; x_wconf 89' lang='grc' dir='ltr'>σατο</span> <span class='ocrx_word' id='word_1_503' title='bbox 600 3607 662 3661; x_wconf 83' lang='grc' dir='ltr'><strong>τὸ</strong></span> <span class='ocrx_word' id='word_1_504' title='bbox 690 3606 944 3676; x_wconf 87' lang='grc' dir='ltr'>ὑπόδημα</span> <span class='ocrx_word' id='word_1_505' title='bbox 978 3605 1079 3676; x_wconf 84' lang='grc' dir='ltr'>τῆς</span> <span class='ocrx_word' id='word_1_506' title='bbox 1118 3604 1317 3691; x_wconf 76' lang='grc' dir='ltr'>ψυχῆς,</span> <span class='ocrx_word' id='word_1_507' title='bbox 1368 3604 1454 3658; x_wconf 82' lang='grc' dir='ltr'><strong>ἵνα</strong></span> <span class='ocrx_word' id='word_1_508' title='bbox 1494 3604 1709 3676; x_wconf 71' lang='grc' dir='ltr'>καθαρᾷ</span> <span class='ocrx_word' id='word_1_509' title='bbox 1751 3607 1816 3676; x_wconf 81' lang='grc' dir='ltr'>τῇ</span> <span class='ocrx_word' id='word_1_510' title='bbox 1853 3605 2007 3675; x_wconf 85' lang='grc' dir='ltr'>βάσει</span> 
     </span>
    </p>
   </div>
   <div class='ocr_carea' id='block_1_70' title="bbox 433 3691 2008 3770">
    <p class='ocr_par' dir='ltr' id='par_1_70' title="bbox 433 3691 2008 3770">
     <span class='ocr_line' id='line_1_70' title="bbox 433 3691 2008 3770; baseline -0.001 -17"><span class='ocrx_word' id='word_1_511' title='bbox 433 3701 531 3770; x_wconf 82' lang='grc' dir='ltr'>τῆς</span> <span class='ocrx_word' id='word_1_512' title='bbox 574 3697 813 3761; x_wconf 84' lang='grc' dir='ltr'>διανοίας</span> <span class='ocrx_word' id='word_1_513' title='bbox 852 3698 952 3769; x_wconf 69' lang='grc' dir='ltr'><strong>τῆς</strong></span> <span class='ocrx_word' id='word_1_514' title='bbox 998 3696 1156 3766; x_wconf 85' lang='grc' dir='ltr'>ἁγίας</span> <span class='ocrx_word' id='word_1_515' title='bbox 1194 3698 1297 3767; x_wconf 81' lang='grc' dir='ltr'>γῆς</span> <span class='ocrx_word' id='word_1_516' title='bbox 1339 3695 1775 3764; x_wconf 78' lang='grc' dir='ltr'>ὲπιὸατεύσειεν,</span> <span class='ocrx_word' id='word_1_517' title='bbox 1877 3698 2008 3752; x_wconf 77' lang='grc' dir='ltr'>καθο</span> 
     </span>
    </p>
   </div>
   <div class='ocr_carea' id='block_1_71' title="bbox 430 3789 807 3860">
    <p class='ocr_par' dir='ltr' id='par_1_71' title="bbox 430 3789 807 3860">
     <span class='ocr_line' id='line_1_71' title="bbox 430 3789 807 3860; baseline -0.003 -16"><span class='ocrx_word' id='word_1_518' title='bbox 430 3793 622 3860; x_wconf 76' lang='grc' dir='ltr'>οράται</span> <span class='ocrx_word' id='word_1_519' title='bbox 652 3789 807 3853; x_wconf 85' lang='grc' dir='ltr'>Θεός.</span> 
     </span>
    </p>
   </div>
   <div class='ocr_carea' id='block_1_72' title="bbox 506 3877 2008 3951">
    <p class='ocr_par' dir='ltr' id='par_1_72' title="bbox 506 3877 2008 3951">
     <span class='ocr_line' id='line_1_72' title="bbox 506 3877 2008 3951; baseline -0.001 -17"><span class='ocrx_word' id='word_1_520' title='bbox 506 3881 721 3951; x_wconf 85' lang='grc' dir='ltr'>Ταύτην</span> <span class='ocrx_word' id='word_1_521' title='bbox 758 3879 991 3949; x_wconf 76' lang='grc' dir='ltr'>ἔχοντες,</span> <span class='ocrx_word' id='word_1_522' title='bbox 1033 3877 1271 3947; x_wconf 77' lang='grc' dir='ltr'>ἀδελφοὶ,</span> <span class='ocrx_word' id='word_1_523' title='bbox 1304 3877 1403 3948; x_wconf 77' lang='grc' dir='ltr'>τὴν</span> <span class='ocrx_word' id='word_1_524' title='bbox 1439 3877 1802 3950; x_wconf 88' lang='grc' dir='ltr'>παράκλησιν,</span> <span class='ocrx_word' id='word_1_525' title='bbox 1851 3879 2008 3947; x_wconf 84' lang='grc' dir='ltr'>ὑμεῖς</span> 
     </span>
    </p>
   </div>
   <div class='ocr_carea' id='block_1_73' title="bbox 432 3968 2008 4041">
    <p class='ocr_par' dir='ltr' id='par_1_73' title="bbox 432 3968 2008 4041">
     <span class='ocr_line' id='line_1_73' title="bbox 432 3968 2008 4041; baseline -0.002 -15"><span class='ocrx_word' id='word_1_526' title='bbox 432 3975 480 4027; x_wconf 82' lang='grc' dir='ltr'><strong>οἱ</strong></span> <span class='ocrx_word' id='word_1_527' title='bbox 523 3974 594 4026; x_wconf 80' lang='grc' dir='ltr'>τὰ</span> <span class='ocrx_word' id='word_1_528' title='bbox 637 3972 770 4025; x_wconf 83' lang='grc' dir='ltr'>όστὰ</span> <span class='ocrx_word' id='word_1_529' title='bbox 798 3971 893 4023; x_wconf 83' lang='grc' dir='ltr'>τοῦ</span> <span class='ocrx_word' id='word_1_530' title='bbox 941 3968 1139 4041; x_wconf 80' lang='grc' dir='ltr'>Ἰωσὴφ</span> <span class='ocrx_word' id='word_1_531' title='bbox 1174 3970 1265 4022; x_wconf 75' lang='grc' dir='ltr'><strong>ἐπὶ</strong></span> <span class='ocrx_word' id='word_1_532' title='bbox 1290 3969 1389 4040; x_wconf 82' lang='grc' dir='ltr'><strong>τὴν</strong></span> <span class='ocrx_word' id='word_1_533' title='bbox 1416 3968 1597 4040; x_wconf 87' lang='grc' dir='ltr'>χώραν</span> <span class='ocrx_word' id='word_1_534' title='bbox 1632 3970 1730 4040; x_wconf 86' lang='grc' dir='ltr'><strong>τῆς</strong></span> <span class='ocrx_word' id='word_1_535' title='bbox 1758 3970 2008 4038; x_wconf 77' lang='grc' dir='ltr'>εὐλογίας</span> 
     </span>
    </p>
   </div>
   <div class='ocr_carea' id='block_1_74' title="bbox 437 4060 2006 4134">
    <p class='ocr_par' dir='ltr' id='par_1_74' title="bbox 437 4060 2006 4134">
     <span class='ocr_line' id='line_1_74' title="bbox 437 4060 2006 4134; baseline -0.001 -17"><span class='ocrx_word' id='word_1_536' title='bbox 437 4063 916 4134; x_wconf 80' lang='grc' dir='ltr'>μετακομίζοντες,</span> <span class='ocrx_word' id='word_1_537' title='bbox 952 4060 1222 4114; x_wconf 86' lang='grc' dir='ltr'>ἀκούσατε</span> <span class='ocrx_word' id='word_1_538' title='bbox 1248 4060 1343 4112; x_wconf 82' lang='grc' dir='ltr'>τοῦ</span> <span class='ocrx_word' id='word_1_539' title='bbox 1388 4060 1598 4113; x_wconf 82' lang='grc' dir='ltr'>Παύλου</span> <span class='ocrx_word' id='word_1_540' title='bbox 1650 4062 2006 4131; x_wconf 82' lang='grc' dir='ltr'>παρεγγυῶν-</span> 
     </span>
    </p>
   </div>
   <div class='ocr_carea' id='block_1_75' title="bbox 432 4150 2005 4221">
    <p class='ocr_par' dir='ltr' id='par_1_75' title="bbox 432 4150 2005 4221">
     <span class='ocr_line' id='line_1_75' title="bbox 432 4150 2005 4221; baseline -0.001 -14"><span class='ocrx_word' id='word_1_541' title='bbox 432 4172 552 4218; x_wconf 88' lang='grc' dir='ltr'>τος·</span> <span class='ocrx_word' id='word_1_542' title='bbox 611 4154 705 4221; x_wconf 63' lang='lat' dir='ltr'><strong>Mi;</strong></span> <span class='ocrx_word' id='word_1_543' title='bbox 761 4150 1054 4206; x_wconf 74' lang='grc' dir='ltr'>λυπεῖσθε</span> <span class='ocrx_word' id='word_1_544' title='bbox 1113 4151 1193 4216; x_wconf 85' lang='grc' dir='ltr'>ὡς</span> <span class='ocrx_word' id='word_1_545' title='bbox 1254 4150 1351 4204; x_wconf 76' lang='grc' dir='ltr'><strong>καί</strong></span> <span class='ocrx_word' id='word_1_546' title='bbox 1410 4153 1466 4204; x_wconf 76' lang='grc' dir='ltr'>οἱ</span> <span class='ocrx_word' id='word_1_547' title='bbox 1513 4151 1752 4215; x_wconf 77' lang='grc' dir='ltr'>λοιποὶ,</span> <span class='ocrx_word' id='word_1_548' title='bbox 1813 4154 1868 4205; x_wconf 79' lang='grc' dir='ltr'>οἱ</span> <span class='ocrx_word' id='word_1_549' title='bbox 1917 4150 2005 4220; x_wconf 83' lang='grc' dir='ltr'>μὴ</span> 
     </span>
    </p>
   </div>
   <div class='ocr_carea' id='block_1_76' title="bbox 433 4238 2005 4312">
    <p class='ocr_par' dir='ltr' id='par_1_76' title="bbox 433 4238 2005 4312">
     <span class='ocr_line' id='line_1_76' title="bbox 433 4238 2005 4312; baseline -0.001 -18"><span class='ocrx_word' id='word_1_550' title='bbox 433 4243 678 4311; x_wconf 78' lang='grc' dir='ltr'>ἔχοντες</span> <span class='ocrx_word' id='word_1_551' title='bbox 707 4241 943 4295; x_wconf 78' lang='grc' dir='ltr'>ἐλπίδα.</span> <span class='ocrx_word' id='word_1_552' title='bbox 992 4240 1195 4294; x_wconf 71' lang='grc' dir='ltr'>Εἴπατε</span> <span class='ocrx_word' id='word_1_553' title='bbox 1239 4238 1317 4309; x_wconf 83' lang='grc' dir='ltr'><strong>τῷ</strong></span> <span class='ocrx_word' id='word_1_554' title='bbox 1352 4240 1466 4294; x_wconf 79' lang='grc' dir='ltr'>ἐκεῖ</span> <span class='ocrx_word' id='word_1_555' title='bbox 1502 4240 1633 4310; x_wconf 83' lang='grc' dir='ltr'>λαῷ,</span> <span class='ocrx_word' id='word_1_556' title='bbox 1675 4239 2005 4312; x_wconf 83' lang='grc' dir='ltr'>διηγήσασθε</span> 
     </span>
    </p>
   </div>
   <div class='ocr_carea' id='block_1_77' title="bbox 433 4326 2004 4400">
    <p class='ocr_par' dir='ltr' id='par_1_77' title="bbox 433 4326 2004 4400">
     <span class='ocr_line' id='line_1_77' title="bbox 433 4326 2004 4400; baseline -0.001 -17"><span class='ocrx_word' id='word_1_557' title='bbox 433 4332 502 4384; x_wconf 79' lang='grc' dir='ltr'>τὰ</span> <span class='ocrx_word' id='word_1_558' title='bbox 549 4331 688 4383; x_wconf 85' lang='grc' dir='ltr'><strong>καλὰ</strong></span> <span class='ocrx_word' id='word_1_559' title='bbox 729 4329 1062 4400; x_wconf 81' lang='grc' dir='ltr'>διηγήματα.</span> <span class='ocrx_word' id='word_1_560' title='bbox 1111 4326 1314 4381; x_wconf 79' lang='grc' dir='ltr'>Εἴπατε</span> <span class='ocrx_word' id='word_1_561' title='bbox 1341 4327 1401 4379; x_wconf 81' lang='grc' dir='ltr'>τὸ</span> <span class='ocrx_word' id='word_1_562' title='bbox 1429 4326 1823 4397; x_wconf 82' lang='grc' dir='ltr'>ἀπιστούμενον</span> <span class='ocrx_word' id='word_1_563' title='bbox 1877 4328 2004 4381; x_wconf 82' lang='grc' dir='ltr'>θαῦ-</span> 
     </span>
    </p>
   </div>
   <div class='ocr_carea' id='block_1_78' title="bbox 2111 3152 3690 3227">
    <p class='ocr_par' dir='ltr' id='par_1_78' title="bbox 2111 3152 3690 3227">
     <span class='ocr_line' id='line_1_78' title="bbox 2111 3152 3690 3227; baseline -0.007 -12"><span class='ocrx_word' id='word_1_564' title='bbox 2111 3161 2372 3215; x_wconf 83' lang='lat' dir='ltr'><strong>avolavit.</strong></span> <span class='ocrx_word' id='word_1_565' title='bbox 2414 3158 2659 3227; x_wconf 82' lang='lat' dir='ltr'><strong>Reliquit</strong></span> <span class='ocrx_word' id='word_1_566' title='bbox 2709 3156 3027 3226; x_wconf 61' lang='lat' dir='ltr'><strong>Egyptum,</strong></span> <span class='ocrx_word' id='word_1_567' title='bbox 3065 3152 3400 3207; x_wconf 86' lang='lat' dir='ltr'><strong>materialem</strong></span> <span class='ocrx_word' id='word_1_568' title='bbox 3432 3160 3486 3204; x_wconf 89' lang='lat' dir='ltr'><strong>et</strong></span> <span class='ocrx_word' id='word_1_569' title='bbox 3535 3164 3690 3204; x_wconf 88' lang='lat' dir='ltr'><strong>cras-</strong></span> 
     </span>
    </p>
   </div>
   <div class='ocr_carea' id='block_1_79' title="bbox 2110 3241 3687 3306">
    <p class='ocr_par' dir='ltr' id='par_1_79' title="bbox 2110 3241 3687 3306">
     <span class='ocr_line' id='line_1_79' title="bbox 2110 3241 3687 3306; baseline -0.008 0"><span class='ocrx_word' id='word_1_570' title='bbox 2110 3268 2226 3306; x_wconf 89' lang='lat' dir='ltr'><strong>sam</strong></span> <span class='ocrx_word' id='word_1_571' title='bbox 2252 3253 2379 3306; x_wconf 62' lang='lat' dir='ltr'><strong>vitm</strong></span> <span class='ocrx_word' id='word_1_572' title='bbox 2407 3250 2674 3304; x_wconf 91' lang='lat' dir='ltr'><strong>rationem</strong></span> <span class='ocrx_word' id='word_1_573' title='bbox 2698 3267 2712 3304; x_wconf 92' lang='lat'><strong>:</strong></span> <span class='ocrx_word' id='word_1_574' title='bbox 2741 3246 2996 3302; x_wconf 87' lang='lat' dir='ltr'><strong>transivit</strong></span> <span class='ocrx_word' id='word_1_575' title='bbox 3027 3260 3135 3300; x_wconf 93' lang='lat' dir='ltr'><strong>non</strong></span> <span class='ocrx_word' id='word_1_576' title='bbox 3163 3244 3410 3298; x_wconf 81' lang='lat' dir='ltr'><strong>Rubrum</strong></span> <span class='ocrx_word' id='word_1_577' title='bbox 3438 3243 3561 3303; x_wconf 86' lang='lat' dir='ltr'><strong>hoc,</strong></span> <span class='ocrx_word' id='word_1_578' title='bbox 3592 3241 3687 3297; x_wconf 88' lang='lat' dir='ltr'><strong>sed</strong></span> 
     </span>
    </p>
   </div>
   <div class='ocr_carea' id='block_1_80' title="bbox 2109 3334 3690 3409">
    <p class='ocr_par' dir='ltr' id='par_1_80' title="bbox 2109 3334 3690 3409">
     <span class='ocr_line' id='line_1_80' title="bbox 2109 3334 3690 3409; baseline -0.004 -15"><span class='ocrx_word' id='word_1_579' title='bbox 2109 3350 2289 3396; x_wconf 84' lang='lat' dir='ltr'><strong>atrum</strong></span> <span class='ocrx_word' id='word_1_580' title='bbox 2321 3340 2451 3395; x_wconf 90' lang='lat' dir='ltr'><strong>illud</strong></span> <span class='ocrx_word' id='word_1_581' title='bbox 2483 3350 2537 3394; x_wconf 84' lang='lat' dir='ltr'><strong>et</strong></span> <span class='ocrx_word' id='word_1_582' title='bbox 2586 3339 2946 3409; x_wconf 82' lang='lat' dir='ltr'><strong>caliginosum</strong></span> <span class='ocrx_word' id='word_1_583' title='bbox 2990 3336 3113 3390; x_wconf 66' lang='lat' dir='ltr'><strong>vitm</strong></span> <span class='ocrx_word' id='word_1_584' title='bbox 3165 3350 3352 3399; x_wconf 90' lang='lat' dir='ltr'><strong>mare;</strong></span> <span class='ocrx_word' id='word_1_585' title='bbox 3405 3334 3690 3403; x_wconf 85' lang='lat' dir='ltr'><strong>ingressus</strong></span> 
     </span>
    </p>
   </div>
   <div class='ocr_carea' id='block_1_81' title="bbox 2109 3421 3692 3500">
    <p class='ocr_par' dir='ltr' id='par_1_81' title="bbox 2109 3421 3692 3500">
     <span class='ocr_line' id='line_1_81' title="bbox 2109 3421 3692 3500; baseline -0.007 -16"><span class='ocrx_word' id='word_1_586' title='bbox 2109 3440 2194 3487; x_wconf 81' lang='lat' dir='ltr'><strong>est</strong></span> <span class='ocrx_word' id='word_1_587' title='bbox 2226 3439 2427 3486; x_wconf 90' lang='lat' dir='ltr'><strong>terram</strong></span> <span class='ocrx_word' id='word_1_588' title='bbox 2457 3426 2880 3500; x_wconf 88' lang='lat' dir='ltr'><strong>promissionis;</strong></span> <span class='ocrx_word' id='word_1_589' title='bbox 2916 3426 2970 3478; x_wconf 92' lang='lat' dir='ltr'><strong>in</strong></span> <span class='ocrx_word' id='word_1_590' title='bbox 3019 3433 3201 3479; x_wconf 88' lang='lat' dir='ltr'><strong>monte</strong></span> <span class='ocrx_word' id='word_1_591' title='bbox 3250 3438 3377 3477; x_wconf 92' lang='lat' dir='ltr'><strong>cum</strong></span> <span class='ocrx_word' id='word_1_592' title='bbox 3424 3423 3534 3477; x_wconf 87' lang='lat' dir='ltr'><strong>Deo</strong></span> <span class='ocrx_word' id='word_1_593' title='bbox 3577 3421 3692 3490; x_wconf 86' lang='lat' dir='ltr'><strong>phi-</strong></span> 
     </span>
    </p>
   </div>
   <div class='ocr_carea' id='block_1_82' title="bbox 2110 3517 3687 3595">
    <p class='ocr_par' dir='ltr' id='par_1_82' title="bbox 2110 3517 3687 3595">
     <span class='ocr_line' id='line_1_82' title="bbox 2110 3517 3687 3595; baseline -0.007 -18"><span class='ocrx_word' id='word_1_594' title='bbox 2110 3524 2465 3595; x_wconf 85' lang='lat' dir='ltr'><strong>losophatur;</strong></span> <span class='ocrx_word' id='word_1_595' title='bbox 2517 3520 2682 3576; x_wconf 90' lang='lat' dir='ltr'><strong>solvit</strong></span> <span class='ocrx_word' id='word_1_596' title='bbox 2732 3519 2927 3573; x_wconf 63' lang='lat' dir='ltr'><strong>animae</strong></span> <span class='ocrx_word' id='word_1_597' title='bbox 2958 3517 3413 3577; x_wconf 81' lang='lat' dir='ltr'><strong>calceamentum,</strong></span> <span class='ocrx_word' id='word_1_598' title='bbox 3458 3522 3518 3568; x_wconf 93' lang='lat' dir='ltr'><strong>ut</strong></span> <span class='ocrx_word' id='word_1_599' title='bbox 3551 3528 3687 3583; x_wconf 85' lang='lat' dir='ltr'><strong>pura</strong></span> 
     </span>
    </p>
   </div>
   <div class='ocr_carea' id='block_1_83' title="bbox 2110 3605 3692 3684">
    <p class='ocr_par' dir='ltr' id='par_1_83' title="bbox 2110 3605 3692 3684">
     <span class='ocr_line' id='line_1_83' title="bbox 2110 3605 3692 3684; baseline -0.006 -16"><span class='ocrx_word' id='word_1_600' title='bbox 2110 3615 2293 3684; x_wconf 89' lang='lat' dir='ltr'><strong>planta</strong></span> <span class='ocrx_word' id='word_1_601' title='bbox 2327 3613 2555 3669; x_wconf 21' lang='lat' dir='ltr'><strong>mentis.</strong></span> <span class='ocrx_word' id='word_1_602' title='bbox 2588 3619 2789 3667; x_wconf 90' lang='lat' dir='ltr'><strong>terram</strong></span> <span class='ocrx_word' id='word_1_603' title='bbox 2836 3618 3081 3668; x_wconf 89' lang='lat' dir='ltr'><strong>sanetam</strong></span> <span class='ocrx_word' id='word_1_604' title='bbox 3109 3608 3150 3675; x_wconf 87' lang='lat'><strong>&#39;,</strong></span> <span class='ocrx_word' id='word_1_605' title='bbox 3208 3606 3300 3662; x_wconf 92' lang='lat' dir='ltr'><strong>ubi</strong></span> <span class='ocrx_word' id='word_1_606' title='bbox 3349 3605 3692 3676; x_wconf 80' lang='lat' dir='ltr'><strong>conspicitur</strong></span> 
     </span>
    </p>
   </div>
   <div class='ocr_carea' id='block_1_84' title="bbox 2111 3703 2732 3773">
    <p class='ocr_par' dir='ltr' id='par_1_84' title="bbox 2111 3703 2732 3773">
     <span class='ocr_line' id='line_1_84' title="bbox 2111 3703 2732 3773; baseline -0.005 -14"><span class='ocrx_word' id='word_1_607' title='bbox 2111 3705 2277 3773; x_wconf 90' lang='lat' dir='ltr'><strong>Deus,</strong></span> <span class='ocrx_word' id='word_1_608' title='bbox 2314 3703 2732 3759; x_wconf 85' lang='lat' dir='ltr'><strong>conscenderet.</strong></span> 
     </span>
    </p>
   </div>
   <div class='ocr_carea' id='block_1_85' title="bbox 2180 3876 3691 3943">
    <p class='ocr_par' dir='ltr' id='par_1_85' title="bbox 2180 3876 3691 3943">
     <span class='ocr_line' id='line_1_85' title="bbox 2180 3876 3691 3943; baseline -0.004 -6"><span class='ocrx_word' id='word_1_609' title='bbox 2180 3886 2334 3938; x_wconf 82' lang='lat' dir='ltr'><strong>Hanc</strong></span> <span class='ocrx_word' id='word_1_610' title='bbox 2364 3898 2487 3937; x_wconf 90' lang='lat' dir='ltr'><strong>cum</strong></span> <span class='ocrx_word' id='word_1_611' title='bbox 2519 3881 2790 3942; x_wconf 85' lang='lat' dir='ltr'><strong>habeatis,</strong></span> <span class='ocrx_word' id='word_1_612' title='bbox 2827 3879 3046 3943; x_wconf 86' lang='lat' dir='ltr'><strong>fratres,</strong></span> <span class='ocrx_word' id='word_1_613' title='bbox 3090 3876 3555 3937; x_wconf 86' lang='lat' dir='ltr'><strong>consolationem,</strong></span> <span class='ocrx_word' id='word_1_614' title='bbox 3590 3890 3691 3931; x_wconf 78' lang='lat' dir='ltr'><strong>vos</strong></span> 
     </span>
    </p>
   </div>
   <div class='ocr_carea' id='block_1_86' title="bbox 2108 3966 3689 4045">
    <p class='ocr_par' dir='ltr' id='par_1_86' title="bbox 2108 3966 3689 4045">
     <span class='ocr_line' id='line_1_86' title="bbox 2108 3966 3689 4045; baseline -0.009 -15"><span class='ocrx_word' id='word_1_615' title='bbox 2108 3975 2203 4045; x_wconf 88' lang='lat' dir='ltr'><strong>qui</strong></span> <span class='ocrx_word' id='word_1_616' title='bbox 2256 3989 2383 4029; x_wconf 91' lang='lat' dir='ltr'><strong>ossa</strong></span> <span class='ocrx_word' id='word_1_617' title='bbox 2439 3972 2663 4041; x_wconf 73' lang='lat' dir='ltr'><strong>Iosephi</strong></span> <span class='ocrx_word' id='word_1_618' title='bbox 2721 3971 3109 4041; x_wconf 88' lang='lat' dir='ltr'><strong>transportatis</strong></span> <span class='ocrx_word' id='word_1_619' title='bbox 3147 3970 3210 4022; x_wconf 89' lang='lat' dir='ltr'><strong>ad</strong></span> <span class='ocrx_word' id='word_1_620' title='bbox 3261 3979 3460 4022; x_wconf 85' lang='lat' dir='ltr'><strong>terra=n</strong></span> <span class='ocrx_word' id='word_1_621' title='bbox 3518 3966 3689 4020; x_wconf 88' lang='lat' dir='ltr'><strong>bene-</strong></span> 
     </span>
    </p>
   </div>
   <div class='ocr_carea' id='block_1_87' title="bbox 2109 4056 3690 4130">
    <p class='ocr_par' dir='ltr' id='par_1_87' title="bbox 2109 4056 3690 4130">
     <span class='ocr_line' id='line_1_87' title="bbox 2109 4056 3690 4130; baseline -0.005 -12"><span class='ocrx_word' id='word_1_622' title='bbox 2109 4065 2409 4127; x_wconf 90' lang='lat' dir='ltr'><strong>dictionis,</strong></span> <span class='ocrx_word' id='word_1_623' title='bbox 2460 4064 2647 4117; x_wconf 88' lang='lat' dir='ltr'><strong>audite</strong></span> <span class='ocrx_word' id='word_1_624' title='bbox 2704 4062 2858 4115; x_wconf 90' lang='lat' dir='ltr'><strong>Pauli</strong></span> <span class='ocrx_word' id='word_1_625' title='bbox 2920 4062 3083 4116; x_wconf 82' lang='lat' dir='ltr'><strong>verba</strong></span> <span class='ocrx_word' id='word_1_626' title='bbox 3145 4057 3510 4130; x_wconf 62' lang='lat' dir='ltr'><strong>praecipientis</strong></span> <span class='ocrx_word' id='word_1_627' title='bbox 3554 4077 3566 4111; x_wconf 93' lang='lat'><strong>:</strong></span> <span class='ocrx_word' id='word_1_628' title='bbox 3612 4056 3690 4110; x_wconf 84' lang='lat' dir='ltr'><strong>Nc</strong></span> 
     </span>
    </p>
   </div>
   <div class='ocr_carea' id='block_1_88' title="bbox 2108 4147 3685 4221">
    <p class='ocr_par' dir='ltr' id='par_1_88' title="bbox 2108 4147 3685 4221">
     <span class='ocr_line' id='line_1_88' title="bbox 2108 4147 3685 4221; baseline -0.006 -11"><span class='ocrx_word' id='word_1_629' title='bbox 2108 4155 2491 4211; x_wconf 79' lang='lat' dir='ltr'><strong>contristemini</strong></span> <span class='ocrx_word' id='word_1_630' title='bbox 2532 4155 2669 4208; x_wconf 81' lang='lat' dir='ltr'><strong>sicut</strong></span> <span class='ocrx_word' id='word_1_631' title='bbox 2706 4163 2754 4207; x_wconf 87' lang='lat' dir='ltr'><strong>et</strong></span> <span class='ocrx_word' id='word_1_632' title='bbox 2784 4154 2983 4213; x_wconf 71' lang='lat' dir='ltr'><strong>cmteri,</strong></span> <span class='ocrx_word' id='word_1_633' title='bbox 3012 4152 3101 4221; x_wconf 79' lang='lat' dir='ltr'><strong>qui</strong></span> <span class='ocrx_word' id='word_1_634' title='bbox 3130 4166 3267 4218; x_wconf 76' lang='lat' dir='ltr'><strong>spem</strong></span> <span class='ocrx_word' id='word_1_635' title='bbox 3298 4166 3398 4202; x_wconf 83' lang='lat' dir='ltr'><strong>non</strong></span> <span class='ocrx_word' id='word_1_636' title='bbox 3428 4148 3618 4201; x_wconf 82' lang='lat' dir='ltr'><strong>habent</strong></span> <span class='ocrx_word' id='word_1_637' title='bbox 3644 4147 3685 4201; x_wconf 65' lang='grc' dir='ltr'>α.</span> 
     </span>
    </p>
   </div>
   <div class='ocr_carea' id='block_1_89' title="bbox 2109 4240 3684 4317">
    <p class='ocr_par' dir='ltr' id='par_1_89' title="bbox 2109 4240 3684 4317">
     <span class='ocr_line' id='line_1_89' title="bbox 2109 4240 3684 4317; baseline -0.005 -17"><span class='ocrx_word' id='word_1_638' title='bbox 2109 4246 2286 4302; x_wconf 89' lang='lat' dir='ltr'><strong>Dicite</strong></span> <span class='ocrx_word' id='word_1_639' title='bbox 2346 4246 2548 4317; x_wconf 91' lang='lat' dir='ltr'><strong>populo</strong></span> <span class='ocrx_word' id='word_1_640' title='bbox 2602 4245 2711 4310; x_wconf 90' lang='lat' dir='ltr'><strong>illi;</strong></span> <span class='ocrx_word' id='word_1_641' title='bbox 2763 4243 3021 4313; x_wconf 78' lang='lat' dir='ltr'><strong>exponite</strong></span> <span class='ocrx_word' id='word_1_642' title='bbox 3080 4243 3252 4297; x_wconf 88' lang='lat' dir='ltr'><strong>bonas</strong></span> <span class='ocrx_word' id='word_1_643' title='bbox 3318 4240 3684 4295; x_wconf 86' lang='lat' dir='ltr'><strong>narrationes.</strong></span> 
     </span>
    </p>
   </div>
   <div class='ocr_carea' id='block_1_90' title="bbox 2109 4332 3687 4405">
    <p class='ocr_par' dir='ltr' id='par_1_90' title="bbox 2109 4332 3687 4405">
     <span class='ocr_line' id='line_1_90' title="bbox 2109 4332 3687 4405; baseline -0.005 -14"><span class='ocrx_word' id='word_1_644' title='bbox 2109 4338 2282 4393; x_wconf 91' lang='lat' dir='ltr'><strong>Dicite</strong></span> <span class='ocrx_word' id='word_1_645' title='bbox 2312 4337 2663 4400; x_wconf 86' lang='lat' dir='ltr'><strong>miraculum,</strong></span> <span class='ocrx_word' id='word_1_646' title='bbox 2695 4335 2781 4390; x_wconf 91' lang='lat' dir='ltr'><strong>cui</strong></span> <span class='ocrx_word' id='word_1_647' title='bbox 2840 4335 2973 4390; x_wconf 82' lang='lat' dir='ltr'><strong>fides</strong></span> <span class='ocrx_word' id='word_1_648' title='bbox 3009 4334 3300 4405; x_wconf 86' lang='lat' dir='ltr'><strong>derogetur</strong></span> <span class='ocrx_word' id='word_1_649' title='bbox 3352 4351 3366 4383; x_wconf 90' lang='lat'><strong>:</strong></span> <span class='ocrx_word' id='word_1_650' title='bbox 3413 4332 3687 4401; x_wconf 91' lang='lat' dir='ltr'><strong>quomodo</strong></span> 
     </span>
    </p>
   </div>
   <div class='ocr_carea' id='block_1_91' title="bbox 438 4416 2005 4492">
    <p class='ocr_par' dir='ltr' id='par_1_91' title="bbox 438 4417 2004 4492">
     <span class='ocr_line' id='line_1_91' title="bbox 438 4417 2004 4492; baseline 0 -19"><span class='ocrx_word' id='word_1_651' title='bbox 438 4438 533 4492; x_wconf 91' lang='grc' dir='ltr'><strong>μα·</strong></span> <span class='ocrx_word' id='word_1_652' title='bbox 566 4420 683 4483; x_wconf 90' lang='grc' dir='ltr'><strong>πῶς</strong></span> <span class='ocrx_word' id='word_1_653' title='bbox 730 4421 810 4482; x_wconf 85' lang='grc' dir='ltr'>εἰς</span> <span class='ocrx_word' id='word_1_654' title='bbox 845 4418 1121 4489; x_wconf 89' lang='grc' dir='ltr'>θαλάσσης</span> <span class='ocrx_word' id='word_1_655' title='bbox 1145 4417 1267 4487; x_wconf 72' lang='grc' dir='ltr'>ὄψιν</span> <span class='ocrx_word' id='word_1_656' title='bbox 1293 4418 1806 4483; x_wconf 84' lang='grc' dir='ltr'>καταπυκνωθέντες</span> <span class='ocrx_word' id='word_1_657' title='bbox 1842 4422 1870 4472; x_wconf 92' lang='lat'><strong>6</strong></span> <span class='ocrx_word' id='word_1_658' title='bbox 1901 4438 2004 4489; x_wconf 75' lang='grc' dir='ltr'>μυο</span> 
     </span>
    </p>
   </div>
   <div class='ocr_carea' id='block_1_92' title="bbox 2107 4416 3688 4492">
    <p class='ocr_par' dir='ltr' id='par_1_92' title="bbox 2114 4421 3688 4482">
     <span class='ocr_line' id='line_1_92' title="bbox 2114 4421 3688 4482; baseline -0.004 -1"><span class='ocrx_word' id='word_1_659' title='bbox 2114 4429 2167 4481; x_wconf 91' lang='lat' dir='ltr'><strong>in</strong></span> <span class='ocrx_word' id='word_1_660' title='bbox 2199 4428 2366 4482; x_wconf 89' lang='lat' dir='ltr'><strong>maris</strong></span> <span class='ocrx_word' id='word_1_661' title='bbox 2398 4426 2619 4481; x_wconf 90' lang='lat' dir='ltr'><strong>modum</strong></span> <span class='ocrx_word' id='word_1_662' title='bbox 2678 4425 2998 4480; x_wconf 88' lang='lat' dir='ltr'><strong>condensati</strong></span> <span class='ocrx_word' id='word_1_663' title='bbox 3054 4424 3466 4478; x_wconf 90' lang='lat' dir='ltr'><strong>innumerorum</strong></span> <span class='ocrx_word' id='word_1_664' title='bbox 3513 4421 3688 4475; x_wconf 87' lang='lat' dir='ltr'><strong>homi-</strong></span> 
     </span>
    </p>
   </div>
   <div class='ocr_carea' id='block_1_93' title="bbox 435 4507 2005 4583">
    <p class='ocr_par' dir='ltr' id='par_1_93' title="bbox 435 4507 2005 4583">
     <span class='ocr_line' id='line_1_93' title="bbox 435 4507 2005 4583; baseline 0 -17"><span class='ocrx_word' id='word_1_665' title='bbox 435 4511 774 4583; x_wconf 87' lang='grc' dir='ltr'>ριάνθρωπος</span> <span class='ocrx_word' id='word_1_666' title='bbox 818 4512 1020 4581; x_wconf 83' lang='grc' dir='ltr'>δῆμος,</span> <span class='ocrx_word' id='word_1_667' title='bbox 1067 4510 1124 4563; x_wconf 82' lang='grc' dir='ltr'>ἓν</span> <span class='ocrx_word' id='word_1_668' title='bbox 1161 4507 1298 4581; x_wconf 78' lang='grc' dir='ltr'>ἦσαν</span> <span class='ocrx_word' id='word_1_669' title='bbox 1329 4510 1470 4565; x_wconf 81' lang='grc' dir='ltr'>κατὰ</span> <span class='ocrx_word' id='word_1_670' title='bbox 1502 4510 1561 4564; x_wconf 84' lang='grc' dir='ltr'>τὺ</span> <span class='ocrx_word' id='word_1_671' title='bbox 1593 4512 1812 4581; x_wconf 81' lang='grc' dir='ltr'>συνεχὲς</span> <span class='ocrx_word' id='word_1_672' title='bbox 1847 4514 2005 4582; x_wconf 87' lang='grc' dir='ltr'>σῶμα</span> 
     </span>
    </p>
   </div>
   <div class='ocr_carea' id='block_1_94' title="bbox 431 4600 2005 4675">
    <p class='ocr_par' dir='ltr' id='par_1_94' title="bbox 431 4600 2005 4675">
     <span class='ocr_line' id='line_1_94' title="bbox 431 4600 2005 4675; baseline 0 -17"><span class='ocrx_word' id='word_1_673' title='bbox 431 4607 481 4658; x_wconf 90' lang='grc' dir='ltr'>οἱ</span> <span class='ocrx_word' id='word_1_674' title='bbox 525 4606 757 4667; x_wconf 89' lang='grc' dir='ltr'>πάντες,</span> <span class='ocrx_word' id='word_1_675' title='bbox 794 4600 904 4657; x_wconf 69' lang='grc' dir='ltr'>οἷόν</span> <span class='ocrx_word' id='word_1_676' title='bbox 932 4621 985 4656; x_wconf 87' lang='grc' dir='ltr'><strong>τι</strong></span> <span class='ocrx_word' id='word_1_677' title='bbox 1018 4603 1161 4675; x_wconf 76' lang='grc' dir='ltr'>ὕδωρ</span> <span class='ocrx_word' id='word_1_678' title='bbox 1205 4605 1332 4675; x_wconf 61' lang='grc' dir='ltr'><strong>περὶ⁵</strong></span> <span class='ocrx_word' id='word_1_679' title='bbox 1370 4604 1468 4674; x_wconf 79' lang='grc' dir='ltr'>τὴν</span> <span class='ocrx_word' id='word_1_680' title='bbox 1512 4602 1605 4657; x_wconf 83' lang='grc' dir='ltr'>τοῦ</span> <span class='ocrx_word' id='word_1_681' title='bbox 1652 4603 2005 4674; x_wconf 81' lang='grc' dir='ltr'>σκηνώματός</span> 
     </span>
    </p>
   </div>
   <div class='ocr_carea' id='block_1_95' title="bbox 434 4693 2006 4767">
    <p class='ocr_par' dir='ltr' id='par_1_95' title="bbox 434 4693 2006 4767">
     <span class='ocr_line' id='line_1_95' title="bbox 434 4693 2006 4767; baseline 0.001 -20"><span class='ocrx_word' id='word_1_682' title='bbox 434 4694 655 4765; x_wconf 82' lang='grc' dir='ltr'>πομπὴν</span> <span class='ocrx_word' id='word_1_683' title='bbox 687 4693 1087 4760; x_wconf 79' lang='grc' dir='ltr'>πελαγίζοντες.</span> <span class='ocrx_word' id='word_1_684' title='bbox 1113 4695 1236 4756; x_wconf 91' lang='grc' dir='ltr'><strong>Πῶς</strong></span> <span class='ocrx_word' id='word_1_685' title='bbox 1260 4696 1286 4748; x_wconf 87' lang='grc' dir='ltr'>ὁ</span> <span class='ocrx_word' id='word_1_686' title='bbox 1311 4694 1474 4759; x_wconf 87' lang='grc' dir='ltr'>καλὸς</span> <span class='ocrx_word' id='word_1_687' title='bbox 1496 4694 1659 4748; x_wconf 72' lang='grc' dir='ltr'><strong>Δαὸὶδ</strong></span> <span class='ocrx_word' id='word_1_688' title='bbox 1688 4695 2006 4767; x_wconf 84' lang='grc' dir='ltr'>πολυμερῶς</span> 
     </span>
    </p>
   </div>
   <div class='ocr_carea' id='block_1_96' title="bbox 432 4784 2007 4858">
    <p class='ocr_par' dir='ltr' id='par_1_96' title="bbox 432 4784 2007 4858">
     <span class='ocr_line' id='line_1_96' title="bbox 432 4784 2007 4858; baseline 0.001 -19"><span class='ocrx_word' id='word_1_689' title='bbox 432 4787 526 4839; x_wconf 81' lang='grc' dir='ltr'>καὶ</span> <span class='ocrx_word' id='word_1_690' title='bbox 558 4784 910 4855; x_wconf 88' lang='grc' dir='ltr'>πολυτρόπως</span> <span class='ocrx_word' id='word_1_691' title='bbox 954 4784 1034 4846; x_wconf 76' lang='grc' dir='ltr'>εἰς</span> <span class='ocrx_word' id='word_1_692' title='bbox 1083 4785 1281 4854; x_wconf 88' lang='grc' dir='ltr'>μυρίας</span> <span class='ocrx_word' id='word_1_693' title='bbox 1328 4784 1508 4849; x_wconf 80' lang='grc' dir='ltr'>τάξεις</span> <span class='ocrx_word' id='word_1_694' title='bbox 1545 4786 1733 4839; x_wconf 78' lang='grc' dir='ltr'>ἑαυτὸν</span> <span class='ocrx_word' id='word_1_695' title='bbox 1770 4804 2007 4858; x_wconf 75' lang='grc' dir='ltr'>καταμεο</span> 
     </span>
    </p>
   </div>
   <div class='ocr_carea' id='block_1_97' title="bbox 434 4873 2006 4950">
    <p class='ocr_par' dir='ltr' id='par_1_97' title="bbox 434 4873 2006 4950">
     <span class='ocr_line' id='line_1_97' title="bbox 434 4873 2006 4950; baseline 0.002 -22"><span class='ocrx_word' id='word_1_696' title='bbox 434 4877 611 4948; x_wconf 89' lang='grc' dir='ltr'>ρίσας,</span> <span class='ocrx_word' id='word_1_697' title='bbox 662 4877 720 4927; x_wconf 84' lang='grc' dir='ltr'>ἐν</span> <span class='ocrx_word' id='word_1_698' title='bbox 770 4873 1189 4944; x_wconf 74' lang='grc' dir='ltr'>ἑτερογλώσσοις</span> <span class='ocrx_word' id='word_1_699' title='bbox 1238 4875 1330 4928; x_wconf 77' lang='grc' dir='ltr'><strong>καὶ</strong></span> <span class='ocrx_word' id='word_1_700' title='bbox 1377 4876 1743 4947; x_wconf 85' lang='grc' dir='ltr'>ὁμογλώσσοις</span> <span class='ocrx_word' id='word_1_701' title='bbox 1784 4879 1912 4950; x_wconf 89' lang='grc' dir='ltr'><strong>περί</strong></span> <span class='ocrx_word' id='word_1_702' title='bbox 1946 4879 2006 4931; x_wconf 83' lang='grc' dir='ltr'><strong>τὸ</strong></span> 
     </span>
    </p>
   </div>
   <div class='ocr_carea' id='block_1_98' title="bbox 433 4966 2006 5040">
    <p class='ocr_par' dir='ltr' id='par_1_98' title="bbox 433 4966 2006 5040">
     <span class='ocr_line' id='line_1_98' title="bbox 433 4966 2006 5040; baseline 0.001 -21"><span class='ocrx_word' id='word_1_703' title='bbox 433 4967 631 5037; x_wconf 85' lang='grc' dir='ltr'>σκῆνος</span> <span class='ocrx_word' id='word_1_704' title='bbox 662 4967 968 5037; x_wconf 78' lang='grc' dir='ltr'>ἐχόρευσεν.</span> <span class='ocrx_word' id='word_1_705' title='bbox 1023 4966 1147 5029; x_wconf 86' lang='grc' dir='ltr'><strong>Πῶς</strong></span> <span class='ocrx_word' id='word_1_706' title='bbox 1195 4966 1535 5037; x_wconf 78' lang='grc' dir='ltr'>ἑκατέρωθεν</span> <span class='ocrx_word' id='word_1_707' title='bbox 1590 4970 1638 5021; x_wconf 79' lang='grc' dir='ltr'><strong>οἱ</strong></span> <span class='ocrx_word' id='word_1_708' title='bbox 1689 4968 1781 5021; x_wconf 83' lang='grc' dir='ltr'>τοῦ</span> <span class='ocrx_word' id='word_1_709' title='bbox 1833 4970 2006 5040; x_wconf 84' lang='grc' dir='ltr'>πυρὸς</span> 
     </span>
    </p>
   </div>
   <div class='ocr_carea' id='block_1_99' title="bbox 431 5055 2004 5126">
    <p class='ocr_par' dir='ltr' id='par_1_99' title="bbox 431 5055 2004 5126">
     <span class='ocr_line' id='line_1_99' title="bbox 431 5055 2004 5126; baseline 0.003 -17"><span class='ocrx_word' id='word_1_710' title='bbox 431 5056 666 5126; x_wconf 77' lang='grc' dir='ltr'>ποταμοὶ</span> <span class='ocrx_word' id='word_1_711' title='bbox 696 5058 761 5126; x_wconf 84' lang='grc' dir='ltr'>τῇ</span> <span class='ocrx_word' id='word_1_712' title='bbox 803 5056 1053 5125; x_wconf 68' lang='grc' dir='ltr'>συνεχείᾳ.</span> <span class='ocrx_word' id='word_1_713' title='bbox 1081 5055 1189 5108; x_wconf 85' lang='grc' dir='ltr'><strong>τῶν</strong></span> <span class='ocrx_word' id='word_1_714' title='bbox 1233 5056 1527 5125; x_wconf 88' lang='grc' dir='ltr'>λαμπάδων</span> <span class='ocrx_word' id='word_1_715' title='bbox 1550 5057 1705 5121; x_wconf 85' lang='grc' dir='ltr'>ὁλκὸς</span> <span class='ocrx_word' id='word_1_716' title='bbox 1739 5059 2004 5114; x_wconf 85' lang='grc' dir='ltr'>ἀδιάσπα-</span> 
     </span>
    </p>
   </div>
   <div class='ocr_carea' id='block_1_100' title="bbox 431 5136 2001 5218">
    <p class='ocr_par' dir='ltr' id='par_1_100' title="bbox 431 5136 2001 5218">
     <span class='ocr_line' id='line_1_100' title="bbox 431 5136 2001 5218; baseline 0.003 -21"><span class='ocrx_word' id='word_1_717' title='bbox 431 5164 554 5208; x_wconf 89' lang='grc' dir='ltr'>στος</span> <span class='ocrx_word' id='word_1_718' title='bbox 584 5145 819 5216; x_wconf 80' lang='grc' dir='ltr'>ῥέοντες,</span> <span class='ocrx_word' id='word_1_719' title='bbox 859 5144 964 5207; x_wconf 76' lang='grc' dir='ltr'>ἕως</span> <span class='ocrx_word' id='word_1_720' title='bbox 997 5136 1058 5196; x_wconf 74' lang='grc' dir='ltr'><strong>οὗ</strong></span> <span class='ocrx_word' id='word_1_721' title='bbox 1090 5143 1316 5198; x_wconf 85' lang='grc' dir='ltr'>δυνατὸν</span> <span class='ocrx_word' id='word_1_722' title='bbox 1362 5141 1429 5216; x_wconf 84' lang='grc' dir='ltr'>ἦν</span> <span class='ocrx_word' id='word_1_723' title='bbox 1480 5146 1743 5218; x_wconf 76' lang='grc' dir='ltr'>ὀφθαλμῷ</span> <span class='ocrx_word' id='word_1_724' title='bbox 1784 5148 2001 5213; x_wconf 80' lang='grc' dir='ltr'>λαϐεῖν,</span> 
     </span>
    </p>
   </div>
   <div class='ocr_carea' id='block_1_101' title="bbox 430 5234 2002 5310">
    <p class='ocr_par' dir='ltr' id='par_1_101' title="bbox 430 5234 2002 5310">
     <span class='ocr_line' id='line_1_101' title="bbox 430 5234 2002 5310; baseline 0.003 -22"><span class='ocrx_word' id='word_1_725' title='bbox 430 5236 828 5305; x_wconf 87' lang='grc' dir='ltr'>παρετείνοντο.</span> <span class='ocrx_word' id='word_1_726' title='bbox 866 5235 1071 5289; x_wconf 79' lang='grc' dir='ltr'>Εἴπατε</span> <span class='ocrx_word' id='word_1_727' title='bbox 1112 5234 1207 5288; x_wconf 85' lang='grc' dir='ltr'>τοῦ</span> <span class='ocrx_word' id='word_1_728' title='bbox 1254 5234 1385 5288; x_wconf 82' lang='grc' dir='ltr'>λαοῦ</span> <span class='ocrx_word' id='word_1_729' title='bbox 1420 5237 1618 5300; x_wconf 84' lang='grc' dir='ltr'>παντὸς</span> <span class='ocrx_word' id='word_1_730' title='bbox 1658 5237 1756 5308; x_wconf 77' lang='grc' dir='ltr'>τὴν</span> <span class='ocrx_word' id='word_1_731' title='bbox 1798 5239 2002 5310; x_wconf 89' lang='grc' dir='ltr'>προθυ-</span> 
     </span>
    </p>
   </div>
   <div class='ocr_carea' id='block_1_102' title="bbox 434 5323 1999 5397">
    <p class='ocr_par' dir='ltr' id='par_1_102' title="bbox 434 5323 1999 5397">
     <span class='ocr_line' id='line_1_102' title="bbox 434 5323 1999 5397; baseline 0.006 -22"><span class='ocrx_word' id='word_1_732' title='bbox 434 5326 583 5393; x_wconf 84' lang='grc' dir='ltr'>μίαν,</span> <span class='ocrx_word' id='word_1_733' title='bbox 617 5323 724 5378; x_wconf 90' lang='grc' dir='ltr'><strong>τῶν</strong></span> <span class='ocrx_word' id='word_1_734' title='bbox 760 5325 1072 5378; x_wconf 83' lang='grc' dir='ltr'>ἀποστόλων</span> <span class='ocrx_word' id='word_1_735' title='bbox 1113 5325 1210 5397; x_wconf 81' lang='grc' dir='ltr'><strong>τὴν</strong></span> <span class='ocrx_word' id='word_1_736' title='bbox 1238 5326 1553 5396; x_wconf 88' lang='grc' dir='ltr'>συσκηνίαν.</span> <span class='ocrx_word' id='word_1_737' title='bbox 1590 5328 1713 5391; x_wconf 90' lang='grc' dir='ltr'>Πῶς</span> <span class='ocrx_word' id='word_1_738' title='bbox 1762 5330 1827 5383; x_wconf 80' lang='grc' dir='ltr'><strong>τά</strong></span> <span class='ocrx_word' id='word_1_739' title='bbox 1875 5347 1999 5384; x_wconf 85' lang='grc' dir='ltr'>σου·</span> 
     </span>
    </p>
   </div>
   <div class='ocr_carea' id='block_1_103' title="bbox 428 5416 1999 5492">
    <p class='ocr_par' dir='ltr' id='par_1_103' title="bbox 428 5416 1999 5492">
     <span class='ocr_line' id='line_1_103' title="bbox 428 5416 1999 5492; baseline 0.006 -24"><span class='ocrx_word' id='word_1_740' title='bbox 428 5416 587 5487; x_wconf 85' lang='grc' dir='ltr'>δάρια</span> <span class='ocrx_word' id='word_1_741' title='bbox 631 5416 740 5469; x_wconf 90' lang='grc' dir='ltr'><strong>τῶν</strong></span> <span class='ocrx_word' id='word_1_742' title='bbox 794 5417 1099 5489; x_wconf 89' lang='grc' dir='ltr'>προσώπων</span> <span class='ocrx_word' id='word_1_743' title='bbox 1137 5417 1325 5482; x_wconf 79' lang='grc' dir='ltr'>αὐτοῦ,</span> <span class='ocrx_word' id='word_1_744' title='bbox 1384 5420 1463 5483; x_wconf 82' lang='grc' dir='ltr'><strong>είς</strong></span> <span class='ocrx_word' id='word_1_745' title='bbox 1502 5420 1840 5492; x_wconf 80' lang='grc' dir='ltr'>φυλακτήρια</span> <span class='ocrx_word' id='word_1_746' title='bbox 1892 5425 1999 5477; x_wconf 88' lang='grc' dir='ltr'><strong>τῶν</strong></span> 
     </span>
    </p>
   </div>
   <div class='ocr_carea' id='block_1_104' title="bbox 431 5506 1989 5585">
    <p class='ocr_par' dir='ltr' id='par_1_104' title="bbox 431 5506 1989 5585">
     <span class='ocr_line' id='line_1_104' title="bbox 431 5506 1989 5585; baseline 0.007 -26"><span class='ocrx_word' id='word_1_747' title='bbox 431 5506 636 5560; x_wconf 89' lang='grc' dir='ltr'>πιστῶν</span> <span class='ocrx_word' id='word_1_748' title='bbox 679 5507 986 5566; x_wconf 86' lang='grc' dir='ltr'>διετίλλετο.</span> <span class='ocrx_word' id='word_1_749' title='bbox 1020 5510 1367 5583; x_wconf 82' lang='grc' dir='ltr'>Προσκείσθω</span> <span class='ocrx_word' id='word_1_750' title='bbox 1409 5510 1487 5582; x_wconf 83' lang='grc' dir='ltr'>τῷ</span> <span class='ocrx_word' id='word_1_751' title='bbox 1517 5512 1815 5583; x_wconf 88' lang='grc' dir='ltr'>διηγήματι</span> <span class='ocrx_word' id='word_1_752' title='bbox 1846 5514 1989 5585; x_wconf 74' lang='grc' dir='ltr'>βασιο</span> 
     </span>
    </p>
   </div>
   <div class='ocr_carea' id='block_1_105' title="bbox 500 5666 1506 5754">
    <p class='ocr_par' dir='ltr' id='par_1_105' title="bbox 500 5666 1506 5754">
     <span class='ocr_line' id='line_1_105' title="bbox 500 5666 1506 5754; baseline 0.005 -19"><span class='ocrx_word' id='word_1_753' title='bbox 500 5680 521 5712; x_wconf 78' lang='grc'><strong><em>⁵</em></strong></span> <span class='ocrx_word' id='word_1_754' title='bbox 553 5679 698 5737; x_wconf 76' lang='lat' dir='ltr'><strong>Psal.</strong></span> <span class='ocrx_word' id='word_1_755' title='bbox 726 5699 880 5751; x_wconf 81' lang='lat' dir='ltr'><strong>cxm,</strong></span> <span class='ocrx_word' id='word_1_756' title='bbox 912 5686 997 5739; x_wconf 70' lang='grc'><strong>17.</strong></span> <span class='ocrx_word' id='word_1_757' title='bbox 1076 5688 1096 5717; x_wconf 83' lang='grc'><strong><em>⁵</em></strong></span> <span class='ocrx_word' id='word_1_758' title='bbox 1125 5685 1297 5741; x_wconf 80' lang='lat' dir='ltr'><strong>Exod.</strong></span> <span class='ocrx_word' id='word_1_759' title='bbox 1331 5666 1419 5754; x_wconf 66' lang='lat' dir='ltr'><strong>ut,</strong></span> <span class='ocrx_word' id='word_1_760' title='bbox 1454 5688 1506 5741; x_wconf 81' lang='grc'>5.</span> 
     </span>
    </p>
   </div>
   <div class='ocr_carea' id='block_1_106' title="bbox 1584 5688 2091 5757">
    <p class='ocr_par' dir='ltr' id='par_1_106' title="bbox 1584 5688 2091 5757">
     <span class='ocr_line' id='line_1_106' title="bbox 1584 5688 2091 5757; baseline 0.01 -16"><span class='ocrx_word' id='word_1_761' title='bbox 1584 5688 1604 5717; x_wconf 81' lang='grc'>⁶</span> <span class='ocrx_word' id='word_1_762' title='bbox 1636 5689 1653 5742; x_wconf 89' lang='lat' dir='ltr'><strong>l</strong></span> <span class='ocrx_word' id='word_1_763' title='bbox 1684 5688 1871 5746; x_wconf 77' lang='lat' dir='ltr'><strong>Thess.</strong></span> <span class='ocrx_word' id='word_1_764' title='bbox 1909 5707 1981 5757; x_wconf 84' lang='grc' dir='ltr'><strong>ιν,</strong></span> <span class='ocrx_word' id='word_1_765' title='bbox 2011 5693 2091 5746; x_wconf 79' lang='lat' dir='ltr'><strong>l2.</strong></span> 
     </span>
    </p>
   </div>
   <div class='ocr_carea' id='block_1_107' title="bbox 2111 4513 3685 4589">
    <p class='ocr_par' dir='ltr' id='par_1_107' title="bbox 2111 4513 3685 4589">
     <span class='ocr_line' id='line_1_107' title="bbox 2111 4513 3685 4589; baseline -0.005 -16"><span class='ocrx_word' id='word_1_766' title='bbox 2111 4534 2239 4573; x_wconf 91' lang='lat' dir='ltr'><strong>num</strong></span> <span class='ocrx_word' id='word_1_767' title='bbox 2294 4518 2525 4589; x_wconf 84' lang='lat' dir='ltr'><strong>pepulus</strong></span> <span class='ocrx_word' id='word_1_768' title='bbox 2581 4533 2748 4572; x_wconf 90' lang='lat' dir='ltr'><strong>unum</strong></span> <span class='ocrx_word' id='word_1_769' title='bbox 2805 4517 3128 4571; x_wconf 91' lang='lat' dir='ltr'><strong>continuum</strong></span> <span class='ocrx_word' id='word_1_770' title='bbox 3181 4530 3383 4584; x_wconf 89' lang='lat' dir='ltr'><strong>corpus</strong></span> <span class='ocrx_word' id='word_1_771' title='bbox 3442 4513 3685 4568; x_wconf 85' lang='lat' dir='ltr'><strong>universi</strong></span> 
     </span>
    </p>
   </div>
   <div class='ocr_carea' id='block_1_108' title="bbox 2110 4604 3684 4679">
    <p class='ocr_par' dir='ltr' id='par_1_108' title="bbox 2110 4604 3684 4679">
     <span class='ocr_line' id='line_1_108' title="bbox 2110 4604 3684 4679; baseline -0.006 -14"><span class='ocrx_word' id='word_1_772' title='bbox 2110 4618 2288 4673; x_wconf 87' lang='lat' dir='ltr'><strong>erant,</strong></span> <span class='ocrx_word' id='word_1_773' title='bbox 2338 4619 2596 4679; x_wconf 88' lang='lat' dir='ltr'><strong>tanquam</strong></span> <span class='ocrx_word' id='word_1_774' title='bbox 2653 4624 2792 4677; x_wconf 90' lang='lat' dir='ltr'><strong>aqua</strong></span> <span class='ocrx_word' id='word_1_775' title='bbox 2847 4607 3095 4678; x_wconf 75' lang='lat' dir='ltr'><strong>qua3dam</strong></span> <span class='ocrx_word' id='word_1_776' title='bbox 3149 4607 3297 4661; x_wconf 89' lang='lat' dir='ltr'><strong>circa</strong></span> <span class='ocrx_word' id='word_1_777' title='bbox 3346 4604 3684 4660; x_wconf 82' lang='lat' dir='ltr'><strong>tabernaculi</strong></span> 
     </span>
    </p>
   </div>
   <div class='ocr_carea' id='block_1_109' title="bbox 2109 4696 3682 4770">
    <p class='ocr_par' dir='ltr' id='par_1_109' title="bbox 2109 4696 3682 4770">
     <span class='ocr_line' id='line_1_109' title="bbox 2109 4696 3682 4770; baseline -0.004 -16"><span class='ocrx_word' id='word_1_778' title='bbox 2109 4714 2363 4770; x_wconf 90' lang='lat' dir='ltr'><strong>pompam</strong></span> <span class='ocrx_word' id='word_1_779' title='bbox 2442 4708 2760 4755; x_wconf 81' lang='lat' dir='ltr'><strong>aestuantes.</strong></span> <span class='ocrx_word' id='word_1_780' title='bbox 2815 4700 3101 4767; x_wconf 87' lang='lat' dir='ltr'><strong>Quomodo</strong></span> <span class='ocrx_word' id='word_1_781' title='bbox 3163 4699 3460 4769; x_wconf 66' lang='lat' dir='ltr'><strong>prmelarus</strong></span> <span class='ocrx_word' id='word_1_782' title='bbox 3518 4696 3682 4750; x_wconf 89' lang='lat' dir='ltr'><strong>David</strong></span> 
     </span>
    </p>
   </div>
   <div class='ocr_carea' id='block_1_110' title="bbox 2110 4786 3684 4862">
    <p class='ocr_par' dir='ltr' id='par_1_110' title="bbox 2110 4786 3684 4862">
     <span class='ocr_line' id='line_1_110' title="bbox 2110 4786 3684 4862; baseline -0.003 -17"><span class='ocrx_word' id='word_1_783' title='bbox 2110 4790 2464 4845; x_wconf 78' lang='lat' dir='ltr'><strong>multifariam</strong></span> <span class='ocrx_word' id='word_1_784' title='bbox 2517 4792 2816 4862; x_wconf 87' lang='lat' dir='ltr'><strong>multisque</strong></span> <span class='ocrx_word' id='word_1_785' title='bbox 2864 4790 3041 4845; x_wconf 89' lang='lat' dir='ltr'><strong>modis</strong></span> <span class='ocrx_word' id='word_1_786' title='bbox 3086 4790 3139 4844; x_wconf 89' lang='lat' dir='ltr'><strong>in</strong></span> <span class='ocrx_word' id='word_1_787' title='bbox 3191 4790 3505 4843; x_wconf 91' lang='lat' dir='ltr'><strong>innumeros</strong></span> <span class='ocrx_word' id='word_1_788' title='bbox 3534 4786 3684 4841; x_wconf 91' lang='lat' dir='ltr'><strong>ordi-</strong></span> 
     </span>
    </p>
   </div>
   <div class='ocr_carea' id='block_1_111' title="bbox 2108 4879 3684 4946">
    <p class='ocr_par' dir='ltr' id='par_1_111' title="bbox 2108 4879 3684 4946">
     <span class='ocr_line' id='line_1_111' title="bbox 2108 4879 3684 4946; baseline -0.001 -11"><span class='ocrx_word' id='word_1_789' title='bbox 2108 4897 2209 4936; x_wconf 90' lang='lat' dir='ltr'><strong>nes</strong></span> <span class='ocrx_word' id='word_1_790' title='bbox 2239 4896 2361 4937; x_wconf 87' lang='lat' dir='ltr'><strong>sese</strong></span> <span class='ocrx_word' id='word_1_791' title='bbox 2385 4880 2743 4944; x_wconf 86' lang='lat' dir='ltr'><strong>distribuens,</strong></span> <span class='ocrx_word' id='word_1_792' title='bbox 2799 4883 2942 4936; x_wconf 91' lang='lat' dir='ltr'><strong>inter</strong></span> <span class='ocrx_word' id='word_1_793' title='bbox 2988 4881 3218 4934; x_wconf 67' lang='lat' dir='ltr'><strong>diversae</strong></span> <span class='ocrx_word' id='word_1_794' title='bbox 3252 4879 3416 4935; x_wconf 89' lang='lat' dir='ltr'><strong>simul</strong></span> <span class='ocrx_word' id='word_1_795' title='bbox 3456 4886 3509 4933; x_wconf 91' lang='lat' dir='ltr'><strong>et</strong></span> <span class='ocrx_word' id='word_1_796' title='bbox 3535 4879 3684 4946; x_wconf 81' lang='lat' dir='ltr'><strong>ejus-</strong></span> 
     </span>
    </p>
   </div>
   <div class='ocr_carea' id='block_1_112' title="bbox 2107 4969 3683 5044">
    <p class='ocr_par' dir='ltr' id='par_1_112' title="bbox 2107 4969 3683 5044">
     <span class='ocr_line' id='line_1_112' title="bbox 2107 4969 3683 5044; baseline -0.003 -18"><span class='ocrx_word' id='word_1_797' title='bbox 2107 4972 2227 5027; x_wconf 89' lang='lat' dir='ltr'><strong>dem</strong></span> <span class='ocrx_word' id='word_1_798' title='bbox 2264 4973 2462 5044; x_wconf 70' lang='lat' dir='ltr'><strong>lingua:</strong></span> <span class='ocrx_word' id='word_1_799' title='bbox 2488 4973 2764 5036; x_wconf 90' lang='lat' dir='ltr'><strong>homines,</strong></span> <span class='ocrx_word' id='word_1_800' title='bbox 2790 4982 2844 5027; x_wconf 92' lang='lat' dir='ltr'><strong>et</strong></span> <span class='ocrx_word' id='word_1_801' title='bbox 2876 4973 3025 5026; x_wconf 89' lang='lat' dir='ltr'><strong>circa</strong></span> <span class='ocrx_word' id='word_1_802' title='bbox 3065 4969 3477 5024; x_wconf 88' lang='lat' dir='ltr'><strong>tabernaculum</strong></span> <span class='ocrx_word' id='word_1_803' title='bbox 3511 4969 3683 5038; x_wconf 87' lang='lat' dir='ltr'><strong>tripu-</strong></span> 
     </span>
    </p>
   </div>
   <div class='ocr_carea' id='block_1_113' title="bbox 2105 5060 3682 5133">
    <p class='ocr_par' dir='ltr' id='par_1_113' title="bbox 2105 5060 3682 5133">
     <span class='ocr_line' id='line_1_113' title="bbox 2105 5060 3682 5133; baseline -0.001 -16"><span class='ocrx_word' id='word_1_804' title='bbox 2105 5063 2314 5120; x_wconf 91' lang='lat' dir='ltr'><strong>diabat.</strong></span> <span class='ocrx_word' id='word_1_805' title='bbox 2362 5066 2650 5131; x_wconf 87' lang='lat' dir='ltr'><strong>Quomodo</strong></span> <span class='ocrx_word' id='word_1_806' title='bbox 2701 5064 2957 5133; x_wconf 88' lang='lat' dir='ltr'><strong>utrinque</strong></span> <span class='ocrx_word' id='word_1_807' title='bbox 3021 5061 3223 5132; x_wconf 87' lang='lat' dir='ltr'><strong>(quasi)</strong></span> <span class='ocrx_word' id='word_1_808' title='bbox 3287 5060 3432 5131; x_wconf 91' lang='lat' dir='ltr'><strong>ignei</strong></span> <span class='ocrx_word' id='word_1_809' title='bbox 3493 5075 3682 5116; x_wconf 88' lang='lat' dir='ltr'><strong>amnes</strong></span> 
     </span>
    </p>
   </div>
   <div class='ocr_carea' id='block_1_114' title="bbox 2104 5154 3681 5222">
    <p class='ocr_par' dir='ltr' id='par_1_114' title="bbox 2104 5154 3681 5222">
     <span class='ocr_line' id='line_1_114' title="bbox 2104 5154 3681 5222; baseline -0.004 -11"><span class='ocrx_word' id='word_1_810' title='bbox 2104 5157 2519 5212; x_wconf 89' lang='lat' dir='ltr'><strong>continentibus</strong></span> <span class='ocrx_word' id='word_1_811' title='bbox 2572 5156 2806 5219; x_wconf 84' lang='lat' dir='ltr'><strong>facibus,</strong></span> <span class='ocrx_word' id='word_1_812' title='bbox 2859 5162 3034 5209; x_wconf 89' lang='lat' dir='ltr'><strong>tractu</strong></span> <span class='ocrx_word' id='word_1_813' title='bbox 3086 5154 3348 5207; x_wconf 87' lang='lat' dir='ltr'><strong>continuo</strong></span> <span class='ocrx_word' id='word_1_814' title='bbox 3394 5158 3681 5222; x_wconf 88' lang='lat' dir='ltr'><strong>perpetuo-</strong></span> 
     </span>
    </p>
   </div>
   <div class='ocr_carea' id='block_1_115' title="bbox 2104 5244 3680 5317">
    <p class='ocr_par' dir='ltr' id='par_1_115' title="bbox 2104 5244 3680 5317">
     <span class='ocr_line' id='line_1_115' title="bbox 2104 5244 3680 5317; baseline -0.001 -19"><span class='ocrx_word' id='word_1_815' title='bbox 2104 5262 2211 5316; x_wconf 92' lang='lat' dir='ltr'><strong>qne</strong></span> <span class='ocrx_word' id='word_1_816' title='bbox 2237 5248 2497 5311; x_wconf 87' lang='lat' dir='ltr'><strong>ﬂuentes,</strong></span> <span class='ocrx_word' id='word_1_817' title='bbox 2545 5246 2723 5317; x_wconf 90' lang='lat' dir='ltr'><strong>quoad</strong></span> <span class='ocrx_word' id='word_1_818' title='bbox 2787 5246 2930 5300; x_wconf 91' lang='lat' dir='ltr'><strong>oculi</strong></span> <span class='ocrx_word' id='word_1_819' title='bbox 2995 5245 3311 5316; x_wconf 78' lang='lat' dir='ltr'><strong>longissime</strong></span> <span class='ocrx_word' id='word_1_820' title='bbox 3368 5244 3680 5313; x_wconf 80' lang='lat' dir='ltr'><strong>prospicere</strong></span> 
     </span>
    </p>
   </div>
   <div class='ocr_carea' id='block_1_116' title="bbox 2105 5336 3677 5410">
    <p class='ocr_par' dir='ltr' id='par_1_116' title="bbox 2105 5336 3677 5410">
     <span class='ocr_line' id='line_1_116' title="bbox 2105 5336 3677 5410; baseline -0.004 -16"><span class='ocrx_word' id='word_1_821' title='bbox 2105 5346 2352 5408; x_wconf 90' lang='lat' dir='ltr'><strong>possent,</strong></span> <span class='ocrx_word' id='word_1_822' title='bbox 2399 5338 2837 5410; x_wconf 84' lang='lat' dir='ltr'><strong>porrigebantur.</strong></span> <span class='ocrx_word' id='word_1_823' title='bbox 2887 5337 3148 5407; x_wconf 78' lang='lat' dir='ltr'><strong>Exponite</strong></span> <span class='ocrx_word' id='word_1_824' title='bbox 3204 5336 3445 5392; x_wconf 89' lang='lat' dir='ltr'><strong>studium</strong></span> <span class='ocrx_word' id='word_1_825' title='bbox 3494 5336 3677 5405; x_wconf 88' lang='lat' dir='ltr'><strong>populi</strong></span> 
     </span>
    </p>
   </div>
   <div class='ocr_carea' id='block_1_117' title="bbox 2106 5425 3676 5497">
    <p class='ocr_par' dir='ltr' id='par_1_117' title="bbox 2106 5425 3676 5497">
     <span class='ocr_line' id='line_1_117' title="bbox 2106 5425 3676 5497; baseline -0.003 -16"><span class='ocrx_word' id='word_1_826' title='bbox 2106 5429 2307 5491; x_wconf 89' lang='lat' dir='ltr'><strong>totius,</strong></span> <span class='ocrx_word' id='word_1_827' title='bbox 2352 5430 2724 5497; x_wconf 87' lang='lat' dir='ltr'><strong>apostolorum</strong></span> <span class='ocrx_word' id='word_1_828' title='bbox 2779 5428 3219 5483; x_wconf 89' lang='lat' dir='ltr'><strong>contubernium.</strong></span> <span class='ocrx_word' id='word_1_829' title='bbox 3260 5425 3546 5493; x_wconf 87' lang='lat' dir='ltr'><strong>Quomodo</strong></span> <span class='ocrx_word' id='word_1_830' title='bbox 3580 5441 3676 5479; x_wconf 52' lang='lat' dir='ltr'><strong>su.</strong></span> 
     </span>
    </p>
   </div>
   <div class='ocr_carea' id='block_1_118' title="bbox 2105 5519 3677 5593">
    <p class='ocr_par' dir='ltr' id='par_1_118' title="bbox 2105 5519 3677 5593">
     <span class='ocr_line' id='line_1_118' title="bbox 2105 5519 3677 5593; baseline -0.003 -18"><span class='ocrx_word' id='word_1_831' title='bbox 2105 5522 2258 5576; x_wconf 91' lang='lat' dir='ltr'><strong>daria</strong></span> <span class='ocrx_word' id='word_1_832' title='bbox 2288 5522 2441 5577; x_wconf 84' lang='lat' dir='ltr'><strong>faciei</strong></span> <span class='ocrx_word' id='word_1_833' title='bbox 2513 5523 2631 5593; x_wconf 83' lang='lat' dir='ltr'><strong>ejus</strong></span> <span class='ocrx_word' id='word_1_834' title='bbox 2668 5522 2732 5577; x_wconf 89' lang='lat' dir='ltr'><strong>ad</strong></span> <span class='ocrx_word' id='word_1_835' title='bbox 2773 5522 3090 5592; x_wconf 71' lang='lat' dir='ltr'><strong>praesidium</strong></span> <span class='ocrx_word' id='word_1_836' title='bbox 3151 5530 3314 5593; x_wconf 87' lang='lat' dir='ltr'><strong>atque</strong></span> <span class='ocrx_word' id='word_1_837' title='bbox 3371 5519 3677 5576; x_wconf 89' lang='lat' dir='ltr'><strong>custodiam</strong></span> 
     </span>
    </p>
   </div>
  </div>
