4132 6356
383 291 487 345 86⁸5

1625 281 1684 336 S.
1727 279 2056 336 GREGORII
2100 279 2395 336 NYSSLNI

3539 275 3648 332 864

386 406 623 459 ﬁdelium
681 404 1158 474 discerpebantur.
1243 401 1588 474 Adjieiantur
1656 399 1959 455 narrationi

2083 403 2188 465 tab;
2229 401 2639 474 σκυθρωπάζων
2678 400 2771 452 ἐπὶ
2801 399 2876 469 τῷ
2909 396 3105 460 πάθει,
3140 395 3234 449 καὶ
3267 392 3461 466 θρόνου
3493 393 3654 459 ὲξαν-

382 497 546 548 etiam
583 493 883 562 imperator
911 509 1148 548 manens
1189 493 1260 547 oh
1289 493 1682 554 calamitatem,
1714 498 1768 544 et
1802 507 1834 546 c
1870 506 1969 546 so-

385 581 458 634 lio
495 595 801 647 exsurgens
859 599 874 635 :
935 589 1156 650 totaque
1207 581 1406 635 civitas
1463 595 1570 634 una
1617 595 1742 633 cum
1772 595 1970 649 pompa

384 671 561 726 sancti
617 672 892 728 transiens
929 691 942 726 :
975 680 1030 727 et
1085 671 1444 726 consulamini
1494 685 1592 726 vos
1627 669 1859 724 invicem
1914 670 1969 724 in

383 763 734 818 sermonibus
781 764 926 817 istis.
960 761 1131 818 Recte
1163 762 1422 816 Solomon
1459 762 1740 816 tristitiam
1784 771 1965 816 curat.

383 854 544 914 lubet
574 855 722 910 enim
761 855 981 910 tristitia
1030 855 1240 910 all‘ectis
1280 854 1467 909 viuum
1504 855 1735 923 prteberi
1763 873 1776 910 :
1809 854 1971 910 vobis

385 959 564 1000 autem
605 947 708 1001 huc
757 963 858 1018 ego
913 947 1039 1001 dico
1089 947 1262 1000 vinea:
1291 946 1580 1016 cperariis.
1620 945 1754 1002 Date
1805 945 1975 1016 igitur

383 1047 628 1094 vestrum
688 1039 876 1092 vinum
936 1037 1263 1110 egritudine
1319 1038 1488 1092 animi
1547 1037 1793 1101 all‘ectis,
1861 1053 1970 1092 non

385 1130 532 1198 quod
589 1129 912 1186 ebrietatem
981 1128 1228 1192 inducat,
1290 1139 1384 1184 aut
1437 1130 1605 1183 menti
1658 1127 1972 1192 insidietur,

387 1236 662 1289 eorpusve
695 1230 1036 1291 corrumpat,
1077 1222 1172 1278 sed
1211 1221 1358 1291 quod
1402 1221 1639 1276 lzetitieet
1677 1236 1795 1281 cor,
1826 1219 1972 1289 quod

387 1312 547 1366 nobis
576 1314 838 1383 propheta
892 1314 1171 1370 indicabat
1211 1315 1406 1369 dicens
1444 1335 1455 1369 :
1500 1313 1693 1367 Vinum
1730 1314 1974 1381 lmtiﬁcat

387 1416 482 1455 cor
507 1401 758 1459 hominis.
827 1401 1114 1458 Meraciori
1150 1405 1314 1459 misto
1357 1411 1414 1458 et
1463 1402 1879 1459 fecundioribus
1911 1417 1975 1457 ac

388 1491 718 1562 largioribus
747 1509 845 1551 eos
875 1495 1111 1566 excipite
1142 1497 1416 1552 sermonis
1465 1496 1750 1556 calicibus,
1780 1505 1841 1550 ut
1879 1510 1973 1549 ι·οο

388 1581 473 1636 bis
501 1598 698 1640 rursus
734 1585 788 1639 in
835 1586 1076 1641 laetitiam
1112 1587 1293 1642 luctus
1323 1597 1698 1652 convertatur,
1733 1602 1829 1654 per
1851 1602 1977 1654 gra-

391 1674 521 1731 tiam
557 1675 823 1745 unigeniti
857 1677 948 1733 Dei
991 1675 1134 1744 Filii,
1179 1664 1276 1750 per
1321 1695 1484 1750 quem
1533 1680 1706 1750 gloria
1760 1677 1891 1742 Deo,
1921 1688 1975 1731 et

388 1761 537 1821 Patri
569 1767 620 1821 in
646 1770 843 1824 sa'cula
875 1771 1221 1826 saeculorum.
1247 1772 1440 1826 Amen.

2077 497 2362 566 ιστάμενος
2384 511 2397 524 ·
2430 495 2524 547 καὶ
2553 493 2706 556 πόλις
2748 492 2844 562 ὅλη
2882 493 2948 562 τῇ
2978 492 3171 560 πομπῇ
3204 487 3298 541 τοῦ
3326 486 3484 556 ἁγίου
3519 503 3656 555 συμο

2075 582 2502 654 μεταϐαίνουσα·
2563 581 2656 634 καὶ
2705 579 3074 650 παρακαλεῖτε
3117 575 3383 644 ἀλλήλους
3433 575 3493 626 ὲν
3543 575 3657 637 τοῖς

2072 675 2251 742 λόγοις
2274 673 2498 735 τούτοις.
2545 671 2741 735 Καλῶς
2770 668 3021 739 Σολομὼν
3053 666 3292 738 ἰατρεύει
3319 665 3418 734 τὴν
3454 664 3653 732 λύπην.

2071 765 2299 818 Κελεύει
2335 763 2444 835 γάρ
2478 765 2588 825 τοῖς
2620 764 2679 816 ὲν
2728 761 2872 832 λύπῃ
2905 754 3047 813 οἶνον
3081 757 3300 819 διδόναι,
3329 755 3466 828 πρὸς
3508 755 3657 824 ἡμᾶς

2072 855 2230 910 τοῦτο
2257 854 2448 922 λέγων,
2477 854 2604 916 τοὺς
2623 850 2718 906 τοῦ
2743 847 3062 921 ἀμπελῶνος
3101 847 3359 917 ἐργάτας.
3398 844 3526 897 Δότε
3561 837 3656 896 οὖν

2073 949 2164 1002 τὸν
2198 947 2462 1017 ὑμέτερον
2509 941 2652 998 οἶνον
2697 944 2812 1006 τοῖς
2863 939 3224 1010 λυπουμένοις
3243 979 3257 1001 ,
3311 935 3373 989 οὐ
3416 935 3507 989 τὸν
3558 935 3657 1004 τῆς

2077 1039 2247 1110 μέθης
2297 1035 2568 1107 ἐργάτην,
2626 1032 2870 1090 καὶτῶν
2919 1030 3134 1101 φρενῶν
3181 1026 3495 1090 ἐπίϐουλον,
3563 1026 3657 1078 καὶ

2076 1131 2280 1200 φθορέα
2313 1129 2406 1183 τοῦ
2439 1127 2708 1198 σώματος,
2731 1123 2868 1182 ἀλλὰ
2904 1122 2998 1174 τὸν
3025 1120 3124 1190 τὴν
3168 1117 3396 1188 καρδίαν
3429 1113 3658 1185 εὐφραί-

2075 1237 2255 1283 νοντα,
2277 1219 2336 1274 ὃν
2371 1221 2400 1272 ό
2427 1219 2717 1290 Προφήτης
2745 1215 2876 1284 ἡμῖν
2902 1211 3211 1265 ἐπεδείκνυε
3240 1208 3415 1276 λέγων
3434 1222 3448 1235 ο
3481 1201 3658 1269 Οἶνος

2075 1310 2380 1380 εὐφραίνει
2405 1307 2657 1376 καρδίαν
2682 1301 3018 1372 ἀνθρώπου.
3064 1295 3381 1365 Μειζοτέρῳ
3407 1292 3486 1362 τῷ
3516 1291 3656 1363 κρά-

2080 1421 2231 1473 ματι,
2276 1401 2372 1454 καὶ
2414 1397 2819 1467 άφθονωτέραις
2846 1390 3119 1458 δεξιοῦσθε
3150 1386 3245 1440 τοῦ
3285 1381 3656 1456 πνευματικοῦ

2076 1495 2235 1564 λόγου
2265 1495 2384 1556 ταῖς
2409 1489 2636 1554 κύλιξιν,
2665 1487 2809 1540 ὥστε
2848 1487 2978 1554 ἡμῖν
3007 1480 3169 1536 πάλιν
3204 1480 3284 1542 εἰς
3318 1474 3659 1564 εὐφροσύνην

2199 1583 2522 1653 ἀγαλλίασιν
2548 1577 2983 1650 περιστραφῆναι
3013 1574 3073 1626 τδ
3114 1570 3329 1634 πένθος,
3355 1568 3533 1638 χάριτι
3560 1563 3654 1616 τοῦ

2083 1673 2402 1748 μονογενοῦς
2436 1669 2563 1724 Υἱοῦ
2593 1669 2685 1722 τοῦ
2716 1666 2872 1728 Θεοῦ,
2900 1665 2965 1716 δι’
2989 1657 3050 1715 οὗ
3073 1665 3107 1733 ἡ
3132 1660 3260 1726 δόξα
3287 1658 3364 1729 τῷ
3388 1656 3528 1727 Θεῷ,
3562 1654 3658 1709 καὶ

2008 1755 2054 1810 Β
2084 1767 2258 1836 Πατρὶ
2288 1767 2366 1829 εἰς
2392 1762 2518 1825 τοὺς
2545 1759 2748 1822 αἰῶνας
2773 1757 2879 1812 τῶν
2902 1753 3136 1809 αἰώνων.
3181 1751 3376 1823 Ἀμήν.

1659 2137 1889 2224 ΤΟΥ
1967 2134 2346 2222 ΑΥΤΟΥ

1066 2339 1308 2452 ΕΙΣ
1385 2325 2387 2450 ΠΟΥΛΧΕΡΙΑΝ
2463 2320 2996 2444 ΛΟΓΟΣ

1743 2734 2283 2827 EJUSDEM

1165 2949 1708 3070 ORATIO
1785 2938 2900 3067 CONSOLATORIA

1478 3167 1559 3223 IN
1615 3166 1974 3225 FUNERE
2027 3165 2582 3224 PULCllERl/E.

1748 3324 1940 3378 Eodem
1973 3323 2278 3388 interprete.

487 3621 756 3694 Equidem
815 3623 959 3678 haud
1023 3621 1140 3676 scio
1187 3636 1296 3690 quo
1350 3629 1514 3690 pacto
1573 3620 1980 3675 accommodem

2161 3623 2274 3676 Οὐκ
2305 3619 2423 3678 οἴδα
2460 3625 2608 3686 ὅπως
2630 3621 2709 3693 τῷ
2731 3623 2872 3695 λόγῳ
2903 3641 3194 3698 χρησομαι.
3235 3628 3441 3699 Διπλῆν
3462 3645 3522 3681 τε
3560 3624 3671 3695 γὰρ

399 3715 728 3770 orationem.
775 3713 910 3769 Nam
947 3724 1001 3769 ct
1030 3712 1232 3782 duplex
1276 3712 1438 3767 video
1471 3721 1880 3782 argumentum,
1927 3722 1985 3767 et

402 3809 659 3876 utrinque
687 3807 843 3862 triste
871 3817 925 3860 et
958 3806 1236 3869 acerbum,
1273 3816 1330 3860 ut
1366 3813 1774 3873 utrumcunque
1807 3805 1986 3860 oratio

403 3899 735 3969 sumpserit,
793 3900 936 3953 haud
989 3898 1150 3953 facile
1197 3899 1472 3969 lacrymas
1525 3898 1734 3952 evitare
1787 3898 1982 3967 possit.

403 3989 654 4047 Praesens
686 3992 949 4062 temporis
977 3991 1268 4055 circuitus,
1299 3989 1762 4060 quemadmodum
1795 3991 1847 4044 id
1886 4007 1986 4044 no-

405 4084 491 4138 bis
523 4083 640 4137 beri
670 4097 700 4137 a
729 4093 945 4152 pastore
989 4083 1371 4147 nuntiabatur,
1406 4081 1728 4136 acerbarum
1776 4098 1984 4147 rerum,

402 4187 525 4240 quae
559 4171 749 4226 vicina:
791 4172 1092 4242 aliquando
1135 4171 1257 4227 urbi
1307 4187 1402 4242 per
1432 4177 1802 4225 terrzemotutn
1838 4172 1986 4227 acci-

404 4263 628 4327 derunt,
655 4265 977 4319 memoriam
1002 4264 1248 4319 continet
1282 4282 1296 4320 :
1347 4279 1473 4334 qu:e
1511 4266 1636 4336 quis
1664 4265 1872 4335 absque
1905 4267 1985 4320 la-

403 4355 607 4423 cryinis
634 4369 1066 4409 commemorare
1107 4355 1319 4426 possit?
1354 4355 1544 4427 Magna
1573 4365 1753 4412 autem
1785 4358 1900 4412 haec
1933 4367 1988 4412 et

407 4445 640 4500 illustris
665 4484 681 4510 ,
732 4447 942 4516 totique
975 4446 1070 4516 qui
1102 4447 1205 4502 soli
1254 4447 1540 4517 subjectus
1575 4457 1680 4515 est,
1715 4461 1986 4504 terrarum

402 4535 522 4590 orbi
553 4536 861 4606 proposita,
897 4538 1157 4606 praeclara
1201 4538 1334 4594 urbs
1365 4539 1536 4593 alium
1580 4541 1847 4596 sustinuit
1879 4549 1988 4596 ter-

404 4633 714 4693 ramiotum,
743 4635 908 4696 atque
937 4627 1083 4681 haud
1113 4643 1338 4697 parvum
1363 4639 1747 4684 ornamentum
1779 4633 1984 4697 amisit,

405 4715 690 4780 luminari,
714 4716 860 4786 quod
891 4716 956 4770 ad
985 4717 1288 4787 augendam
1320 4719 1723 4790 imperatoriam
1757 4721 1987 4776 felicita-

406 4816 514 4863 tem
543 4807 597 4862 in
627 4823 691 4863 ea
729 4807 1135 4878 resplendebnt,
1172 4819 1394 4880 repente
1431 4811 1662 4882 privata,
1711 4822 1875 4882 atque
1907 4815 1988 4868 id-

404 4899 556 4954 circo
607 4913 715 4953 una
760 4913 883 4954 cum
933 4900 1246 4969 lugentibus
1287 4901 1712 4972 imperatoribus
1748 4921 1986 4961 moerens

403 5006 471 5046 ac
501 4991 917 5047 eondolcscens.
963 4991 1102 5058 Quid
1134 5002 1318 5049 autem
1354 4994 1590 5057 dicatur.
1623 5011 1729 5051 non
1763 4997 1986 5067 ignora-
2017 4972 2062 5026 D

403 5082 478 5138 tis
537 5098 788 5152 prorsus,
850 5084 944 5155 qui
1000 5095 1328 5139 conventum
1381 5087 1691 5156 completis,
1747 5103 1872 5144 cum
1928 5096 1983 5144 ct

405 5173 554 5228 hunc
601 5175 780 5244 ipsum
819 5175 1023 5240 locum,
1069 5178 1123 5231 in
1156 5194 1268 5249 quo
1315 5179 1627 5249 congregati
1678 5195 1892 5244 smnus,
1929 5193 1984 5237 et

405 5278 695 5318 maerorem
721 5266 1038 5337 luctumque
1056 5267 1110 5322 in
1127 5283 1194 5322 eo
1218 5268 1464 5324 videatis.
1483 5268 1636 5323 Haud
1656 5269 1820 5341 igitur
1843 5270 1980 5338 scio,

408 5354 476 5408 ad
522 5362 705 5410 utrum
753 5367 1121 5413 tememotum
1177 5359 1482 5414 orationem
1534 5371 1870 5427 convertam,
1912 5362 1977 5416 ad

407 5462 628 5512 eumne,
655 5447 749 5517 qui
780 5464 928 5502 nunc
958 5451 1183 5514 accidit,
1213 5467 1282 5505 an
1317 5451 1411 5523 qui
1442 5451 1605 5508 olim?
1657 5452 1800 5510 Sane
1839 5452 1984 5507 haud

408 5539 648 5593 alienum
675 5546 760 5594 est
789 5540 1051 5595 adversus
1080 5542 1136 5596 id
1159 5543 1304 5612 quod
1333 5544 1548 5599 excellit
1576 5545 1983 5600 incommodum

409 5631 737 5694 consistere,
776 5639 940 5701 atque
969 5633 1212 5690 civitatis
1241 5636 1521 5705 proprium
1559 5635 1805 5692 dolorem
1841 5636 1987 5691 miti-

413 5740 564 5799 gare,
589 5725 1005 5798 rationibusque
1029 5727 1356 5799 quibusdam
1381 5729 1808 5798 incommodum,
1827 5731 1987 5802 quasi

2085 3715 2196 3786 ὁρῶ
2219 3715 2317 3786 τὴν
2345 3715 2618 3782 ὑπόθεσιν,
2645 3716 2741 3769 καὶ
2772 3717 3102 3789 σκυθρωπὴν
3131 3720 3253 3772 καθ’
3283 3721 3566 3790 ἑκάτερον,
3595 3718 3670 3780 ὡς

2090 3805 2165 3876 μὴ
2194 3805 2372 3877 ῥᾴδιον
2400 3804 2504 3871 ἔξω
2533 3804 2784 3878 δακρύων
2831 3805 2923 3858 τὸν
2972 3805 3128 3874 λόγον
3158 3807 3355 3872 ἐλθεῖν,
3384 3807 3561 3860 ὁτιοῦν
3610 3804 3672 3872 ἐξ

2087 3898 2412 3968 ἀμφοτέρων
2438 3895 2714 3966 ἑλόμενον.
2751 3895 2816 3949 Ἠ
2868 3897 3120 3967 παροῦσα
3155 3898 3251 3952 τοῦ
3286 3899 3478 3969 χρόνου
3515 3896 3668 3966 περίο

2085 3987 2224 4050 οδος,
2256 3986 2436 4050 καθὼς
2457 3989 2587 4058 ἡμῖν
2622 3986 2749 4056 χθὲς
2775 3987 2932 4040 τοῦτο
2975 3989 3128 4060 παρὰ
3159 3989 3253 4043 τοῦ
3288 3989 3542 4060 ποιμένος
3569 3990 3674 4060 ἦγ-

2087 4077 2246 4146 γελτο
2268 4117 2284 4140 ,
2315 4078 2658 4149 σκυθρωπῶν
2713 4080 3057 4150 πραγμάτων
3083 4080 3194 4134 τῶν
3229 4083 3295 4152 τῇ
3338 4081 3538 4150 γείτονι
3569 4081 3668 4134 πό-

2086 4169 2169 4223 λει
2194 4170 2323 4224 ποτὲ
2365 4170 2452 4223 διὰ
2493 4170 2586 4223 τοῦ
2621 4171 2847 4239 σεισμοῦ
2898 4173 3378 4243 συμπεπτωκότων
3427 4173 3671 4246 περιέχει

2086 4261 2184 4333 τὴν
2223 4263 2466 4334 μνήμην.
2499 4264 2568 4315 Ἃ
2595 4262 2679 4326 τίς
2701 4263 2966 4336 ἀδακρυτὶ
2994 4264 3286 4334 διεξέλθοι;
3319 4268 3351 4336 ἡ
3380 4265 3435 4319 δὲ
3461 4264 3670 4338 μεγάλη

2087 4355 2182 4408 καὶ
2222 4355 2530 4426 περιφανὴς
2578 4355 2717 4426 αὕτη
2763 4373 2855 4409 και
2879 4355 2981 4426 τῆς
3030 4356 3120 4425 ὑφ’
3148 4356 3282 4428 ἡλίῳ
3327 4357 3508 4427 πάσης
3538 4374 3672 4428 προ-

2086 4447 2394 4516 τεταγμένη
2429 4446 2742 4508 καλλίπολις
2779 4447 2935 4502 ἄλλον
2961 4449 3181 4518 σεισμὸν
3216 4449 3446 4519 ὑπέστη,
3481 4449 3574 4504 καὶ
3605 4446 3668 4499 οὗ

2091 4539 2284 4610 μικρὸν
2333 4539 2651 4610 άπεσυλήθη
2705 4541 2926 4610 κόσμον,
2949 4539 3043 4593 τοῦ
3087 4541 3144 4593 ἐν
3176 4541 3312 4612 αὐτῇ
3359 4540 3670 4612 λάμψαντος

2089 4629 2374 4700 φωστῆρος
2419 4631 2500 4694 εἰς
2555 4630 2872 4702 προσθήκην
2923 4631 3021 4702 τῆς
3053 4629 3337 4702 βασιλικῆς
3377 4630 3669 4702 εὐκληρίας

2087 4717 2299 4788 ἁθρόως
2325 4718 2704 4790 ἀφαιρεθεῖσα,
2736 4719 2832 4772 καὶ
2855 4717 2946 4773 διὰ
2983 4720 3142 4773 τοῦτο
3163 4723 3229 4792 τῇ
3266 4720 3538 4793 κατηφείᾳ.
3559 4719 3670 4773 τῶν

2090 4807 2350 4878 βασιλέων
2389 4810 2949 4882 συσκυθρωπάζουσα.
3001 4812 3075 4864 Τὸ
3106 4811 3163 4864 δὲ
3207 4811 3530 4883 λεγόμενον,
3571 4813 3671 4866 οὐκ

2089 4903 2329 4968 ἀγνοεῖτε
2350 4901 2590 4964 πάντως,
2604 4903 2652 4955 οἱ
2673 4901 3006 4974 πληροῦντες
3028 4904 3118 4962 τὸν
3144 4905 3421 4972 σύλλογον,
3437 4904 3672 4976 ὁρῶντες

2089 4993 2255 5046 αὐτόν
2294 5011 2354 5046 τε
2389 4993 2481 5046 τὸν
2536 4993 2701 5048 τόπον
2742 4995 2932 5050 τοῦτον
2968 4997 3026 5050 ὲν
3053 4989 3097 5066 ᾧ
3144 4997 3532 5067 συνειλέγμεθα
3577 5000 3672 5049 καὶ

2091 5084 2186 5155 τὴν
2215 5086 2272 5138 ὲν
2301 5084 2380 5157 τῷ
2421 5085 2570 5156 τόπῳ
2621 5087 2944 5159 κατήφειαν.
2992 5089 3106 5142 Οὐκ
3147 5084 3263 5143 οἶδα
3309 5088 3487 5141 τοίνυν
3535 5087 3673 5156 πρὸς

2091 5181 2241 5230 ποῖον
2279 5178 2500 5247 σεισμὸν
2543 5177 2732 5248 τρέψω
2770 5179 2862 5233 τὸν
2890 5178 3070 5248 λόγον,
3097 5179 3232 5250 πρὸς
3276 5177 3367 5232 τὸν
3390 5176 3485 5229 νῦν
3512 5176 3545 5246 ἢ
3578 5177 3672 5229 τὸν

2091 5268 2256 5322 πάλαι
2279 5269 2599 5338 γενόμενον;
2624 5270 2696 5326 Ἢ
2729 5269 2906 5334 καλῶς
2939 5269 3051 5340 ἔχει
3081 5271 3216 5340 πρὸς
3243 5268 3306 5320 τὸ
3334 5267 3671 5338 ὑπερϐάλλον

2089 5358 2183 5411 τοῦ
2218 5357 2420 5422 πάθους
2470 5358 2684 5428 στῆναι,
2730 5357 2826 5412 καὶ
2885 5357 3286 5429 καταπραΰνειν
3318 5356 3415 5428 τῆς
3460 5355 3670 5416 πόλεως

2089 5451 2187 5523 τὴν
2217 5451 2351 5504 ἰδίαν
2372 5451 2639 5522 ἀλγηδόνα
2665 5452 2944 5521 λογισμοῖς
2972 5466 3082 5503 τισι
3103 5449 3163 5502 τὸ
3188 5447 3359 5512 πάθος
3391 5464 3672 5517 καταφαρο

2093 5545 2386 5615 μάσσοντα.
2421 5544 2484 5596 Εἰ
2520 5544 2629 5613 γάρ
2658 5542 2754 5596 καὶ
2784 5542 2858 5613 μὴ
2898 5540 3098 5605 πάντες
3123 5542 3172 5595 οἱ
3203 5539 3296 5592 τοῦ
3328 5539 3496 5594 κακοῦ
3529 5556 3668 5608 συμ-

2093 5637 2410 5707 μετέχοντες
2431 5635 2510 5705 τῷ
2541 5635 2782 5704 συλλόγῳ
2811 5633 3063 5705 πάρεισιν
3083 5651 3097 5664 ·
3129 5631 3270 5690 ἀλλὰ
3287 5631 3375 5686 διὰ
3397 5630 3502 5684 τῶν
3529 5647 3670 5701 παρι-

2090 5727 2258 5784 όντων
2295 5728 2422 5792 ἴσως
2455 5727 2547 5780 καὶ
2575 5727 2654 5790 εἰς
2679 5724 2804 5791 τοὺς
2838 5725 2914 5797 μὴ
2963 5724 3234 5795 παρόντας
3278 5725 3308 5776 ό
3349 5721 3502 5790 λόγος
3543 5719 3663 5774 διαν-
