4132 6356
439 362 550 418 ἷϐὄ

1497 362 1567 417 IN
1595 360 1879 418 FUNERE
1909 360 2328 419 Ριιιειιειιιιε
2371 361 2654 418 ORATIO.

3605 365 3712 422 806

438 479 745 550 δοθήσεται.
787 476 899 531 Καὶ
942 476 1053 548 γὰρ
1085 477 1180 529 καὶ
1220 476 1328 528 τῶν
1364 475 1565 547 ἰατρῶν
1605 478 1800 529 ἐκεῖνοι
1852 477 2027 544 σοφοὶ,

2133 475 2372 546 quodam
2416 475 2667 530 adhibito
2715 473 3116 530 medicamento
3158 476 3352 531 lenire.
3403 476 3519 533 Etsi
3565 483 3712 535 enim

438 574 489 626 oi.
521 571 656 642 πρὸς
679 570 740 622 τὸ
762 568 1055 633 πλεονάζον
1082 569 1190 620 τῶν
1226 568 1532 639 ἀλγηδόνων
1561 568 1651 646 διά
1689 568 1789 638 τῆς
1830 556 2024 639 τέχνης

442 663 752 735 ἱστάμενοι,
793 663 903 715 τῶν
961 663 1018 714 δὲ
1059 657 1218 732 ἦττον
1263 662 1538 732 ὀδυνηρῶν
1585 663 1682 731 τὴν
1731 662 2026 732 θεραπείαν

442 755 879 826 ὑπερτιθέμενοι.
913 753 1126 822 ’Ὠσπερ
1145 752 1200 804 δέ
1226 770 1387 821 φασιν
1417 753 1464 804 οἱ
1497 753 1622 824 περὶ
1642 753 1812 806 ταῦτα
1840 751 2028 818 δεινοὶ,

441 848 490 898 εἰ
521 845 614 898 δύο
639 844 779 898 κατά
810 844 1006 897 ταύτὸν
1029 845 1108 898 ἑνὶ
1141 843 1354 914 σώματι
1380 843 1531 896 πόνοι
1555 843 1904 913 συμπέσοιεν,
1933 845 2028 914 μό-

441 953 533 989 νου
566 936 659 990 τοῠ
687 935 1116 1008 ὑπερϐάλλοντος
1158 935 1256 1005 τὴν
1285 934 1536 1006 αἴσθησιν
1563 934 1826 1003 γίνεσθαι,
1864 937 1919 987 ἐν
1950 935 2029 1003 τῷ

441 1029 790 1092 πλεονάζοντι
827 1029 927 1098 τῆς
970 1028 1370 1100 ἐπικρατούσης
1401 1027 1691 1098 ἀλγηδόνος
1733 1027 2028 1081 ἐκκλεπτο-

445 1120 612 1190 μένης
634 1121 730 1188 τῆς
748 1121 968 1189 ἥττονος
985 1137 1001 1152 ο
1025 1118 1167 1171 οὕτω
1193 1119 1286 1171 καὶ
1307 1119 1397 1172 ἐπὶ
1418 1119 1513 1172 τοῦ
1540 1119 1802 1188 παρόντος
1823 1119 2026 1188 βλέπω.

441 1210 515 1262 Τὸ
541 1212 648 1282 γὰρ
682 1210 800 1263 νέον
840 1227 899 1261 τε
942 1210 1037 1262 καὶ
1078 1209 1343 1280 ἡμέτερον
1394 1210 1616 1280 ἄλγημα
1637 1248 1650 1270 ,
1682 1208 1790 1262 τῶν
1823 1210 1909 1262 διὰ
1930 1213 2029 1280 τῆς

444 1302 665 1372 μνήμης
697 1299 1036 1368 ἀλγυνόντων
1054 1302 1202 1370 ἡμᾶς
1240 1301 1385 1353 ἐστιν
1407 1299 1884 1372 ἐπικρατέστερον,
1907 1300 2029 1363 Πῶς

440 1392 546 1464 γάρ
575 1393 673 1445 οὑκ
696 1390 760 1444 ἄν
793 1408 875 1454 τις
904 1392 998 1444 ἐπὶ
1026 1393 1140 1454 τοῖς
1168 1391 1540 1462 συμϐεϐηκόσι
1596 1393 1760 1445 πάθοι
1789 1393 1919 1457 ;Τίς
1945 1390 2031 1444 οὖ-

439 1499 548 1546 τως
574 1481 790 1553 ἀπαθὴς
824 1484 922 1553 τὴν
953 1482 1167 1554 ψυχήν;
1201 1483 1297 1546 Τίς
1322 1482 1494 1545 οὕτως
1524 1483 1616 1535 τὸν
1642 1484 1841 1554 τρόπον
1875 1482 2026 1551 σιδή-

443 1590 586 1644 ρεος,
648 1573 720 1636 ὡς
767 1575 1034 1645 ἀναλγητὶ
1077 1573 1136 1626 τὸ
1189 1575 1402 1645 συμϐάν
1451 1574 1739 1641 δέξασθαις
1785 1575 2027 1643 Ἐγνωτε

443 1665 660 1728 πάντως
678 1665 774 1736 τὴν
804 1666 929 1718 νέαν
978 1665 1184 1736 ταύτην
1214 1666 1544 1737 περιστεράν
1573 1666 1668 1738 τὴν
1698 1669 2029 1738 ἐντρεφομέο

441 1774 540 1828 νην
559 1759 624 1828 τῇ
658 1757 908 1828 βασιλικῇ
943 1757 1124 1826 καλιᾷ,
1153 1757 1250 1826 τὴν
1287 1759 1411 1828 ἄρτι
1442 1758 1538 1827 μὲν
1564 1760 1940 1830 πτερουμένην
1969 1761 2027 1811 ἐν

440 1848 680 1921 λαμπρῷ
713 1848 791 1920 τῷ
825 1849 1029 1920 πτερῷ,
1067 1851 1381 1920 ὑπερϐᾶσαν
1419 1849 1475 1902 δὲ
1518 1851 1616 1918 τὴν
1659 1851 1875 1921 ἡλικίαν
1907 1851 2027 1914 ταῖς

441 1939 678 2010 χάρισιν,
713 1941 862 2004 ὅπως
885 1941 1086 2007 ἀφεῖσα
1126 1941 1224 2011 τὴν
1258 1939 1452 1994 καλιάν
1490 1941 1727 2010 οἴχεται·
1752 1943 1899 2004 ὅπως
1924 1939 2028 2004 ἔξω

437 2029 550 2083 τῶν
571 2030 864 2102 ὀφθαλμῶν
891 2032 1048 2102 ήμῶν
1082 2031 1322 2102 άπὲπτη,
1357 2032 1502 2094 ὅπως
1537 2032 1708 2102 αὑτὴν
1754 2031 1962 2103 ἀθρόως
1999 2032 2028 2083 ὁ

442 2121 634 2189 φθόνος
651 2121 757 2174 τῶν
784 2123 981 2193 χειρῶν
997 2123 1155 2194 ἡμῶν
1183 2123 1509 2193 ἀφήρπασεν
1527 2138 1540 2153 ⁸
1565 2123 1673 2176 εἴτε
1702 2139 1766 2176 πε
1776 2123 2029 2195 ριστεράν

441 2215 548 2284 χρὴ
575 2214 754 2282 λέγειν
784 2214 1008 2286 ταύτην,
1034 2215 1143 2269 εἴτε
1185 2215 1437 2279 νεοθαλὲς
1464 2213 1644 2278 ἄνθος,
1675 2215 1703 2268 ὃ
1725 2213 1882 2268 οὔπω
1930 2215 2029 2285 μὲν

440 2304 561 2356 ὅλον
595 2304 702 2356 τῶν
732 2303 984 2357 καλύκων
1017 2303 1496 2373 ἐξέλαμψεν,άλλά
1541 2304 1601 2356 τὸ
1637 2304 1737 2376 μὲν
1778 2304 2024 2376 ἔλαμπεν

441 2396 564 2466 ἢδη,
588 2395 650 2447 τὸ
686 2395 743 2449 δὲ
775 2395 1010 2467 λάμψειν
1038 2397 1296 2467 ἠλπίζετο
1315 2414 1328 2428 ·
1354 2398 1446 2450 καὶ
1474 2399 1624 2468 ὅμως
1654 2401 1711 2450 ἐν
1733 2398 1812 2470 τῷ
1847 2399 2032 2470 μικρῷ

439 2503 499 2539 τε
535 2489 629 2540 καὶ
662 2486 844 2540 ἀτελεῖ
879 2488 1263 2557 ὑπερέλαμπεν
1296 2503 1309 2516 ’
1347 2488 1494 2550 ὅπως
1519 2487 1730 2557 ἀθρόως
1751 2490 2028 2562 ἐναπέσϐη

441 2577 507 2646 τῇ
540 2576 758 2639 κάλυκι,
786 2578 880 2630 καὶ
927 2578 1057 2647 πρὶν
1094 2578 1174 2639 εἰς
1211 2577 1396 2647 ἀκμὴν
1450 2578 1756 2649 προελθεῖν,
1783 2581 1878 2632 καὶ
1909 2581 2029 2633 ὅλον

439 2665 637 2737 εὐωδίᾳ
672 2666 904 2719 πετάσαι
928 2668 987 2720 τὸ
1019 2667 1198 2730 ἄνθος,
1237 2669 1369 2721 αὑτὸ
1403 2670 1533 2740 περὶ
1566 2671 1726 2723 ἑαυτὸ
1752 2673 2032 2744 κατερρύη

440 2758 534 2810 καὶ
571 2757 718 2812 κόνις
744 2755 982 2824 ἐγένετο,
1016 2755 1044 2809 ὃ
1071 2755 1194 2809 οὕτε
1224 2757 1486 2828 ὲδρέψατό
1515 2777 1620 2822 τις.
1652 2759 1773 2812 οὔτε
1797 2763 2028 2829 ἐστεφα-

440 2847 649 2899 νώσατο
677 2861 692 2876 ·
728 2847 863 2900 ἀλλά
912 2848 1089 2917 μάτην
1136 2848 1169 2918 ἡ
1200 2847 1362 2916 φύσις
1401 2850 1666 2919 ἐπόνησεν
1694 2867 1707 2880 ·
1745 2846 1804 2904 οὗ
1843 2852 1904 2904 τὸ
1933 2855 2031 2922 μὲν

441 2937 643 3006 ἀγαθὸν
673 2926 731 2990 ἐν
755 2939 967 2990 ἐλπίσιν
1008 2935 1098 3009 ἦν,
1127 2941 1154 2991 ὁ
1181 2939 1238 2992 δὲ
1275 2939 1468 3008 φθόνος
1498 2939 1685 3010 ξίφους
1709 2942 1864 3012 δίκην
1897 2944 2032 2997 πλά-

441 3043 556 3096 γιος
591 3027 847 3098 ἐμπεσὼν
890 3029 988 3097 τὴν
1041 3028 1230 3080 ἐλπίδα
1285 3027 1556 3097 διέκοψεν.
1587 3029 1816 3100 Σεισμός
1850 3048 1934 3094 τις
1961 3027 2030 3102 ἦν

2127 583 2235 622 non
2277 583 2493 630 omnes.
2541 568 2606 621 ad
2647 583 2788 637 quos
2816 568 3224 622 incommodum
3257 570 3418 624 simul
3448 573 3711 640 pertinet,

2126 659 2378 713 concioni
2427 661 2700 713 intersunt
2738 675 2753 710 :
2791 667 3032 712 attamen
3079 675 3176 729 per
3207 676 3303 716 eos
3339 663 3434 731 qui
3485 664 3711 728 adsunt,

2131 749 2365 803 forsitan
2393 733 2555 803 etiam
2603 751 2660 804 in
2689 749 2945 803 absentes
2980 751 3161 803 oratio
3190 749 3582 822 divulgabitur.
3616 753 3712 806 Et-

2132 843 2277 897 enim
2308 843 2476 896 etiam
2525 841 2600 894 illi
2632 841 2756 895 boni
2793 849 2846 895 et
2888 841 3159 895 commodi
3197 842 3396 896 tuediei
3430 853 3582 908 sunt,
3613 845 3710 914 qui

2128 936 2396 990 adversus
2443 935 2770 990 exet-lientes
2816 941 2872 987 et
2922 943 3245 1003 superantes
3271 934 3491 990 dolores
3537 947 3709 992 artem

2128 1026 2442 1081 adhibendo
2476 1027 2809 1088 consistunt,
2851 1039 3066 1086 eorum,
3119 1039 3240 1092 quae
3286 1024 3468 1080 minus
3503 1026 3712 1083 doloris

2130 1117 2358 1181 faciunt,
2399 1119 2664 1172 malorum
2698 1117 3040 1170 curationem
3067 1115 3401 1169 dill‘ereutes.
3437 1114 3712 1181 Quemad-

2130 1210 2348 1263 tnodum
2391 1217 2570 1262 autem
2622 1210 2815 1262 harum
2864 1222 3044 1262 rerutn
3087 1207 3245 1276 periti
3286 1207 3460 1270 aiunt,
3509 1210 3554 1262 si
3601 1210 3712 1262 duo

2130 1301 2293 1356 simul
2341 1301 2432 1354 ιιιιί
2465 1300 2683 1369 corpori
2725 1300 2944 1352 dolores
2974 1298 3296 1359 acciderint,
3337 1313 3464 1351 eum
3497 1299 3588 1367 qui
3617 1315 3713 1352 ex-

2129 1400 2350 1462 superet
2399 1407 2463 1445 ac
2493 1391 2806 1445 dominetur
2849 1389 3026 1444 solum
3070 1390 3287 1454 sentiri,
3321 1393 3712 1458 exsuperantia

2129 1485 2473 1554 prmvaleutis
2501 1484 2784 1540 cruciatus
2821 1483 3088 1538 minorem
3133 1483 3377 1536 dolorem
3405 1483 3562 1551 quasi
3599 1482 3716 1535 sui.

2131 1577 2349 1632 furante
2383 1594 2398 1631 :
2446 1577 2590 1632 idem
2622 1577 2787 1631 etiam
2834 1575 2891 1629 in
2925 1590 2986 1629 re
3017 1575 3273 1644 przesenti
3309 1574 3712 1628 animadverto.

2127 1667 2263 1722 Nam
2296 1676 2352 1722 et
2383 1683 2560 1722 novus
2587 1674 2883 1734 nosterque
2913 1667 3173 1736 preprius
3200 1665 3376 1730 dolor,
3417 1667 3483 1721 iis
3522 1668 3712 1732 rebus,

2131 1775 2364 1830 quarum
2415 1758 2675 1813 memoria
2712 1756 2873 1811 nobis
2903 1757 3100 1812 acerba
3153 1764 3258 1822 est,
3307 1757 3508 1822 acrior,
3550 1767 3716 1828 atque

2129 1850 2508 1906 vehementior
2543 1858 2648 1905 est.
2684 1848 2822 1903 Nam
2847 1849 2940 1918 qtti
2971 1847 3149 1918 possit.
3181 1847 3384 1917 aliquis
3411 1849 3481 1902 ob
3503 1863 3565 1902 ea
3591 1865 3715 1918 qum

2129 1939 2474 2004 acciderunt,
2501 1955 2610 1994 non
2641 1937 2816 1993 allici?
2848 1938 2987 2004 Quis
3011 1940 3197 1993 anin'to
3237 1938 3374 1993 adeo
3402 1938 3616 1995 alienus
3646 1941 3716 1994 ab

2130 2032 2415 2087 atl‘cctibus
2441 2031 2570 2088 est?
2618 2032 2758 2098 Quis
2784 2031 2922 2088 adeo
2965 2032 3214 2086 moribus
3245 2032 3456 2087 ferreus
3508 2041 3614 2098 est,
3657 2042 3716 2086 ut

2131 2125 2338 2194 absque
2365 2124 2557 2178 dolore
2585 2123 2730 2194 quod
2763 2123 2985 2188 accidit,
3019 2123 3297 2192 excipiat?
3345 2123 3531 2180 Nos-tis
3561 2141 3718 2194 μνον-ο

2131 2227 2253 2266 sum
2283 2221 2525 2266 teneram
2573 2213 2715 2266 hanc
2747 2213 3082 2280 columbam,
3127 2228 3250 2283 quae
3295 2215 3350 2269 in
3399 2214 3530 2268 nido
3565 2218 3717 2291 regio

2132 2305 2499 2371 nutriebatur,
2538 2321 2659 2376 qua
2684 2304 2798 2376 jam
2837 2307 3074 2376 primum
3104 2305 3326 2376 quidem
3356 2307 3548 2363 nitidis
3584 2323 3718 2378 peu-

2132 2397 2217 2450 nis
2251 2396 2490 2455 volucris
2522 2397 2811 2460 evadebat,
2855 2397 2949 2451 sed
2989 2405 3200 2452 aetatem
3237 2398 3434 2468 gratiis
3455 2407 3511 2453 et
3544 2401 3718 2453 virtu--

2133 2486 2282 2538 tibus
2317 2486 2630 2554 superabat,
2671 2494 2730 2540 ut
2774 2487 2966 2540 relicto
3011 2486 3138 2540 nido
3185 2486 3523 2554 discesserit,
3559 2498 3618 2542 ut
3649 2507 3716 2544 ex

2132 2577 2311 2630 oculis
2338 2577 2545 2631 nostris
2570 2576 2890 2640 avolaverit,
2920 2584 2979 2630 ut
3008 2592 3132 2630 eam
3165 2578 3370 2632 invidia
3403 2593 3627 2650 repente
3649 2585 3718 2637 de

2133 2667 2388 2721 manibus
2425 2669 2627 2722 nostris
2667 2667 2932 2737 rapuerit,
2968 2670 3084 2724 sive
3117 2671 3428 2726 columbam
3463 2673 3601 2728 hanc
3635 2675 3720 2729 di-

2132 2769 2259 2808 cere
2289 2762 2531 2823 oportet.
2579 2755 2694 2809 sive
2727 2769 2918 2810 recens
2965 2755 3326 2825 pullulautem
3377 2758 3589 2824 ﬂorem,
3622 2763 3719 2832 qui

2133 2845 2375 2898 nondum
2413 2846 2632 2915 quidem
2686 2854 2800 2902 toto
2831 2862 2932 2902 suo
2966 2848 3258 2919 splendore
3289 2863 3355 2905 ex
3386 2854 3616 2922 gemmis
3652 2869 3721 2910 ac

2134 2935 2348 3004 vaginis
2369 2935 2708 2996 emersisset,
2743 2937 2838 2990 sed
2863 2939 3058 3006 partim
3090 2939 3308 3008 quidem
3335 2940 3448 3010 jam
3477 2945 3716 3000 enituis-

2133 3033 2236 3090 set,
2274 3027 2470 3094 partim
2502 3042 2630 3080 vero
2659 3027 2712 3080 in
2749 3027 2925 3080 lucem
2977 3043 3299 3084 emersurus
3345 3044 3663 3100 speraretur
3701 3055 3714 3090 :

441 3119 722 3189 ἄντικρυς,
746 3119 986 3187 ἀδελφοὶ,
1021 3119 1082 3171 τὸ
1115 3119 1406 3190 γενόμενον
1426 3137 1440 3150 ·
1475 3121 1717 3191 σεισμὸς,
1747 3121 1898 3174 οὐδὲν
1921 3123 2027 3174 τῶν

2137 3131 2236 3170 nec
2267 3132 2332 3170 eo
2361 3117 2540 3171 minus
2569 3117 2623 3170 in
2665 3118 2860 3188 exigua
2895 3127 3060 3188 atque
3107 3120 3420 3190 imperfecta
3451 3124 3545 3178 sui
3567 3136 3721 3194 parte

442 3212 698 3284 χαλεπῶν
739 3211 1160 3281 συμπτωμάτων
1207 3211 1733 3283 φιλανθρωπότερος.
1782 3214 1856 3266 Οὑ
1925 3213 2030 3285 γὰρ

442 3305 648 3373 ἄψυχον
698 3302 1147 3373 οἰκοδομημάτων
1200 3303 1394 3366 κάλλος
1456 3304 1818 3374 διελυμήνατο
1847 3321 1860 3335 ⁸
1907 3305 2030 3358 οὐδὲ

442 3392 688 3455 εὐανθεῖς
720 3393 958 3464 γραφάς,
989 3393 1023 3463 ἢ
1043 3393 1203 3446 λίθων
1227 3393 1529 3465 περικαλλῆ
1559 3395 1804 3464 θεάματα
1827 3397 1906 3458 είς
1926 3396 2029 3467 γῆν

445 3480 776 3536 κατέϐαλεν·
804 3483 918 3534 ἀλλ’
952 3484 1122 3554 αὑτῆς
1166 3485 1265 3555 τῆς
1318 3484 1533 3554 φύσεως
1576 3486 1638 3538 τὸ
1687 3485 2027 3558 οἰκοδόμημα

442 3572 694 3646 λαμπρὸν
743 3574 822 3646 τῷ
871 3576 1075 3636 κάλλει,
1125 3577 1577 3647 ὑπεραστράπτον
1618 3581 1736 3640 ταῖς
1771 3577 2024 3650 χάρισιν,

441 3665 653 3737 ἁθρόως
683 3666 1006 3738 προσπεσὼν
1033 3670 1061 3722 ὀ
1091 3668 1311 3739 σεισμὸς
1331 3661 1486 3732 οὗτος
1505 3669 1762 3722 διέλυσεν.

2137 3210 2338 3263 mirum
2396 3209 2450 3262 in
2507 3209 2726 3262 modum
2783 3211 3204 3280 resplenderet:
3265 3225 3325 3268 ut
3384 3227 3610 3286 repente
3664 3221 3720 3274 in

2131 3316 2340 3368 gemma
2363 3301 2714 3365 emarcucrit,
2745 3316 2809 3355 ac
2839 3302 3158 3372 priusquam
3186 3305 3253 3359 ad
3284 3321 3445 3360 suum
3475 3309 3716 3379 vigorem

2133 3391 2496 3461 pervenisset,
2540 3407 2606 3447 ac
2635 3408 2912 3447 smnmum
2957 3394 3355 3451 iucrementmn
3404 3407 3600 3454 nactus
3631 3416 3720 3454 es—

2131 3496 2236 3552 set,
2283 3494 2570 3554 totutnque
2618 3501 2745 3539 eum
2792 3487 2945 3540 suavi
2971 3486 3137 3541 odore
3170 3487 3421 3544 decorem
3459 3491 3722 3560 panderet

2129 3592 2193 3630 ac
2219 3576 2572 3640 dill‘uuderet,
2603 3578 2720 3646 ipse
2761 3577 2911 3631 circa
2944 3593 3002 3631 se
3031 3577 3325 3634 deﬂuxerit
3351 3590 3406 3636 et
3436 3582 3492 3635 in
3535 3583 3722 3652 pulve-

2120 3684 2234 3723 rem
2269 3668 2527 3722 redactus
2559 3669 2652 3732 sit,
2686 3684 2848 3737 quem
2883 3684 3059 3738 neque
3089 3673 3382 3742 quisquam
3416 3673 3722 3745 decerpsit,

442 3773 620 3829 neque
649 3761 874 3816 coronis
902 3759 1202 3829 adoptavit,
1247 3760 1344 3815 sed
1390 3761 1594 3816 frustra
1627 3769 1822 3816 natura
1864 3761 2180 3816 laboravit:
2229 3761 2320 3814 ubi
2354 3760 2558 3814 bonum
2621 3760 2840 3829 quidem
2874 3772 2993 3816 erat
3041 3763 3094 3817 in
3157 3779 3253 3832 spe
3317 3773 3373 3820 et
3439 3778 3723 3838 exspecta-

441 3856 613 3917 tione,
661 3853 864 3907 invidia
896 3869 1025 3908 vero
1067 3854 1230 3922 gladii
1281 3855 1454 3910 instar
1496 3871 1561 3910 ex
1607 3863 1930 3911 transverso
1969 3859 2187 3910 irruens
2257 3871 2404 3924 spem
2468 3855 2787 3923 interrupit.
2843 3857 3216 3912 Terraamotus
3275 3861 3501 3930 quilam
3541 3867 3721 3934 plane,

443 3939 678 4006 fratres,
743 3955 862 3997 erat
942 3944 998 3998 id
1067 3945 1214 4013 quod
1291 3945 1536 4012 accidit,
1602 3953 1948 4001 terrasmotus
2011 3947 2223 4001 acerbis
2265 3945 2488 3999 casibus
2543 3945 2716 3999 nihilo
2777 3947 2960 4000 mitior
3049 3948 3162 4003 Non
3221 3952 3365 4004 enirn
3421 3953 3721 4011 inanitmnu

444 4033 798 4087 aediﬁciorum
829 4034 998 4090 decus
1046 4035 1446 4092 labefactavit:
1482 4051 1659 4107 neque
1721 4037 1942 4092 lloridas
1981 4039 2230 4108 picturas
2297 4045 2391 4089 aut
2435 4036 2673 4104 lapidum
2731 4038 2944 4090 eximiae
3012 4039 3436 4106 pulchritudinis
3509 4054 3723 4113 specta.

443 4127 566 4178 cula
612 4129 761 4180 humi
797 4129 1093 4197 prostravit
1129 4146 1142 4182 :
1173 4129 1267 4183 sed
1301 4129 1478 4198 ipsius
1501 4140 1715 4184 natura:
1744 4131 2034 4185 :cdiliciutn
2091 4128 2508 4199 pulchritudine
2543 4129 2933 4198 splendidum,
2979 4134 3276 4199 gratiarum
3331 4149 3396 4188 ac
3456 4137 3720 4192 virtutum

445 4220 660 4287 fulgore
693 4222 988 4284 excellens,
1027 4229 1250 4290 repente
1280 4220 1482 4290 impetu
1513 4223 1654 4277 facto
1685 4229 2028 4277 terratmotns
2061 4223 2152 4274 hic
2182 4220 2455 4274 dissolvit.

517 4307 668 4364 Εἶδον
689 4310 800 4380 ἐγὼ
830 4311 923 4365 καὶ
954 4312 1014 4365 τὸ
1043 4314 1242 4384 ὑψηλὸν
1270 4313 1444 4385 ἔρνος,
1473 4315 1564 4368 τδν
1601 4315 1864 4386 ὑψίκομον
1902 4317 2018 4385 φοί-ο

2193 4311 2318 4365 Vidi
2350 4327 2452 4383 ego
2474 4312 2638 4366 etiam
2672 4312 2908 4368 sublime
2944 4313 3076 4367 illud
3121 4328 3367 4383 germen,
3400 4315 3718 4376 altieomam

443 4421 569 4459 νικα
597 4405 675 4474 (τὸ
703 4403 978 4474 βασιλικόν
1012 4423 1152 4476 φημι
1194 4407 1416 4478 κράτος)
1441 4408 1531 4460 τὸν
1570 4411 1691 4470 ταῖς
1726 4408 2028 4478 βασιλικαῖς

445 4497 670 4567 ἀρεταῖς
695 4491 809 4549 οἷόν
857 4515 965 4550 τισι
1013 4497 1225 4562 κλάδοις
1256 4497 1439 4569 πάσης
1467 4499 1885 4568 ὑπερανεστὼτα
1933 4499 2031 4568 τῆς

443 4587 771 4657 οἰκουμένης
800 4588 910 4640 καὶ-
941 4589 1118 4641 πάντα
1161 4589 1596 4658 διαλαμϐάνοντα
1631 4605 1644 4619 ο
1679 4585 1816 4643 εἶδον
1869 4590 2035 4643 αὑτὸν.

445 4677 555 4728 τῶν
583 4675 684 4746 μὲν
709 4676 882 4730 ἄλλων
910 4677 1232 4746 κρατοῦντα,
1255 4681 1320 4748 τῇ
1351 4679 1406 4731 δὲ
1433 4678 1590 4746 φύσει
1625 4678 2028 4748 καμπτόμενον,

445 4767 542 4822 καὶ
589 4766 726 4838 πρὸς
786 4767 884 4838 τὴν
923 4765 1194 4836 ἀποϐολὴν
1240 4767 1335 4820 τοῦ
1379 4767 1572 4832 ἄνθους
1603 4768 2026 4839 ἐπικλινόμενον.

450 4855 602 4913 Εἶδον
637 4859 730 4912 καὶ
763 4857 860 4928 τὴν
889 4857 1082 4926 εὐγενῆ
1113 4857 1412 4928 κληματίδα
1431 4857 1528 4928 τὴν
1567 4858 2032 4929 περιειλημμένην

444 4949 523 5022 τῷ
549 4952 773 5021 φοίνικι,
811 4950 911 5021 τὴν
958 4950 1018 5002 τὸ
1051 4949 1210 5012 ἄνθος
1241 4952 1372 5018 ἡμῖν
1407 4951 1565 5002 τοῦτο
1595 4951 1882 5015 ὡδίνασαν,
1913 4951 2031 5014 οἵας

448 5043 656 5113 ὑπέστη
683 5045 746 5095 ἐκ
766 5040 1021 5112 δευτέρου
1050 5040 1210 5093 πάλιν
1235 5041 1428 5103 ὠδῖνας
1445 5043 1502 5094 ὲν
1516 5042 1684 5111 ψυχῇ,
1711 5044 1811 5095 οὑκ
1840 5045 1896 5095 ἐν
1929 5042 2032 5094 σώο

447 5152 576 5206 ματι
605 5174 620 5198 ,
654 5135 743 5188 ὅτε
791 5133 961 5202 αὐτῆς
1015 5127 1170 5196 οὗτος
1197 5135 1226 5185 ό
1275 5131 1500 5201 βλαστὸς
1541 5133 1859 5187 ἀπετίλλετο
1889 5151 1902 5165 ο
1936 5134 2032 5197 Τίς

445 5223 789 5285 ἀστενάκτως
824 5221 886 5273 τὸ
911 5221 1079 5283 πάθος
1107 5219 1494 5290 παρέδραμενς
1523 5221 1620 5284 Τίς
1651 5222 1752 5290 τὴν
1783 5220 1880 5274 τοῦ
1915 5221 2030 5291 βίου

447 5313 648 5382 ζημίαν
677 5315 776 5366 οὑκ
823 5313 1142 5384 ᾡλοφύρατο
1173 5329 1188 5376 ;
1223 5312 1316 5375 Τίς
1355 5312 1456 5366 οὑκ
1482 5311 1734 5382 ἐπαφῆκε
1761 5313 1839 5384 τῷ
1870 5313 2031 5367 πάθει

445 5402 654 5473 δάκρυα
693 5421 707 5468 ;
749 5405 844 5466 Τίς
897 5404 959 5456 οὑ
1018 5401 1276 5473 κατέμιξε
1328 5405 1393 5473 τῇ
1446 5405 1596 5474 κοινῇ
1654 5403 1886 5474 συνῳδία
1937 5403 2030 5458 τοῦ

449 5494 646 5564 θρήνου
672 5495 772 5558 τάς
821 5496 955 5558 ἰδίας
989 5495 1209 5564 φωνάς;
1241 5486 1395 5546 Εἶδον
1423 5493 1602 5562 θέαμα
1644 5495 1856 5560 πιστὸν,
1878 5495 1908 5548 ὂ
1931 5497 2030 5548 οὑκ

448 5584 515 5640 ἄν
538 5589 617 5650 είς
643 5587 820 5640 πίστιν
843 5588 982 5642 ἔλθοι
1007 5590 1118 5651 τοῖς
1145 5589 1281 5657 ἀκοῇ
1313 5587 1773 5658 παραδεχομένοις
1801 5588 1871 5640 τὰ
1899 5587 2030 5642 θαύ-

2135 4403 2374 4470 patrnam
2416 4400 2844 4472 (imperatoriam
2882 4401 3008 4457 dico
3039 4405 3358 4472 potentiam)
3397 4421 3519 4474 qua:
3547 4408 3721 4480 impe-

2135 4493 2362 4548 ratoriis
2408 4493 2708 4548 virtutibus
2763 4494 2924 4548 veluti
2972 4495 3141 4550 ramis
3176 4497 3506 4564 quibusdam
3553 4515 3720 4570 supra

2133 4597 2350 4636 omnem
2381 4583 2585 4637 eminet
2618 4583 2802 4636 orbetu
2837 4593 3129 4644 terrarum,
3181 4593 3236 4638 et
3280 4586 3467 4640 omnia
3517 4590 3726 4659 ample-

2133 4675 2338 4739 ctitur;
2364 4673 2497 4738 vidi,
2523 4675 2767 4744 inquam,
2792 4692 2916 4730 eum
2948 4685 3180 4732 caeteros
3207 4678 3426 4743 quidem
3459 4695 3726 4750 superan-

2134 4775 2240 4821 tem
2274 4776 2440 4836 atque
2473 4767 2801 4835 vincentem,
2841 4779 3052 4825 natura:
3081 4787 3213 4825 vero
3241 4749 3718 4842 succumbentem,

2140 4867 2196 4913 et
2221 4857 2293 4913 ob
2324 4859 2591 4914 amissum
2621 4858 2810 4914 ﬂorem
2839 4861 3118 4916 inclinari.
3173 4861 3297 4916 Vidi
3328 4864 3456 4918 item
3491 4881 3723 4933 genero-

2135 4965 2255 5005 sam
2306 4951 2456 5004 illam
2507 4952 2673 5006 vitem
2727 4967 2890 5021 quam
2927 4954 3105 5022 palma
3141 4956 3389 5023 amplexa
3428 4963 3544 5018 est,
3603 4973 3724 5026 quae

2136 5042 2327 5096 liorem
2371 5043 2518 5096 hunc
2560 5044 2721 5098 nobis
2769 5055 3095 5113 pepererat,
3151 5047 3471 5113 qualesnam
3523 5047 3723 5102 iterum

2135 5136 2204 5191 de
2241 5136 2457 5205 integro
2485 5136 2642 5204 quasi
2677 5138 2896 5204 pariens
2941 5137 3164 5190 dolores
3214 5139 3418 5202 animo,
3457 5149 3564 5194 non
3600 5156 3726 5194 cor-

2135 5240 2265 5293 pore
2286 5226 2574 5288 sustinuit,
2605 5242 2729 5280 cqu
2766 5226 2868 5278 hoc
2900 5227 2970 5280 ab
3001 5242 3065 5279 ea
3099 5242 3320 5296 germen
3355 5230 3726 5286 avelleretur?

2134 5317 2270 5383 Quis
2306 5319 2515 5388 absque
2547 5319 2806 5389 lacrymis
2835 5319 3044 5374 cladem
3083 5319 3388 5388 praeteriit?
3436 5317 3572 5388 Quis
3597 5324 3724 5377 vita:

2133 5410 2394 5478 damnum
2424 5426 2531 5464 non
2579 5410 2920 5479 deploravit?
2955 5409 3092 5476 Quis
3122 5411 3422 5466 calamitati
3452 5429 3557 5466 non
3596 5415 3718 5467 illa-

2133 5511 2417 5571 crymatus
2445 5510 2527 5556 est
2557 5503 2580 5554 ?
2633 5503 2768 5567 Quis
2821 5503 3100 5556 communi
3133 5505 3428 5557 concentui
3461 5503 3545 5556 Ian
3569 5513 3722 5557 enta.

2135 5593 2302 5647 tionis
2335 5609 2465 5649 suas
2498 5610 2660 5650 voces
2689 5611 2796 5649 non
2829 5595 3162 5652 admiscuit?
3192 5594 3315 5650 Vidi
3345 5596 3721 5666 spectaculum
