4132 6356
409 386 516 442 837

1680 383 1739 438 s.
1775 379 2106 439 GREGORII
2133 377 2422 435 NYSSENI
2502 352 2524 380 τ’

3545 367 3651 429 86‘?

411 511 624 556 certum
652 511 707 556 et
736 503 1098 571 exploratum,
1131 502 1276 571 quod
1313 502 1403 571 qui
1434 500 1714 554 auditione
1749 515 1813 554 ac
1843 497 1984 553 fama

2093 516 2254 570 ματα.
2296 494 2447 550 Εἶδον
2471 495 2530 558 ἐξ
2550 490 2847 564 ἀνθρώπων
2878 489 3108 558 πέλαγος
3140 488 3205 556 τῇ
3237 485 3657 555 πυκνότητιπίω

413 593 680 646 miracula
714 593 1009 661 accipiunt,
1048 607 1156 644 non
1206 593 1452 645 credant.
1485 589 1600 644 Vidi
1635 590 1860 660 pelagus
1893 589 1990 641 ho-

411 683 643 746 minum,
679 684 823 752 quod
862 683 1169 750 frequentia
1199 689 1678 751 congregatorum,
1725 688 1988 749 tanquam

413 787 554 841 aqua
585 773 833 842 quaedam
859 773 912 826 in
941 787 1130 826 omnes
1161 779 1344 840 partes
1373 786 1495 826 sese
1522 773 1698 827 oculis
1728 771 1943 824 offerret
1972 788 1985 823 :

413 864 632 932 plenum
665 873 782 917 erat
812 863 1099 932 templum,
1149 863 1370 931 plenum
1417 863 1604 932 templi
1635 861 1984 923 vestibulum,

413 954 672 1022 adjuncta
721 955 929 1023 platea,
987 953 1310 1022 angiporta,
1364 953 1534 1014 bivia,
1571 952 1770 1016 media,
1805 961 1987 1005 trans-

411 1060 592 1107 versa,
629 1046 805 1113 ampla
835 1053 1099 1098 tectorum
1134 1045 1311 1112 spatia
1343 1061 1356 1098 :
1387 1043 1650 1113 quidquid
1682 1042 1984 1106 videbatur,

412 1135 694 1188 hominum
726 1136 942 1203 plenum
975 1142 1113 1196 erat,
1160 1134 1320 1203 quasi
1351 1142 1499 1188 totus
1531 1142 1801 1188 terrarum
1835 1132 1988 1187 orbis

414 1234 633 1294 prOpter
667 1225 877 1280 cladem
912 1233 966 1278 et
996 1224 1358 1278 infortunium
1397 1225 1528 1278 illud
1560 1226 1614 1278 in
1645 1240 1811 1278 unum
1854 1237 1988 1276 con-

411 1317 699 1370 currisset.
737 1315 1121 1385 Spertaculum
1154 1325 1336 1371 autem
1379 1317 1638 1371 omnibus
1671 1314 1987 1384 pr0positus

411 1416 530 1461 erat
558 1423 714 1463 sacer
736 1409 826 1463 ille
859 1407 984 1472 llos,
1012 1408 1104 1478 qui
1132 1407 1186 1462 in
1219 1421 1383 1462 aurea
1412 1407 1603 1461 lectica
1635 1405 1983 1462 allerebatur.

418 1499 486 1552 Ut
516 1499 762 1552 omnium
794 1497 1179 1566 aspicientium
1233 1497 1418 1551 vultus
1454 1496 1680 1550 demissi
1712 1509 1776 1549 ac
1803 1510 1893 1548 mu
1915 1495 1986 1549 sti

415 1591 602 1644 erant!
655 1588 726 1644 Ut
758 1590 1018 1661 lacrymis
1048 1589 1193 1643 oculi
1225 1587 1454 1658 oppleti,
1505 1602 1702 1641 manus
1736 1587 1878 1640 inter
1929 1601 1988 1641 se

415 1679 657 1739 collisae,
715 1677 952 1747 gemitus
1004 1678 1182 1732 adhuc
1217 1677 1472 1731 intimum
1513 1675 1697 1730 cordis
1745 1676 1986 1730 dolorem

414 1769 751 1822 indicantes!
800 1768 915 1822 Non
948 1768 1080 1821 mihi
1110 1769 1166 1821 in
1215 1768 1308 1821 illo
1343 1753 1588 1835 tempore
1636 1766 1889 1836 (forsitan
1921 1781 1987 1820 ne

413 1860 625 1915 casteris
649 1859 889 1929 quidetu,
917 1859 1011 1928 qui
1040 1869 1168 1914 tunc
1199 1857 1450 1928 aderant)
1479 1858 1654 1912 visum
1681 1864 1764 1912 est
1793 1871 1985 1910 aurum

414 1951 649 2003 naturali
684 1964 785 2004 suo
814 1951 1010 2004 decore
1056 1952 1326 2004 nitescere
1352 1989 1368 2013 ,
1415 1947 1714 2016 quinetiam
1748 1946 1986 2012 lapidum

416 2039 676 2108 fulgores,
710 2047 765 2093 et
794 2038 944 2092 aurei
979 2037 1167 2108 panni,
1209 2048 1264 2092 et
1303 2037 1514 2108 argenti
1562 2035 1902 2106 splendores,
1933 2041 1989 2102 et

415 2131 596 2185 lumen
625 2130 788 2201 ignis,
813 2129 955 2200 quod
989 2138 1042 2184 et
1069 2130 1296 2183 multum
1328 2137 1386 2184 et
1415 2127 1695 2197 copiosum
1719 2142 1783 2181 ex
1807 2134 1989 2180 trans-

412 2236 575 2276 verso
630 2221 886 2290 utrinque
951 2218 1362 2274 continentibus
1415 2217 1591 2273 cereis
1644 2216 1988 2285 lampadibus

413 2315 894 2384 praetendebatur:
943 2313 1127 2367 omnia
1180 2313 1326 2367 luctu
1370 2313 1534 2366 simul
1581 2311 1985 2381 nigrescebant,

413 2405 550 2458 nihil
599 2407 840 2460 oumium
883 2419 1067 2459 rerum
1114 2404 1426 2459 communis
1469 2404 1744 2458 mmstitiae
1793 2416 1988 2472 expers

412 2503 553 2549 erat.
602 2493 757 2549 Tunc
805 2494 969 2548 etiam
1019 2508 1247 2563 magnus
1293 2493 1458 2549 David
1505 2510 1637 2550 suos
1677 2495 1908 2566 hymnos
1935 2503 1990 2550 et

415 2584 634 2639 laudum
663 2585 1078 2639 decantationes
1104 2584 1581 2639 lamentationibus
1610 2584 1990 2655 accommoda-

412 2677 490 2729 vit
513 2715 528 2738 ,
573 2689 638 2728 ac
671 2689 768 2744 pro
799 2674 960 2727 hilari
995 2674 1164 2728 choro
1203 2682 1422 2745 sumpto
1466 2675 1697 2730 invicem
1731 2676 1877 2732 tristi
1927 2692 1990 2732 ac

414 2767 628 2835 lugubri
657 2765 946 2820 cantilenis
968 2765 1032 2818 ad
1070 2766 1486 2821 lamentationes
1511 2767 1777 2822 invitavit.
1813 2769 1989 2839 Atque

413 2854 560 2908 omni
599 2868 692 2922 per
744 2853 894 2905 illum
942 2853 1203 2922 temporis
1249 2854 1541 2908 articulum
1596 2857 1877 2925 voluptate
1920 2857 1991 2912 ab

416 2944 616 2998 animis
647 2945 803 3013 pulsa
837 2952 999 3014 atque
1031 2953 1328 3009 summota,
1373 2946 1505 3000 sola:
1542 2946 1792 3017 lat-ryuue
1819 2946 1992 3002 homi-

417 3040 582 3091 nibus
619 3034 885 3105 voluptati
920 3043 1094 3088 erant.

489 3127 756 3192 Quoniam
798 3128 964 3198 igitur
1007 3135 1296 3197 tantopere
1339 3142 1370 3181 a
1413 3128 1828 3197 perturbatione
1853 3132 1992 3184 ratio

416 3223 560 3276 vieta
595 3230 678 3277 est
710 3241 724 3276 :
755 3223 896 3276 haud
927 3222 1300 3292 importunum
1335 3221 1497 3276 fuerit
1525 3232 1758 3277 mentem
1796 3223 1994 3295 fatiga-

420 3323 531 3368 tam
593 3329 718 3368 cum
777 3316 991 3370 ratione
1041 3312 1289 3368 adhibito
1330 3314 1597 3380 consilio,
1649 3314 1829 3384 quoad
1875 3315 1996 3383 ejus

421 3405 535 3459 ﬁeri
582 3412 783 3475 potest,
825 3405 1053 3460 rellcere
1105 3412 1270 3476 atque
1305 3403 1650 3459 confirmare.
1686 3404 1993 3460 Periculum

417 3497 565 3550 enim
622 3498 766 3551 haud
821 3511 1048 3566 parvum
1097 3505 1217 3558 est,
1283 3510 1352 3550 ne
1396 3497 1443 3550 si
1492 3497 1546 3548 in
1604 3497 1706 3549 hoc
1750 3496 1995 3566 Apostoli

425 3586 573 3638 dicto
603 3585 890 3640 audientes
929 3599 1039 3638 non
1071 3583 1358 3644 fuerimus.
1400 3598 1510 3637 una
1539 3598 1661 3638 cum
1701 3599 1798 3653 spe
1829 3585 1998 3640 desti-

432 3675 571 3727 tutis
604 3674 1058 3728 condemnemur.
1101 3673 1192 3726 Ail
1223 3674 1392 3737 enim,
1441 3672 1898 3742 quemadmodum
1929 3689 1996 3729 ex

419 3782 507 3826 eo,
539 3765 633 3831 qui
668 3763 872 3817 dudum
914 3763 1200 3826 recitabat,
1241 3763 1571 3825 audivimus,
1610 3777 1715 3830 non
1745 3773 1997 3832 oportere

424 3855 647 3909 tristitia
678 3867 777 3907 nos
799 3853 932 3906 allici
958 3854 1179 3907 nomine
1206 3853 1590 3906 dormientium
1613 3854 1652 3904 ¹.
1690 3851 1818 3906 Eam
1848 3855 1994 3907 enim

426 3943 892 4013 perturbationem
956 3942 1172 3995 illorum
1208 3941 1474 3994 duntaxat
1514 3957 1658 4005 esse,
1701 3946 1792 4011 qui
1843 3958 1994 4012 spem

423 4051 532 4090 non
568 4035 824 4089 habeant.
878 4032 982 4088 Sed
1011 4031 1232 4096 dixerit,
1266 4031 1480 4101 opinor,
1514 4032 1714 4102 aliquis
1742 4034 1808 4086 de
1836 4049 1998 4103 grege

423 4127 922 4198 pusillanimorum,
955 4140 1018 4179 ea
1048 4141 1169 4194 qua;
1200 4124 1314 4178 fieri
1345 4140 1450 4178 non
1484 4125 1714 4193 possint,
1750 4123 1994 4178 divinum

423 4218 747 4288 Apostolum
779 4217 994 4287 jubere,
1030 4227 1084 4270 et
1112 4216 1227 4271 suis
1269 4216 1556 4286 prazccptis
1590 4231 1850 4285 superare
1895 4231 1997 4269 na-

427 4318 630 4363 turam.
665 4309 768 4375 Qui
809 4309 952 4363 enim
988 4308 1102 4361 fieri
1132 4315 1332 4376 potest,
1365 4313 1425 4360 ut
1458 4307 1746 4362 affectuum
1783 4319 1998 4377 pertur-

430 4389 704 4454 bationem
739 4408 960 4468 superet
992 4403 1036 4453 is
1067 4400 1159 4469 qui
1185 4399 1317 4452 vivit
1347 4399 1399 4451 in
1423 4407 1640 4462 natura,
1673 4414 1776 4453 neu
1813 4398 1997 4454 vinca-

2092 588 2440 643 συνεστώτων
2471 625 2486 650 ,
2520 581 2631 640 οἷον
2681 600 2734 636 τι
2783 582 2925 652 ὕδωρ
2971 580 3110 632 κατὰ
3165 578 3275 630 πᾶν
3333 575 3496 646 μέρος
3545 577 3658 636 τοῖς

2089 677 2384 748 ὀφθαλμοῖς
2429 673 2878 746 προφαινόμενον,
2921 669 3135 740 πλήρης
3173 670 3202 721 ὁ
3247 666 3368 729 ναός
3404 682 3418 696 ·
3453 665 3656 736 πλῆρες

2087 769 2181 822 τοῦ
2209 768 2339 822 ναοῦ
2385 767 2445 820 τὸ
2477 764 2800 838 προαύλιον,
2831 763 2865 832 ἡ
2918 759 3241 831 ἐκδεχομένη
3293 756 3517 810 πλατεῖα
3541 796 3555 818 ,
3588 753 3659 807 τὰ

2088 861 2323 930 ἄμφοδα,
2347 862 2380 931 ὴ
2417 860 2578 929 μέση,
2607 857 2677 912 τὰ
2700 857 2925 924 πλάγια,
2951 857 2988 926 ή
3019 853 3112 906 ἐπὶ
3145 851 3256 905 τῶν
3276 849 3540 919 δωμάτων
3567 847 3656 898 εὑ-

2090 953 2362 1025 ρυχωρία·
2393 953 2500 1005 πᾶν
2525 950 2586 1004 τὸ
2619 948 2893 1020 ὁρώμενον
2925 943 3225 1014 ἀνθρώπων
3255 941 3525 1010 πλήρωμα
3565 933 3653 1006 ἦν,

2087 1046 2274 1116 ὥσπερ
2298 1047 2478 1116 πάσης
2509 1045 2606 1113 τῆς
2633 1039 2956 1110 οἰκουμένης
2985 1037 3066 1098 είς
3093 1031 3286 1086 ταύτὸν
3315 1026 3653 1099 συνδραμού-

2091 1156 2190 1209 σης
2212 1138 2305 1190 ἐπὶ
2329 1137 2405 1206 τῷ
2426 1134 2608 1188 πάθει.
2639 1133 2829 1202 Θέαμα
2857 1129 2914 1182 δὲ
2947 1127 3233 1199 προέκειτο
3255 1124 3390 1176 πᾶσι
3406 1181 3408 1184 ν
3425 1121 3486 1173 τὸ
3516 1119 3657 1188 ἱερὸν

2087 1230 2245 1292 ἄνθος
2274 1231 2448 1282 ἐκεῖνο
2498 1225 2592 1280 ἐπὶ
2630 1224 2814 1293 κλίνης
2867 1219 3073 1292 χρυσῆς
3124 1215 3501 1286 κομιζόμενον.
3531 1209 3656 1271 Πῶς

2087 1324 2303 1392 κατηφῆ
2335 1320 2550 1375 πάντων
2579 1314 2647 1388 ἦν
2676 1317 2783 1370 τῶν
2833 1311 3222 1386 προσορῶντων
3246 1307 3315 1361 τὰ
3351 1304 3651 1377 πρόσωπαί

2087 1414 2211 1477 Πῶς
2249 1412 2623 1484 δεδακρυμένα
2649 1410 2717 1462 τὰ
2739 1409 2960 1479 ὄμματα
2984 1407 2998 1459 ι
3029 1406 3208 1476 χεῖρες
3237 1397 3492 1470 ἀλλήλαις
3535 1411 3657 1446 συν-

2086 1503 2484 1575 αρασσὸμεναιί
2519 1498 2808 1570 στεναγμοὶ
2841 1496 2976 1568 πρὸς
3010 1494 3218 1554 τούτοις
3245 1490 3342 1560 τὴν
3371 1485 3658 1556 ἐγκάρδιον

2087 1596 2278 1666 ὀδύνην
2298 1592 2770 1666 καταμηνύοντεςί
2811 1587 2884 1643 Οὔ
2926 1605 3013 1658 μοι
3035 1583 3179 1648 ἔδοξε
3210 1581 3348 1636 κατὰ
3377 1579 3475 1650 τῆν
3506 1576 3656 1647 ὥραν

2090 1665 2304 1756 ἐκείνην
2332 1684 2492 1754 (τάχα
2512 1683 2568 1736 δὲ
2595 1665 2716 1735 οῦδὲ
2742 1681 2854 1743 τοῖς
2878 1677 3052 1738 ἄλλοις
3074 1674 3182 1728 τῶν
3203 1672 3324 1726 τότε
3353 1667 3654 1739 παρόντων)

2086 1777 2184 1847 τὴν
2215 1779 2280 1830 ὲκ
2307 1775 2518 1844 φύσεως
2549 1774 2706 1844 χάριν
2732 1773 2761 1825 ὁ
2793 1769 2988 1841 χρυσὸς
3017 1764 3380 1827 ἀποστίλϐειν,
3399 1759 3532 1814 ἀλλὰ
3561 1759 3654 1812 καὶ

2089 1869 2142 1920 αἱ
2167 1866 2274 1920 τῶν
2303 1865 2464 1919 λίθων
2510 1865 2705 1932 αὐγαὶ,
2735 1861 2930 1916 καὶτὰ
2980 1861 3045 1913 ὲκ
3085 1855 3287 1930 χρυσοῦ
3335 1853 3652 1922 ὑφάσματα,

2088 1959 2182 2010 καὶ
2207 1958 2263 2010 αἱ
2295 1955 2388 2010 τοῦ
2413 1956 2652 2026 ἀργύρου
2697 1951 3088 2025 μαρμαρυγαὶ,
3117 1949 3210 2002 καὶ
3241 1945 3302 1999 τὸ
3331 1947 3395 1998 ὲκ
3421 1942 3516 1996 τοῦ
3550 1958 3654 1994 πυ·-

2092 2049 2181 2119 ρδς
2201 2048 2335 2116 φῶς,
2367 2046 2500 2100 πολύ
2537 2063 2596 2100 τε
2623 2047 2716 2099 καὶ
2754 2043 2983 2113 ἄφθονον
3028 2040 3167 2093 κατὰ
3192 2039 3261 2092 τὰ
3297 2036 3501 2104 πλάγια
3527 2036 3655 2086 ἑκα-

2087 2139 2322 2210 τέρωθεν
2349 2142 2415 2209 τῇ
2450 2139 2697 2210 συνεχείᾳ
2743 2136 2848 2189 τῶν
2893 2136 2964 2186 ὲκ-
3003 2132 3095 2185 τοῦ
3141 2128 3310 2201 κηροῦ
3359 2125 3655 2196 λαμπάδων

2088 2228 2544 2299 παρατεινόμενον
2583 2244 2597 2258 ο
2636 2227 2812 2280 πάντα
2861 2224 2938 2295 τῷ
2983 2221 3166 2276 πένθει
3214 2217 3651 2289 συνεμελαίνετο.

2089 2319 2182 2371 καὶ
2226 2318 2400 2373 πάντα
2452 2320 2661 2387 μετεῖχε
2692 2318 2787 2387 τῆς
2829 2316 3012 2385 κοινῆς
3042 2311 3361 2382 κατηφείας.
3393 2308 3525 2361 Τότε
3560 2307 3654 2359 καὶ

2087 2411 2116 2461 ὁ
2143 2409 2312 2479 μέγας
2339 2409 2500 2462 Δαϐὶδ
2521 2408 2620 2472 τὰς
2651 2407 2782 2470 ίδίας
2813 2406 3080 2478 ὑμνῳδίας
3107 2405 3216 2465 τοῖς
3252 2400 3466 2472 θρήνοις
3494 2399 3656 2468 ἔχρη-

2091 2514 2201 2561 σεν,
2243 2499 2338 2550 καὶ
2363 2498 2483 2551 ἀντὶ
2535 2498 2762 2567 φαιδρᾶς
2799 2494 3152 2567 χοροστασίας
3203 2488 3519 2561 μεταλαϐὼν
3557 2489 3655 2556 τὴν

2089 2589 2285 2660 γοεράν
2333 2605 2395 2641 τε
2453 2589 2547 2641 καὶ
2585 2588 2874 2657 πένθιμον,
2909 2585 3210 2650 ἐξεκαλεῖτο
3258 2584 3384 2645 τοὺς
3425 2581 3652 2652 θρήνους

2088 2679 2201 2740 τοῖς
2224 2676 2459 2746 μέλεσιν.
2498 2675 2682 2744 Πάσης
2706 2675 2762 2727 δὲ
2792 2673 2933 2728 κατὰ
2964 2673 3054 2725 τὸν
3079 2672 3266 2741 καιρὸν
3296 2672 3500 2723 ἐκεῖνον
3533 2668 3654 2738 ἠδο-

2089 2771 2185 2839 νῆς
2219 2769 2322 2822 τῶν
2351 2768 2536 2838 ψυχῶν
2565 2766 2944 2838 ἀπελαθείσης,
2979 2765 3136 2819 μόνον
3164 2761 3232 2835 ῆν
3267 2765 3324 2818 ὲν
3345 2763 3504 2833 ἡδονῇ
3542 2762 3654 2824 τοῖς

2090 2860 2392 2932 ἀνθρώποις
2414 2861 2472 2913 τὸ
2493 2860 2744 2931 δάκρυον.

2176 3124 2391 3197 Ἐπειδὴ
2435 3123 2613 3177 τοίνυν
2634 3120 2884 3176 τοσοῦτον
2912 3120 3118 3194 ἡττήθη
3151 3121 3246 3176 τοῦ
3276 3120 3477 3185 πάθους
3510 3123 3538 3174 ὁ
3568 3121 3658 3174 λο-

2094 3213 2323 3284 γισμὸς,
2367 3214 2556 3284 καιρὸς
2601 3213 2668 3266 ἂν
2719 3213 2802 3283 εἴη
2843 3211 2904 3265 τὸ
2956 3211 3232 3282 κεκμηκὸς
3271 3211 3372 3282 τῆς
3422 3211 3659 3273 διανοίας

2095 3305 2182 3358 διὰ
2229 3305 2328 3374 τῆς
2354 3306 2462 3357 τῶν
2513 3304 2788 3376 λογισμῶν
2828 3303 3136 3375 συμϐουλῆς
3183 3304 3258 3368 ὼς
3287 3305 3402 3356 ἐστι
3439 3304 3660 3359 δυνατὸν

2095 3396 2558 3467 ἀναρρώννυσθαι.
2622 3396 2879 3460 Κίνδυνος
2934 3396 3044 3467 γὰρ
3097 3397 3160 3448 οὐ
3231 3395 3456 3466 μικρὸς,
3517 3412 3657 3466 παρ·

2095 3487 2433 3550 ακούσαντας
2483 3488 2542 3540 ὲν
2594 3486 2766 3556 τούτῳ
2795 3487 2894 3554 τῆς
2935 3486 3029 3540 τοῦ
3087 3486 3408 3540 ’Λποστόλου
3468 3485 3653 3554 φωνῆς

2097 3577 2592 3648 συγκατακριθῆναι
2637 3579 2750 3640 τοῖς
2791 3577 3148 3640 ἀνελπίστοις.
3203 3579 3340 3649 Φησὶ
3395 3577 3524 3648 γὰρ,
3559 3596 3662 3632 κα-

2097 3669 2204 3732 θὼς
2256 3669 2347 3722 τοῦ
2390 3667 2930 3736 ὑπαναγινώσκοντος
2983 3669 3186 3739 ἀρτίως
3218 3669 3552 3740 ⁴ίγκούσαμεν,
3587 3671 3662 3744 μῆ

2095 3760 2202 3814 δεῖν
2246 3761 2338 3812 ἐπὶ
2382 3759 2488 3811 τῶν
2534 3760 2946 3830 κεκοιμημένων
2982 3760 3286 3814 λυπεῖσθαι.
3327 3762 3518 3816 Μόνων
3553 3763 3662 3833 γὰρ

2096 3849 2252 3902 τοῦτο
2280 3850 2388 3904 τῶν
2421 3851 2520 3902 οὐκ
2545 3851 2775 3920 ἐχόντων
2816 3849 3003 3904 ἐλπίδα
3032 3851 3093 3902 τὸ
3125 3851 3294 3916 πάθος
3323 3848 3479 3906 εἶναι.
3524 3853 3662 3908 Ἀλλ’

2097 3943 2240 3993 εἴποι
2271 3959 2352 4004 τις
2396 3942 2461 3995 ἂν
2481 3984 2496 4008 ,
2524 3938 2697 4011 οἶμαι,
2725 3942 2833 3994 τῶν
2881 3942 3381 4014 μικροψυχοτέρων,
3428 3944 3657 3998 ἀδύνατα

2098 4031 2340 4085 κελεύειν
2380 4033 2473 4085 τὸν
2527 4031 2666 4086 θεῖον
2689 4032 3029 4098 Ἀπόστολον,
3054 4032 3148 4086 καὶ
3195 4033 3540 4105 ὑπερϐαίνειν
3564 4034 3663 4106 τὴν

2097 4121 2260 4190 φύσιν
2295 4123 2405 4184 τοῖς
2436 4123 2789 4192 ἐπιτάγμασι.
2822 4123 2947 4184 Πῶς
2976 4124 3083 4194 γάρ
3111 4125 3224 4176 ἐστι
3247 4123 3469 4178 δυνατὸν
3492 4127 3660 4198 ὑπερ-
3691 4149 3694 4152 ’

2098 4213 2330 4285 αρθῆναι
2360 4211 2453 4266 τοῦ
2503 4213 2708 4277 πάθους
2737 4213 2828 4267 τὸν
2851 4215 2910 4266 ὲν
2937 4217 3004 4285 τῇ
3032 4214 3190 4282 φύσει
3231 4215 3429 4282 ζῶντα,
3466 4219 3556 4270 καὶ
3586 4219 3660 4289 μὴ

2099 4305 2429 4376 κρατηθῆναι
2475 4307 2541 4376 τῇ
2601 4305 2745 4377 λύπῃ
2799 4305 2892 4359 ἐπὶ
2950 4305 3172 4375 τοιούτῳ
3223 4307 3491 4378 θεάματι,
3537 4311 3662 4362 ὅταν

2101 4397 2174 4466 μὴ
2205 4395 2324 4450 καθ’
2353 4396 2502 4466 ὥραν
2529 4398 2585 4448 ὲν
2608 4397 2754 4466 γήρᾳ
2803 4397 3055 4468 συμπέσῃ
3103 4401 3132 4451 ὁ
3178 4397 3424 4463 θάνατος,
3465 4401 3578 4454 ἀλλ’
3606 4404 3664 4453 ἐν

428 4504 516 4545 tur
546 4492 614 4543 ab
644 4491 811 4543 animi
863 4491 1049 4545 dolore
1069 4530 1085 4554 ,
1138 4490 1208 4543 ob
1242 4491 1348 4544 tale
1372 4491 1743 4560 spectaculum
1774 4501 1991 4545 contra-

2096 4491 2160 4558 τῇ
2186 4487 2375 4560 πρώτῃ
2399 4488 2584 4558 ήλικίᾳ
2617 4487 2957 4558 κατασΰεσθῇ
2996 4489 3093 4558 μὲν
3118 4488 3194 4559 τῷ
3221 4490 3434 4562 θανάτῳ
3451 4491 3486 4562 ἡ
3505 4491 3620 4556 ὥρα
3640 4532 3663 4557 ν

426 4592 538 4643 ('ll),
574 4596 694 4634 cum
731 4595 837 4633 non
874 4595 974 4634 δυο
1000 4588 1242 4650 tempore
1277 4582 1331 4633 lll
1368 4591 1648 4635 senectute
1677 4597 1822 4635 lllOl'S
1861 4598 1994 4635 (⁵011*

425 4673 630 4743 tigerit,
675 4673 770 4726 sed
818 4672 873 4724 in
903 4671 1077 4741 prima
1107 4679 1262 4725 aetate
1298 4680 1469 4725 morte
1500 4673 1845 4741 pulchritudo
1874 4674 1995 4741 qui-

424 4763 546 4816 dem
604 4761 908 4822 aboleatur,
956 4761 1229 4829 palpebris
1279 4776 1404 4814 vero
1468 4762 1654 4816 radius
1709 4765 1992 4816 oculorum

425 4861 676 4920 tegatur,
732 4864 996 4920 genarum
1032 4849 1156 4903 item
1206 4851 1374 4903 rubor
1417 4851 1469 4903 in
1503 4851 1764 4919 pallorem
1812 4861 1996 4906 trans-

427 4951 688 5004 mutetnr,
734 4957 796 4995 os
834 4956 1052 5010 quoque
1094 4940 1312 4994 silentio
1342 4941 1673 5005 detineatur,
1709 4957 1774 4996 ac
1804 4942 1902 4998 llos
1939 4944 1995 4996 ia

428 5036 588 5090 labiis
627 5049 890 5104 apparere
944 5033 1137 5087 solitus
1175 5034 1449 5102 nigrescat
1482 5053 1493 5087 :
1529 5035 1691 5104 idque
1737 5051 1846 5089 non
1899 5052 1996 5105 pa-

429 5127 674 5181 rentibus
711 5125 872 5180 modo
898 5125 1155 5179 acerbum
1190 5123 1461 5189 videatur,
1498 5125 1852 5179 verumetiam
1880 5127 1997 5180 cui-

429 5217 509 5270 vis
548 5215 954 5270 incommodnm
1002 5213 1270 5268 intuenti?
1309 5212 1447 5279 Quid
1480 5213 1641 5282 igitur
1677 5229 1775 5267 nos
1807 5214 1999 5267 adver-

428 5321 524 5359 sus
555 5305 694 5360 hos?
742 5303 858 5357 Non
893 5312 1141 5359 nostrum
1171 5303 1421 5366 verbum,
1474 5304 1690 5364 fratres.
1727 5305 1996 5370 dicemus,

2097 4581 2342 4651 καλυφθῇ
2389 4581 2446 4633 δὲ
2494 4583 2606 4642 τοῖς
2639 4580 2934 4650 βλεφάροις
2961 4581 2994 4650 ἡ
3024 4581 3133 4633 τῶν
3165 4583 3429 4653 ὀμμάτων
3458 4585 3615 4648 ἀκτὶς
3646 4626 3660 4648 ,

2100 4673 2379 4743 μεταπέσῃ
2398 4673 2453 4725 δὲ
2489 4674 2566 4735 είς
2596 4673 2877 4743 ὠχρότητα
2906 4673 3004 4742 τῆς
3027 4676 3257 4744 παρειᾶς
3284 4677 3345 4728 τὸ
3381 4677 3661 4748 ἐρύθημα,

2097 4762 2339 4832 κρατηθῇ
2368 4763 2422 4814 δὲ
2455 4766 2521 4833 τῇ
2553 4765 2729 4833 σιωπῇ
2755 4763 2817 4815 τὸ
2849 4764 3042 4833 στόμα,
3071 4765 3386 4838 μελαίνηται
3418 4767 3474 4820 δὲ
3490 4768 3550 4820 τὸ
3573 4770 3666 4822 ἐπὶ

2097 4852 2188 4906 τοῦ
2215 4853 2422 4922 χείλους
2465 4853 2657 4918 ἄνθος,
2701 4853 2935 4922 χαλεπὸν
2976 4856 3030 4908 δὲ
3082 4857 3156 4929 μὴ
3192 4859 3351 4928 μόνον
3388 4864 3499 4923 τοῖς
3542 4879 3664 4928 γεν-

2099 4945 2421 5016 νησαμένοις
2452 4945 2608 4998 τοῦτο
2655 4946 2805 5016 δοκῇ,
2840 4947 2976 5000 ἀλλὰ
3005 4952 3098 5002 καὶ
3149 4953 3310 5005 παντὶ
3335 4952 3412 5022 τῷ
3448 4953 3580 5024 πρὸς
3606 4954 3666 5006 τὸ

2101 5035 2270 5099 πάθος
2316 5035 2683 5105 βλέποντι;Τί
2729 5033 2820 5090 οὖν
2867 5039 3004 5110 πρὸς
3048 5043 3267 5104 τούτους
3324 5043 3482 5113 ἡμεῖς
3513 5060 3526 5108 ³
3555 5045 3665 5114 οὐκ

2099 5124 2361 5195 ἡμέτερον
2393 5122 2644 5194 ἐροῦμεν,
2667 5124 2905 5194 ἀδελφοὶ,
2928 5128 3102 5196 λόγον,
3132 5129 3268 5182 ἀλλὰ
3287 5130 3385 5202 τὴν
3422 5132 3664 5198 ἀναγνω-

2101 5212 2316 5265 σθεῖσαν
2345 5214 2475 5284 ήμῖν
2517 5214 2581 5266 ἐκ
2616 5213 2709 5268 τοῦ
2761 5215 3092 5284 Εὑαγγελίου
3139 5221 3296 5288 ῥῆσιν
3349 5220 3666 5291 παραθησόο

2104 5302 2260 5371 μεθα.
2311 5301 2605 5355 Ἠκούσατε
2634 5301 2742 5373 γὰρ
2775 5303 3024 5372 λέγοντος
3046 5305 3139 5358 τοῦ
3171 5307 3372 5377 Κυρίου
3404 5324 3418 5338 ο
3453 5310 3666 5377 ’Ἅφετε

429 5397 520 5448 sed
544 5395 750 5448 dictum
775 5410 839 5448 ex
872 5393 1167 5464 Evangelia
1192 5395 1349 5449 nobis
1378 5395 1662 5449 recitatum
1685 5396 1737 5450 in
1761 5395 1991 5450 medium

2095 5395 2168 5447 τὰ
2208 5393 2431 5458 παιδία,
2466 5395 2562 5448 καί
2600 5395 2687 5464 μὴ
2731 5399 2988 5451 κωλύετε
3027 5397 3178 5450 αὐτὰ
3217 5399 3493 5467 ἔρχεσθαι
3517 5402 3666 5469 πρὸς

429 5483 738 5538 afferenius.
802 5481 1049 5536 Audistis
1109 5482 1395 5536 Dominum
1443 5483 1715 5538 dicentem
1767 5503 1779 5538 :
1829 5484 1991 5539 Sinite

2092 5484 2166 5553 μέ
2198 5503 2210 5514 ·
2249 5485 2362 5538 τῶν
2395 5485 2503 5555 γὰρ
2547 5488 2827 5542 τοιούτων
2853 5487 3024 5541 ἐστὶν
3047 5491 3084 5556 ἠ
3114 5489 3400 5552 ,ϐασιλεία
3433 5491 3554 5546 τῶν
3573 5495 3665 5545 οὐ-

427 5591 612 5642 parvos
661 5589 875 5642 pueros,
922 5582 969 5628 et
1004 5591 1066 5628 ne
1097 5574 1418 5643 prohibeatis
1469 5591 1556 5629 eos
1598 5578 1767 5630 venire
1796 5575 1864 5631 ad
1898 5593 1991 5631 me.

2092 5577 2310 5645 partim
2349 5581 2557 5635 Οὐκοῦν
2594 5583 2642 5634 εί
2683 5581 2775 5634 καὶ
2815 5580 2908 5633 σοῦ
2957 5581 3287 5654 ἀπεφοίτησε
3330 5584 3388 5636 τὸ
3433 5583 3664 5655 παιδίον,

505 5757 520 5786 ¹
565 5755 578 5808 Ι
614 5753 810 5810 Thess.
858 5770 941 5819 iv,
979 5751 1043 5804 12
1074 5769 1194 5822 sqq.
