  <div class='ocr_page' id='page_1' title='image "/cluster/home/n/w/nwhite01/storage/ocr_20150623/46/nnc1.0046978380/442.png"; bbox 0 0 4132 6356; ppageno 0'>
   <div class='ocr_carea' id='block_1_1' title="bbox 389 363 496 422">
    <p class='ocr_par' dir='ltr' id='par_1_1' title="bbox 389 363 496 422">
     <span class='ocr_line' id='line_1_1' title="bbox 389 363 496 422; baseline 0.056 -6"><span class='ocrx_word' id='word_1_1' title='bbox 389 363 496 422; x_wconf 66' lang='grc' dir='ltr'><strong>86¹ὶ</strong></span> 
     </span>
    </p>
   </div>
   <div class='ocr_carea' id='block_1_2' title="bbox 1434 349 2631 412">
    <p class='ocr_par' dir='ltr' id='par_1_2' title="bbox 1434 349 2631 412">
     <span class='ocr_line' id='line_1_2' title="bbox 1434 349 2631 412; baseline 0.001 -5"><span class='ocrx_word' id='word_1_2' title='bbox 1434 353 1502 408; x_wconf 84' lang='grc' dir='ltr'><strong>ΙΝ</strong></span> <span class='ocrx_word' id='word_1_3' title='bbox 1556 353 1835 409; x_wconf 67' lang='grc' dir='ltr'>ιτυΝΕιιΕ</span> <span class='ocrx_word' id='word_1_4' title='bbox 1877 352 2302 412; x_wconf 68' lang='lat' dir='ltr'><strong>PULCIIERM‘Z</strong></span> <span class='ocrx_word' id='word_1_5' title='bbox 2353 349 2631 408; x_wconf 81' lang='lat' dir='ltr'><strong>ORATIO.</strong></span> 
     </span>
    </p>
   </div>
   <div class='ocr_carea' id='block_1_3' title="bbox 389 457 1989 543">
    <p class='ocr_par' dir='ltr' id='par_1_3' title="bbox 389 465 1959 543">
     <span class='ocr_line' id='line_1_3' title="bbox 389 465 1959 543; baseline -0.007 -13"><span class='ocrx_word' id='word_1_6' title='bbox 389 476 525 530; x_wconf 73' lang='grc' dir='ltr'>ἀλλὰ</span> <span class='ocrx_word' id='word_1_7' title='bbox 556 471 690 543; x_wconf 74' lang='grc' dir='ltr'>πρὸς</span> <span class='ocrx_word' id='word_1_8' title='bbox 723 469 813 522; x_wconf 68' lang='grc' dir='ltr'>τὸν</span> <span class='ocrx_word' id='word_1_9' title='bbox 839 467 1114 536; x_wconf 79' lang='grc' dir='ltr'>Δεσπότην</span> <span class='ocrx_word' id='word_1_10' title='bbox 1152 465 1466 537; x_wconf 71' lang='grc' dir='ltr'>ἀπέδραμεν</span> <span class='ocrx_word' id='word_1_11' title='bbox 1491 483 1503 496; x_wconf 71' lang='grc' dir='ltr'><strong>ο</strong></span> <span class='ocrx_word' id='word_1_12' title='bbox 1542 467 1625 518; x_wconf 74' lang='grc' dir='ltr'><strong>σοὶ</strong></span> <span class='ocrx_word' id='word_1_13' title='bbox 1648 467 1738 519; x_wconf 80' lang='grc' dir='ltr'><strong>τὸν</strong></span> <span class='ocrx_word' id='word_1_14' title='bbox 1766 466 1959 536; x_wconf 79' lang='grc' dir='ltr'>όφθαλ·</span> 
     </span>
    </p>
   </div>
   <div class='ocr_carea' id='block_1_4' title="bbox 2094 457 3657 543">
    <p class='ocr_par' dir='ltr' id='par_1_4' title="bbox 2094 457 3657 530">
     <span class='ocr_line' id='line_1_4' title="bbox 2094 457 3657 530; baseline 0 -14"><span class='ocrx_word' id='word_1_15' title='bbox 2094 463 2281 516; x_wconf 68' lang='lat' dir='ltr'><strong>“alium</strong></span> <span class='ocrx_word' id='word_1_16' title='bbox 2311 463 2451 516; x_wconf 84' lang='lat' dir='ltr'><strong>enim</strong></span> <span class='ocrx_word' id='word_1_17' title='bbox 2482 473 2559 514; x_wconf 79' lang='lat' dir='ltr'><strong>est</strong></span> <span class='ocrx_word' id='word_1_18' title='bbox 2595 476 2811 530; x_wconf 79' lang='lat' dir='ltr'><strong>regnum</strong></span> <span class='ocrx_word' id='word_1_19' title='bbox 2835 458 3144 513; x_wconf 72' lang='lat' dir='ltr'><strong>caelorum’.</strong></span> <span class='ocrx_word' id='word_1_20' title='bbox 3174 457 3408 514; x_wconf 83' lang='lat' dir='ltr'><strong>Proinde</strong></span> <span class='ocrx_word' id='word_1_21' title='bbox 3438 460 3657 516; x_wconf 82' lang='lat' dir='ltr'><strong>etiamsi</strong></span> 
     </span>
    </p>
   </div>
   <div class='ocr_carea' id='block_1_5' title="bbox 397 557 1978 638">
    <p class='ocr_par' dir='ltr' id='par_1_5' title="bbox 397 557 1978 638">
     <span class='ocr_line' id='line_1_5' title="bbox 397 557 1978 638; baseline -0.005 -20"><span class='ocrx_word' id='word_1_22' title='bbox 397 567 493 638; x_wconf 73' lang='grc' dir='ltr'>μὸν</span> <span class='ocrx_word' id='word_1_23' title='bbox 523 563 787 624; x_wconf 81' lang='grc' dir='ltr'><strong>ἔκλεισεν,</strong></span> <span class='ocrx_word' id='word_1_24' title='bbox 811 558 946 612; x_wconf 85' lang='grc' dir='ltr'>ἀλλὰ</span> <span class='ocrx_word' id='word_1_25' title='bbox 975 557 1051 628; x_wconf 80' lang='grc' dir='ltr'>τῷ</span> <span class='ocrx_word' id='word_1_26' title='bbox 1075 558 1214 626; x_wconf 76' lang='grc' dir='ltr'>φωτὶ</span> <span class='ocrx_word' id='word_1_27' title='bbox 1235 557 1313 626; x_wconf 83' lang='grc' dir='ltr'><strong>τῷ</strong></span> <span class='ocrx_word' id='word_1_28' title='bbox 1342 559 1544 626; x_wconf 73' lang='grc' dir='ltr'>αἰωνίῳ</span> <span class='ocrx_word' id='word_1_29' title='bbox 1564 558 1858 628; x_wconf 59' lang='grc' dir='ltr'>διήνοιξεν</span> <span class='ocrx_word' id='word_1_30' title='bbox 1877 558 1978 623; x_wconf 83' lang='grc' dir='ltr'>τῆς</span> 
     </span>
    </p>
   </div>
   <div class='ocr_carea' id='block_1_6' title="bbox 397 644 1973 724">
    <p class='ocr_par' dir='ltr' id='par_1_6' title="bbox 397 644 1973 724">
     <span class='ocr_line' id='line_1_6' title="bbox 397 644 1973 724; baseline 0.001 -28"><span class='ocrx_word' id='word_1_31' title='bbox 397 654 496 724; x_wconf 71' lang='grc' dir='ltr'>σῆς</span> <span class='ocrx_word' id='word_1_32' title='bbox 518 651 726 718; x_wconf 83' lang='grc' dir='ltr'><strong>ἀπέστη</strong></span> <span class='ocrx_word' id='word_1_33' title='bbox 748 646 1050 718; x_wconf 77' lang='grc' dir='ltr'><strong>τραπέζης,</strong></span> <span class='ocrx_word' id='word_1_34' title='bbox 1085 645 1220 699; x_wconf 80' lang='grc' dir='ltr'>ἀλλὰ</span> <span class='ocrx_word' id='word_1_35' title='bbox 1248 648 1313 716; x_wconf 86' lang='grc' dir='ltr'>τῇ</span> <span class='ocrx_word' id='word_1_36' title='bbox 1347 644 1610 715; x_wconf 86' lang='grc' dir='ltr'>ἀγγελικῇ</span> <span class='ocrx_word' id='word_1_37' title='bbox 1637 645 1937 715; x_wconf 79' lang='grc' dir='ltr'><strong>προσετέθη</strong></span> <span class='ocrx_word' id='word_1_38' title='bbox 1960 662 1973 673; x_wconf 88' lang='grc'><strong>·</strong></span> 
     </span>
    </p>
   </div>
   <div class='ocr_carea' id='block_1_7' title="bbox 396 735 1980 806">
    <p class='ocr_par' dir='ltr' id='par_1_7' title="bbox 396 735 1980 806">
     <span class='ocr_line' id='line_1_7' title="bbox 396 735 1980 806; baseline -0.004 -13"><span class='ocrx_word' id='word_1_39' title='bbox 396 742 546 793; x_wconf 76' lang='grc' dir='ltr'>ἔνθεν</span> <span class='ocrx_word' id='word_1_40' title='bbox 597 741 657 792; x_wconf 85' lang='grc' dir='ltr'>τὸ</span> <span class='ocrx_word' id='word_1_41' title='bbox 711 736 876 806; x_wconf 81' lang='grc' dir='ltr'>φυτὸν</span> <span class='ocrx_word' id='word_1_42' title='bbox 929 735 1286 805; x_wconf 81' lang='grc' dir='ltr'><strong>ἀνεσπάσθη,</strong></span> <span class='ocrx_word' id='word_1_43' title='bbox 1336 735 1484 794; x_wconf 73' lang='grc' dir='ltr'>ἀλλὰ,</span> <span class='ocrx_word' id='word_1_44' title='bbox 1541 737 1618 806; x_wconf 86' lang='grc' dir='ltr'>τῷ</span> <span class='ocrx_word' id='word_1_45' title='bbox 1669 735 1980 806; x_wconf 81' lang='grc' dir='ltr'>παραδείσῳ</span> 
     </span>
    </p>
   </div>
   <div class='ocr_carea' id='block_1_8' title="bbox 398 826 1983 902">
    <p class='ocr_par' dir='ltr' id='par_1_8' title="bbox 398 826 1983 902">
     <span class='ocr_line' id='line_1_8' title="bbox 398 826 1983 902; baseline -0.003 -17"><span class='ocrx_word' id='word_1_46' title='bbox 398 830 752 902; x_wconf 82' lang='grc' dir='ltr'>ἐνεφυτεύθη,</span> <span class='ocrx_word' id='word_1_47' title='bbox 777 831 840 882; x_wconf 74' lang='grc' dir='ltr'>ἐκ</span> <span class='ocrx_word' id='word_1_48' title='bbox 867 826 1142 897; x_wconf 81' lang='grc' dir='ltr'>βασιλείας</span> <span class='ocrx_word' id='word_1_49' title='bbox 1183 828 1260 890; x_wconf 82' lang='grc' dir='ltr'>εἰς</span> <span class='ocrx_word' id='word_1_50' title='bbox 1292 826 1564 896; x_wconf 81' lang='grc' dir='ltr'>βασιλείαν</span> <span class='ocrx_word' id='word_1_51' title='bbox 1601 827 1834 898; x_wconf 85' lang='grc' dir='ltr'>μετέστη</span> <span class='ocrx_word' id='word_1_52' title='bbox 1863 844 1877 858; x_wconf 76' lang='grc'><strong><em>⁸</em></strong></span> <span class='ocrx_word' id='word_1_53' title='bbox 1902 828 1983 894; x_wconf 70' lang='grc' dir='ltr'>εξ-</span> 
     </span>
    </p>
   </div>
   <div class='ocr_carea' id='block_1_9' title="bbox 396 920 1982 994">
    <p class='ocr_par' dir='ltr' id='par_1_9' title="bbox 396 920 1982 994">
     <span class='ocr_line' id='line_1_9' title="bbox 396 920 1982 994; baseline -0.003 -15"><span class='ocrx_word' id='word_1_54' title='bbox 396 928 619 979; x_wconf 83' lang='grc' dir='ltr'>εδύσατο</span> <span class='ocrx_word' id='word_1_55' title='bbox 653 925 713 977; x_wconf 84' lang='grc' dir='ltr'><strong>τὸ</strong></span> <span class='ocrx_word' id='word_1_56' title='bbox 764 925 865 994; x_wconf 76' lang='grc' dir='ltr'>τῆς</span> <span class='ocrx_word' id='word_1_57' title='bbox 897 920 1182 992; x_wconf 77' lang='grc' dir='ltr'>πορφύρας</span> <span class='ocrx_word' id='word_1_58' title='bbox 1214 921 1392 983; x_wconf 80' lang='grc' dir='ltr'><strong>ἄνθος,</strong></span> <span class='ocrx_word' id='word_1_59' title='bbox 1421 920 1557 974; x_wconf 87' lang='grc' dir='ltr'><strong>ἀλλά</strong></span> <span class='ocrx_word' id='word_1_60' title='bbox 1601 923 1700 991; x_wconf 85' lang='grc' dir='ltr'><strong>τῆς</strong></span> <span class='ocrx_word' id='word_1_61' title='bbox 1743 922 1857 976; x_wconf 80' lang='grc' dir='ltr'>ἄνω</span> <span class='ocrx_word' id='word_1_62' title='bbox 1889 922 1982 991; x_wconf 86' lang='grc' dir='ltr'><strong>βα-</strong></span> 
     </span>
    </p>
   </div>
   <div class='ocr_carea' id='block_1_10' title="bbox 401 1009 1983 1084">
    <p class='ocr_par' dir='ltr' id='par_1_10' title="bbox 401 1009 1983 1084">
     <span class='ocr_line' id='line_1_10' title="bbox 401 1009 1983 1084; baseline -0.002 -18"><span class='ocrx_word' id='word_1_63' title='bbox 401 1014 603 1076; x_wconf 86' lang='grc' dir='ltr'>σιλείας</span> <span class='ocrx_word' id='word_1_64' title='bbox 633 1015 732 1084; x_wconf 80' lang='grc' dir='ltr'>τὴν</span> <span class='ocrx_word' id='word_1_65' title='bbox 755 1011 1045 1081; x_wconf 77' lang='grc' dir='ltr'>περιϐολὴν</span> <span class='ocrx_word' id='word_1_66' title='bbox 1073 1009 1376 1063; x_wconf 78' lang='grc' dir='ltr'>ἐνεδύσατο.</span> <span class='ocrx_word' id='word_1_67' title='bbox 1402 1009 1554 1062; x_wconf 80' lang='grc' dir='ltr'>Εἴπω</span> <span class='ocrx_word' id='word_1_68' title='bbox 1607 1027 1688 1062; x_wconf 93' lang='grc' dir='ltr'><strong>σοι</strong></span> <span class='ocrx_word' id='word_1_69' title='bbox 1715 1010 1813 1080; x_wconf 78' lang='grc' dir='ltr'><strong>τὴν</strong></span> <span class='ocrx_word' id='word_1_70' title='bbox 1851 1011 1983 1080; x_wconf 81' lang='grc' dir='ltr'>ὓλην</span> 
     </span>
    </p>
   </div>
   <div class='ocr_carea' id='block_1_11' title="bbox 398 1099 1982 1172">
    <p class='ocr_par' dir='ltr' id='par_1_11' title="bbox 398 1099 1982 1172">
     <span class='ocr_line' id='line_1_11' title="bbox 398 1099 1982 1172; baseline -0.003 -14"><span class='ocrx_word' id='word_1_71' title='bbox 398 1106 488 1158; x_wconf 77' lang='grc' dir='ltr'>τοῦ</span> <span class='ocrx_word' id='word_1_72' title='bbox 517 1105 660 1156; x_wconf 80' lang='grc' dir='ltr'>θείου</span> <span class='ocrx_word' id='word_1_73' title='bbox 696 1103 1023 1172; x_wconf 79' lang='grc' dir='ltr'>ἐνδύματος·</span> <span class='ocrx_word' id='word_1_74' title='bbox 1045 1101 1108 1152; x_wconf 88' lang='grc' dir='ltr'><strong>οὑ</strong></span> <span class='ocrx_word' id='word_1_75' title='bbox 1143 1100 1286 1152; x_wconf 84' lang='grc' dir='ltr'>λίνον</span> <span class='ocrx_word' id='word_1_76' title='bbox 1311 1099 1480 1160; x_wconf 73' lang='grc' dir='ltr'>ἐστὶν,</span> <span class='ocrx_word' id='word_1_77' title='bbox 1510 1100 1630 1152; x_wconf 66' lang='grc' dir='ltr'><strong>οὑδὲ⁹</strong></span> <span class='ocrx_word' id='word_1_78' title='bbox 1661 1099 1828 1171; x_wconf 76' lang='grc' dir='ltr'>ἔριον,</span> <span class='ocrx_word' id='word_1_79' title='bbox 1863 1101 1982 1153; x_wconf 77' lang='grc' dir='ltr'>οὑδὲ</span> 
     </span>
    </p>
   </div>
   <div class='ocr_carea' id='block_1_12' title="bbox 399 1188 1983 1260">
    <p class='ocr_par' dir='ltr' id='par_1_12' title="bbox 399 1188 1983 1260">
     <span class='ocr_line' id='line_1_12' title="bbox 399 1188 1983 1260; baseline -0.001 -17"><span class='ocrx_word' id='word_1_80' title='bbox 399 1193 465 1243; x_wconf 66' lang='grc' dir='ltr'>τὰ</span> <span class='ocrx_word' id='word_1_81' title='bbox 507 1193 569 1243; x_wconf 80' lang='grc' dir='ltr'><strong>ὲκ</strong></span> <span class='ocrx_word' id='word_1_82' title='bbox 603 1189 785 1260; x_wconf 89' lang='grc' dir='ltr'>σηρῶν</span> <span class='ocrx_word' id='word_1_83' title='bbox 835 1189 1071 1258; x_wconf 81' lang='grc' dir='ltr'>νήματα.</span> <span class='ocrx_word' id='word_1_84' title='bbox 1104 1190 1368 1240; x_wconf 68' lang='grc' dir='ltr'><strong>¹Ἄκουσον</strong></span> <span class='ocrx_word' id='word_1_85' title='bbox 1395 1188 1488 1241; x_wconf 77' lang='grc' dir='ltr'><strong>τού</strong></span> <span class='ocrx_word' id='word_1_86' title='bbox 1516 1189 1699 1252; x_wconf 75' lang='grc' dir='ltr'>Δαϐὶδ,</span> <span class='ocrx_word' id='word_1_87' title='bbox 1730 1190 1852 1242; x_wconf 82' lang='grc' dir='ltr'>ὅθεν</span> <span class='ocrx_word' id='word_1_88' title='bbox 1896 1189 1983 1253; x_wconf 80' lang='grc' dir='ltr'><strong>ἐξ-</strong></span> 
     </span>
    </p>
   </div>
   <div class='ocr_carea' id='block_1_13' title="bbox 400 1279 1985 1351">
    <p class='ocr_par' dir='ltr' id='par_1_13' title="bbox 400 1279 1985 1351">
     <span class='ocr_line' id='line_1_13' title="bbox 400 1279 1985 1351; baseline 0.001 -19"><span class='ocrx_word' id='word_1_89' title='bbox 400 1280 717 1348; x_wconf 59' lang='grc' dir='ltr'>υψαίνεσθαι</span> <span class='ocrx_word' id='word_1_90' title='bbox 737 1280 886 1348; x_wconf 82' lang='grc' dir='ltr'>λέγει</span> <span class='ocrx_word' id='word_1_91' title='bbox 907 1280 985 1349; x_wconf 84' lang='grc' dir='ltr'>τῷ</span> <span class='ocrx_word' id='word_1_92' title='bbox 1011 1279 1129 1349; x_wconf 86' lang='grc' dir='ltr'><strong>Θεῷ</strong></span> <span class='ocrx_word' id='word_1_93' title='bbox 1150 1280 1216 1332; x_wconf 76' lang='grc' dir='ltr'>τὰ</span> <span class='ocrx_word' id='word_1_94' title='bbox 1240 1279 1513 1350; x_wconf 80' lang='grc' dir='ltr'>ἐνδύματα</span> <span class='ocrx_word' id='word_1_95' title='bbox 1540 1297 1555 1311; x_wconf 85' lang='grc'>⁶</span> <span class='ocrx_word' id='word_1_96' title='bbox 1596 1281 1985 1351; x_wconf 75' lang='grc' dir='ltr'>Ἑξομολόγη-</span> 
     </span>
    </p>
   </div>
   <div class='ocr_carea' id='block_1_14' title="bbox 401 1370 1985 1442">
    <p class='ocr_par' dir='ltr' id='par_1_14' title="bbox 401 1370 1985 1442">
     <span class='ocr_line' id='line_1_14' title="bbox 401 1370 1985 1442; baseline 0.001 -19"><span class='ocrx_word' id='word_1_97' title='bbox 401 1389 505 1423; x_wconf 68' lang='grc' dir='ltr'><strong>σιν</strong></span> <span class='ocrx_word' id='word_1_98' title='bbox 527 1371 625 1423; x_wconf 77' lang='grc' dir='ltr'>καὶ</span> <span class='ocrx_word' id='word_1_99' title='bbox 663 1370 1179 1439; x_wconf 77' lang='grc' dir='ltr'>μεγαλοπρέπειαν</span> <span class='ocrx_word' id='word_1_100' title='bbox 1223 1370 1514 1436; x_wconf 76' lang='grc' dir='ltr'>ἑνεδύσω,</span> <span class='ocrx_word' id='word_1_101' title='bbox 1555 1371 1985 1442; x_wconf 74' lang='grc' dir='ltr'>ἀναϐαλλόμενος</span> 
     </span>
    </p>
   </div>
   <div class='ocr_carea' id='block_1_15' title="bbox 403 1455 1987 1532">
    <p class='ocr_par' dir='ltr' id='par_1_15' title="bbox 403 1455 1987 1532">
     <span class='ocr_line' id='line_1_15' title="bbox 403 1455 1987 1532; baseline 0.002 -20"><span class='ocrx_word' id='word_1_102' title='bbox 403 1461 518 1529; x_wconf 79' lang='grc' dir='ltr'><strong>φῶς</strong></span> <span class='ocrx_word' id='word_1_103' title='bbox 548 1461 623 1525; x_wconf 82' lang='grc' dir='ltr'>ὡς</span> <span class='ocrx_word' id='word_1_104' title='bbox 659 1461 891 1532; x_wconf 79' lang='grc' dir='ltr'>ἱμάτιον.</span> <span class='ocrx_word' id='word_1_105' title='bbox 923 1462 1082 1530; x_wconf 85' lang='grc' dir='ltr'><strong>Ὁρᾷς</strong></span> <span class='ocrx_word' id='word_1_106' title='bbox 1108 1455 1198 1514; x_wconf 77' lang='grc' dir='ltr'>οἷα</span> <span class='ocrx_word' id='word_1_107' title='bbox 1239 1462 1354 1515; x_wconf 85' lang='grc' dir='ltr'>ἀνθ’</span> <span class='ocrx_word' id='word_1_108' title='bbox 1386 1462 1510 1514; x_wconf 87' lang='grc' dir='ltr'>οῖων</span> <span class='ocrx_word' id='word_1_109' title='bbox 1537 1462 1840 1532; x_wconf 77' lang='grc' dir='ltr'>ὴλλάξατος</span> <span class='ocrx_word' id='word_1_110' title='bbox 1881 1463 1987 1516; x_wconf 83' lang='grc' dir='ltr'><strong>Λυ-</strong></span> 
     </span>
    </p>
   </div>
   <div class='ocr_carea' id='block_1_16' title="bbox 404 1551 1984 1622">
    <p class='ocr_par' dir='ltr' id='par_1_16' title="bbox 404 1551 1984 1622">
     <span class='ocr_line' id='line_1_16' title="bbox 404 1551 1984 1622; baseline 0.001 -18"><span class='ocrx_word' id='word_1_111' title='bbox 404 1555 496 1604; x_wconf 74' lang='grc' dir='ltr'><strong>πεῖ</strong></span> <span class='ocrx_word' id='word_1_112' title='bbox 527 1570 584 1604; x_wconf 86' lang='grc' dir='ltr'><strong>σε</strong></span> <span class='ocrx_word' id='word_1_113' title='bbox 614 1551 674 1605; x_wconf 81' lang='grc' dir='ltr'><strong>τὸ</strong></span> <span class='ocrx_word' id='word_1_114' title='bbox 700 1551 794 1604; x_wconf 82' lang='grc' dir='ltr'>τοῦ</span> <span class='ocrx_word' id='word_1_115' title='bbox 819 1551 1068 1621; x_wconf 87' lang='grc' dir='ltr'>σώματος</span> <span class='ocrx_word' id='word_1_116' title='bbox 1100 1551 1294 1615; x_wconf 88' lang='grc' dir='ltr'>κάλλος</span> <span class='ocrx_word' id='word_1_117' title='bbox 1327 1553 1525 1622; x_wconf 80' lang='grc' dir='ltr'>μηκέτι</span> <span class='ocrx_word' id='word_1_118' title='bbox 1555 1554 1899 1622; x_wconf 84' lang='grc' dir='ltr'>φαινόμενον,</span> <span class='ocrx_word' id='word_1_119' title='bbox 1924 1553 1984 1605; x_wconf 85' lang='grc' dir='ltr'><strong>οὑ</strong></span> 
     </span>
    </p>
   </div>
   <div class='ocr_carea' id='block_1_17' title="bbox 405 1641 1988 1712">
    <p class='ocr_par' dir='ltr' id='par_1_17' title="bbox 405 1641 1988 1712">
     <span class='ocr_line' id='line_1_17' title="bbox 405 1641 1988 1712; baseline -0.001 -18"><span class='ocrx_word' id='word_1_120' title='bbox 405 1643 510 1712; x_wconf 68' lang='grc' dir='ltr'><strong>γὰρ</strong></span> <span class='ocrx_word' id='word_1_121' title='bbox 530 1643 660 1712; x_wconf 82' lang='grc' dir='ltr'>ὁρᾷς</span> <span class='ocrx_word' id='word_1_122' title='bbox 691 1641 856 1710; x_wconf 79' lang='grc' dir='ltr'>αὐτῆς</span> <span class='ocrx_word' id='word_1_123' title='bbox 883 1641 943 1693; x_wconf 76' lang='grc' dir='ltr'>τὸ</span> <span class='ocrx_word' id='word_1_124' title='bbox 969 1641 1220 1712; x_wconf 75' lang='grc' dir='ltr'>ἀληθινὸν</span> <span class='ocrx_word' id='word_1_125' title='bbox 1250 1643 1347 1712; x_wconf 84' lang='grc' dir='ltr'><strong>τῆς</strong></span> <span class='ocrx_word' id='word_1_126' title='bbox 1369 1641 1548 1711; x_wconf 81' lang='grc' dir='ltr'>ψυχῆς</span> <span class='ocrx_word' id='word_1_127' title='bbox 1579 1641 1772 1705; x_wconf 88' lang='grc' dir='ltr'>κάλλος</span> <span class='ocrx_word' id='word_1_128' title='bbox 1797 1682 1811 1706; x_wconf 93' lang='grc'><strong>,</strong></span> <span class='ocrx_word' id='word_1_129' title='bbox 1847 1642 1875 1694; x_wconf 86' lang='grc' dir='ltr'><strong>ὂ</strong></span> <span class='ocrx_word' id='word_1_130' title='bbox 1893 1641 1988 1695; x_wconf 81' lang='grc' dir='ltr'>νῦν</span> 
     </span>
    </p>
   </div>
   <div class='ocr_carea' id='block_1_18' title="bbox 405 1732 1990 1804">
    <p class='ocr_par' dir='ltr' id='par_1_18' title="bbox 405 1732 1990 1804">
     <span class='ocr_line' id='line_1_18' title="bbox 405 1732 1990 1804; baseline 0.001 -20"><span class='ocrx_word' id='word_1_131' title='bbox 405 1737 452 1785; x_wconf 61' lang='grc' dir='ltr'><strong>ὲκ</strong></span> <span class='ocrx_word' id='word_1_132' title='bbox 495 1737 556 1804; x_wconf 81' lang='grc' dir='ltr'>τῇ</span> <span class='ocrx_word' id='word_1_133' title='bbox 587 1732 889 1803; x_wconf 87' lang='grc' dir='ltr'>πανηγύρει</span> <span class='ocrx_word' id='word_1_134' title='bbox 921 1734 1028 1785; x_wconf 91' lang='grc' dir='ltr'><strong>τῶν</strong></span> <span class='ocrx_word' id='word_1_135' title='bbox 1054 1733 1318 1804; x_wconf 77' lang='grc' dir='ltr'>οὐρανίων</span> <span class='ocrx_word' id='word_1_136' title='bbox 1355 1733 1664 1802; x_wconf 82' lang='grc' dir='ltr'>ἀγάλλεται.</span> <span class='ocrx_word' id='word_1_137' title='bbox 1705 1735 1792 1798; x_wconf 82' lang='grc' dir='ltr'>Ὠς</span> <span class='ocrx_word' id='word_1_138' title='bbox 1827 1734 1990 1797; x_wconf 77' lang='grc' dir='ltr'>καλὸς</span> 
     </span>
    </p>
   </div>
   <div class='ocr_carea' id='block_1_19' title="bbox 2084 547 3650 620">
    <p class='ocr_par' dir='ltr' id='par_1_19' title="bbox 2084 547 3650 620">
     <span class='ocr_line' id='line_1_19' title="bbox 2084 547 3650 620; baseline -0.001 -14"><span class='ocrx_word' id='word_1_139' title='bbox 2084 570 2114 606; x_wconf 91' lang='lat' dir='ltr'><strong>a</strong></span> <span class='ocrx_word' id='word_1_140' title='bbox 2143 561 2193 606; x_wconf 91' lang='lat' dir='ltr'><strong>te</strong></span> <span class='ocrx_word' id='word_1_141' title='bbox 2215 552 2479 606; x_wconf 74' lang='lat' dir='ltr'><strong>discessit</strong></span> <span class='ocrx_word' id='word_1_142' title='bbox 2518 551 2720 620; x_wconf 87' lang='lat' dir='ltr'><strong>pttella,</strong></span> <span class='ocrx_word' id='word_1_143' title='bbox 2755 557 2998 602; x_wconf 88' lang='lat' dir='ltr'><strong>attamen</strong></span> <span class='ocrx_word' id='word_1_144' title='bbox 3029 548 3097 602; x_wconf 92' lang='lat' dir='ltr'><strong>ad</strong></span> <span class='ocrx_word' id='word_1_145' title='bbox 3135 547 3422 603; x_wconf 89' lang='lat' dir='ltr'><strong>Dominum</strong></span> <span class='ocrx_word' id='word_1_146' title='bbox 3455 565 3650 605; x_wconf 87' lang='lat' dir='ltr'><strong>recur-</strong></span> 
     </span>
    </p>
   </div>
   <div class='ocr_carea' id='block_1_20' title="bbox 2083 639 3657 708">
    <p class='ocr_par' dir='ltr' id='par_1_20' title="bbox 2083 639 3657 708">
     <span class='ocr_line' id='line_1_20' title="bbox 2083 639 3657 708; baseline -0.002 -12"><span class='ocrx_word' id='word_1_147' title='bbox 2083 645 2176 708; x_wconf 89' lang='lat' dir='ltr'><strong>rit,</strong></span> <span class='ocrx_word' id='word_1_148' title='bbox 2209 643 2308 696; x_wconf 92' lang='lat' dir='ltr'><strong>tibi</strong></span> <span class='ocrx_word' id='word_1_149' title='bbox 2340 643 2560 696; x_wconf 89' lang='lat' dir='ltr'><strong>oculum</strong></span> <span class='ocrx_word' id='word_1_150' title='bbox 2585 641 2804 703; x_wconf 88' lang='lat' dir='ltr'><strong>clausit,</strong></span> <span class='ocrx_word' id='word_1_151' title='bbox 2841 640 2934 695; x_wconf 92' lang='lat' dir='ltr'><strong>sed</strong></span> <span class='ocrx_word' id='word_1_152' title='bbox 2969 639 3158 692; x_wconf 88' lang='lat' dir='ltr'><strong>hunini</strong></span> <span class='ocrx_word' id='word_1_153' title='bbox 3185 646 3392 693; x_wconf 57' lang='lat' dir='ltr'><strong>aeterno</strong></span> <span class='ocrx_word' id='word_1_154' title='bbox 3412 642 3657 708; x_wconf 88' lang='lat' dir='ltr'><strong>aperuit;</strong></span> 
     </span>
    </p>
   </div>
   <div class='ocr_carea' id='block_1_21' title="bbox 2081 727 3657 796">
    <p class='ocr_par' dir='ltr' id='par_1_21' title="bbox 2081 727 3657 796">
     <span class='ocr_line' id='line_1_21' title="bbox 2081 727 3657 796; baseline -0.002 -10"><span class='ocrx_word' id='word_1_155' title='bbox 2081 749 2111 786; x_wconf 88' lang='lat' dir='ltr'><strong>a</strong></span> <span class='ocrx_word' id='word_1_156' title='bbox 2145 740 2236 786; x_wconf 89' lang='lat' dir='ltr'><strong>tua</strong></span> <span class='ocrx_word' id='word_1_157' title='bbox 2274 747 2463 786; x_wconf 87' lang='lat' dir='ltr'><strong>mensa</strong></span> <span class='ocrx_word' id='word_1_158' title='bbox 2498 739 2706 785; x_wconf 90' lang='lat' dir='ltr'><strong>remota</strong></span> <span class='ocrx_word' id='word_1_159' title='bbox 2752 740 2872 792; x_wconf 89' lang='lat' dir='ltr'><strong>est,</strong></span> <span class='ocrx_word' id='word_1_160' title='bbox 2922 727 3019 783; x_wconf 88' lang='lat' dir='ltr'><strong>sed</strong></span> <span class='ocrx_word' id='word_1_161' title='bbox 3069 728 3327 796; x_wconf 71' lang='lat' dir='ltr'><strong>angelicae</strong></span> <span class='ocrx_word' id='word_1_162' title='bbox 3371 728 3657 795; x_wconf 86' lang='lat' dir='ltr'><strong>adhibita;</strong></span> 
     </span>
    </p>
   </div>
   <div class='ocr_carea' id='block_1_22' title="bbox 2084 817 3662 892">
    <p class='ocr_par' dir='ltr' id='par_1_22' title="bbox 2084 817 3662 892">
     <span class='ocr_line' id='line_1_22' title="bbox 2084 817 3662 892; baseline -0.001 -16"><span class='ocrx_word' id='word_1_163' title='bbox 2084 824 2210 876; x_wconf 90' lang='lat' dir='ltr'><strong>hinc</strong></span> <span class='ocrx_word' id='word_1_164' title='bbox 2237 822 2420 892; x_wconf 89' lang='lat' dir='ltr'><strong>planta</strong></span> <span class='ocrx_word' id='word_1_165' title='bbox 2449 820 2664 874; x_wconf 89' lang='lat' dir='ltr'><strong>revulsa</strong></span> <span class='ocrx_word' id='word_1_166' title='bbox 2695 825 2802 879; x_wconf 88' lang='lat' dir='ltr'><strong>est,</strong></span> <span class='ocrx_word' id='word_1_167' title='bbox 2833 825 2888 870; x_wconf 92' lang='lat' dir='ltr'><strong>at</strong></span> <span class='ocrx_word' id='word_1_168' title='bbox 2914 817 2968 871; x_wconf 93' lang='lat' dir='ltr'><strong>in</strong></span> <span class='ocrx_word' id='word_1_169' title='bbox 3001 818 3260 887; x_wconf 77' lang='lat' dir='ltr'><strong>paradiso</strong></span> <span class='ocrx_word' id='word_1_170' title='bbox 3290 825 3408 872; x_wconf 87' lang='lat' dir='ltr'><strong>sata</strong></span> <span class='ocrx_word' id='word_1_171' title='bbox 3435 829 3556 884; x_wconf 89' lang='lat' dir='ltr'><strong>est;</strong></span> <span class='ocrx_word' id='word_1_172' title='bbox 3591 819 3662 874; x_wconf 92' lang='lat' dir='ltr'><strong>de</strong></span> 
     </span>
    </p>
   </div>
   <div class='ocr_carea' id='block_1_23' title="bbox 2085 907 3659 981">
    <p class='ocr_par' dir='ltr' id='par_1_23' title="bbox 2085 907 3659 981">
     <span class='ocr_line' id='line_1_23' title="bbox 2085 907 3659 981; baseline -0.001 -16"><span class='ocrx_word' id='word_1_173' title='bbox 2085 927 2253 981; x_wconf 84' lang='lat' dir='ltr'><strong>regno</strong></span> <span class='ocrx_word' id='word_1_174' title='bbox 2297 910 2365 964; x_wconf 91' lang='lat' dir='ltr'><strong>ad</strong></span> <span class='ocrx_word' id='word_1_175' title='bbox 2408 924 2634 979; x_wconf 81' lang='lat' dir='ltr'><strong>regnum</strong></span> <span class='ocrx_word' id='word_1_176' title='bbox 2687 908 2934 962; x_wconf 88' lang='lat' dir='ltr'><strong>traducta</strong></span> <span class='ocrx_word' id='word_1_177' title='bbox 2998 915 3105 971; x_wconf 87' lang='lat' dir='ltr'><strong>est,</strong></span> <span class='ocrx_word' id='word_1_178' title='bbox 3169 922 3420 977; x_wconf 62' lang='lat' dir='ltr'><strong>purpura}</strong></span> <span class='ocrx_word' id='word_1_179' title='bbox 3469 907 3659 963; x_wconf 87' lang='lat' dir='ltr'><strong>florem</strong></span> 
     </span>
    </p>
   </div>
   <div class='ocr_carea' id='block_1_24' title="bbox 2082 998 3661 1070">
    <p class='ocr_par' dir='ltr' id='par_1_24' title="bbox 2082 998 3661 1070">
     <span class='ocr_line' id='line_1_24' title="bbox 2082 998 3661 1070; baseline -0.001 -13"><span class='ocrx_word' id='word_1_180' title='bbox 2082 1005 2257 1066; x_wconf 80' lang='lat' dir='ltr'><strong>exuit,</strong></span> <span class='ocrx_word' id='word_1_181' title='bbox 2294 1011 2350 1055; x_wconf 92' lang='lat' dir='ltr'><strong>at</strong></span> <span class='ocrx_word' id='word_1_182' title='bbox 2382 1001 2566 1070; x_wconf 84' lang='lat' dir='ltr'><strong>superi</strong></span> <span class='ocrx_word' id='word_1_183' title='bbox 2605 1001 2757 1067; x_wconf 81' lang='lat' dir='ltr'><strong>regni</strong></span> <span class='ocrx_word' id='word_1_184' title='bbox 2797 999 3058 1053; x_wconf 86' lang='lat' dir='ltr'><strong>amictum</strong></span> <span class='ocrx_word' id='word_1_185' title='bbox 3093 999 3288 1052; x_wconf 91' lang='lat' dir='ltr'><strong>induit.</strong></span> <span class='ocrx_word' id='word_1_186' title='bbox 3342 998 3528 1053; x_wconf 83' lang='lat' dir='ltr'><strong>Dicam</strong></span> <span class='ocrx_word' id='word_1_187' title='bbox 3561 1001 3661 1055; x_wconf 87' lang='lat' dir='ltr'><strong>tibi</strong></span> 
     </span>
    </p>
   </div>
   <div class='ocr_carea' id='block_1_25' title="bbox 2085 1091 3661 1148">
    <p class='ocr_par' dir='ltr' id='par_1_25' title="bbox 2085 1091 3661 1148">
     <span class='ocr_line' id='line_1_25' title="bbox 2085 1091 3661 1148; baseline 0 -2"><span class='ocrx_word' id='word_1_188' title='bbox 2085 1095 2369 1148; x_wconf 87' lang='lat' dir='ltr'><strong>materiam</strong></span> <span class='ocrx_word' id='word_1_189' title='bbox 2409 1093 2554 1148; x_wconf 89' lang='lat' dir='ltr'><strong>unde</strong></span> <span class='ocrx_word' id='word_1_190' title='bbox 2603 1092 2914 1144; x_wconf 81' lang='lat' dir='ltr'><strong>confectum</strong></span> <span class='ocrx_word' id='word_1_191' title='bbox 2963 1099 3047 1145; x_wconf 88' lang='lat' dir='ltr'><strong>est</strong></span> <span class='ocrx_word' id='word_1_192' title='bbox 3079 1092 3324 1145; x_wconf 88' lang='lat' dir='ltr'><strong>divinum</strong></span> <span class='ocrx_word' id='word_1_193' title='bbox 3373 1091 3661 1147; x_wconf 90' lang='lat' dir='ltr'><strong>indumen-</strong></span> 
     </span>
    </p>
   </div>
   <div class='ocr_carea' id='block_1_26' title="bbox 2086 1182 3657 1252">
    <p class='ocr_par' dir='ltr' id='par_1_26' title="bbox 2086 1182 3657 1252">
     <span class='ocr_line' id='line_1_26' title="bbox 2086 1182 3657 1252; baseline -0.001 -14"><span class='ocrx_word' id='word_1_194' title='bbox 2086 1194 2198 1238; x_wconf 90' lang='lat' dir='ltr'><strong>tum</strong></span> <span class='ocrx_word' id='word_1_195' title='bbox 2235 1203 2247 1238; x_wconf 91' lang='lat'><strong>:</strong></span> <span class='ocrx_word' id='word_1_196' title='bbox 2293 1201 2399 1238; x_wconf 91' lang='lat' dir='ltr'><strong>non</strong></span> <span class='ocrx_word' id='word_1_197' title='bbox 2426 1185 2594 1237; x_wconf 91' lang='lat' dir='ltr'><strong>linum</strong></span> <span class='ocrx_word' id='word_1_198' title='bbox 2626 1191 2730 1245; x_wconf 85' lang='lat' dir='ltr'><strong>est,</strong></span> <span class='ocrx_word' id='word_1_199' title='bbox 2761 1197 2936 1252; x_wconf 87' lang='lat' dir='ltr'><strong>neque</strong></span> <span class='ocrx_word' id='word_1_200' title='bbox 2963 1182 3108 1246; x_wconf 89' lang='lat' dir='ltr'><strong>lana,</strong></span> <span class='ocrx_word' id='word_1_201' title='bbox 3138 1198 3311 1252; x_wconf 89' lang='lat' dir='ltr'><strong>neque</strong></span> <span class='ocrx_word' id='word_1_202' title='bbox 3344 1184 3431 1236; x_wconf 80' lang='lat' dir='ltr'><strong>fila</strong></span> <span class='ocrx_word' id='word_1_203' title='bbox 3460 1185 3657 1238; x_wconf 89' lang='lat' dir='ltr'><strong>serica.</strong></span> 
     </span>
    </p>
   </div>
   <div class='ocr_carea' id='block_1_27' title="bbox 2082 1270 3656 1341">
    <p class='ocr_par' dir='ltr' id='par_1_27' title="bbox 2082 1270 3656 1341">
     <span class='ocr_line' id='line_1_27' title="bbox 2082 1270 3656 1341; baseline 0.001 -14"><span class='ocrx_word' id='word_1_204' title='bbox 2082 1275 2225 1329; x_wconf 81' lang='lat' dir='ltr'><strong>Audi</strong></span> <span class='ocrx_word' id='word_1_205' title='bbox 2261 1274 2538 1341; x_wconf 84' lang='lat' dir='ltr'><strong>Davidem,</strong></span> <span class='ocrx_word' id='word_1_206' title='bbox 2563 1273 2707 1325; x_wconf 91' lang='lat' dir='ltr'><strong>unde</strong></span> <span class='ocrx_word' id='word_1_207' title='bbox 2741 1271 2848 1325; x_wconf 79' lang='lat' dir='ltr'><strong>Deo</strong></span> <span class='ocrx_word' id='word_1_208' title='bbox 2875 1275 3092 1327; x_wconf 82' lang='lat' dir='ltr'><strong>contexi</strong></span> <span class='ocrx_word' id='word_1_209' title='bbox 3127 1274 3445 1328; x_wconf 90' lang='lat' dir='ltr'><strong>indumenta</strong></span> <span class='ocrx_word' id='word_1_210' title='bbox 3478 1270 3656 1329; x_wconf 79' lang='lat' dir='ltr'><strong>di&#39;cat:</strong></span> 
     </span>
    </p>
   </div>
   <div class='ocr_carea' id='block_1_28' title="bbox 2086 1363 3660 1436">
    <p class='ocr_par' dir='ltr' id='par_1_28' title="bbox 2086 1363 3660 1436">
     <span class='ocr_line' id='line_1_28' title="bbox 2086 1363 3660 1436; baseline -0.001 -16"><span class='ocrx_word' id='word_1_211' title='bbox 2086 1365 2478 1436; x_wconf 72' lang='lat' dir='ltr'><strong>Confessionem</strong></span> <span class='ocrx_word' id='word_1_212' title='bbox 2509 1374 2558 1418; x_wconf 87' lang='lat' dir='ltr'><strong>et</strong></span> <span class='ocrx_word' id='word_1_213' title='bbox 2602 1363 3050 1432; x_wconf 81' lang='lat' dir='ltr'><strong>magniﬁcentiam</strong></span> <span class='ocrx_word' id='word_1_214' title='bbox 3083 1363 3365 1430; x_wconf 74' lang='lat' dir='ltr'><strong>induisli&#39;,</strong></span> <span class='ocrx_word' id='word_1_215' title='bbox 3402 1365 3660 1434; x_wconf 89' lang='lat' dir='ltr'><strong>superin-</strong></span> 
     </span>
    </p>
   </div>
   <div class='ocr_carea' id='block_1_29' title="bbox 2081 1453 3661 1526">
    <p class='ocr_par' dir='ltr' id='par_1_29' title="bbox 2081 1453 3661 1526">
     <span class='ocr_line' id='line_1_29' title="bbox 2081 1453 3661 1526; baseline 0 -16"><span class='ocrx_word' id='word_1_216' title='bbox 2081 1458 2281 1526; x_wconf 86' lang='lat' dir='ltr'><strong>jiciens</strong></span> <span class='ocrx_word' id='word_1_217' title='bbox 2327 1456 2511 1512; x_wconf 84' lang='lat' dir='ltr'><strong>lumen</strong></span> <span class='ocrx_word' id='word_1_218' title='bbox 2561 1455 2718 1524; x_wconf 89' lang='lat' dir='ltr'><strong>quasi</strong></span> <span class='ocrx_word' id='word_1_219' title='bbox 2769 1453 3014 1523; x_wconf 81' lang='lat' dir='ltr'><strong>pallium.</strong></span> <span class='ocrx_word' id='word_1_220' title='bbox 3078 1454 3240 1510; x_wconf 83' lang='lat' dir='ltr'><strong>Vides</strong></span> <span class='ocrx_word' id='word_1_221' title='bbox 3289 1471 3410 1526; x_wconf 63' lang='lat' dir='ltr'><strong>quae</strong></span> <span class='ocrx_word' id='word_1_222' title='bbox 3457 1456 3661 1524; x_wconf 85' lang='lat' dir='ltr'><strong>quibus</strong></span> 
     </span>
    </p>
   </div>
   <div class='ocr_carea' id='block_1_30' title="bbox 2086 1549 3657 1620">
    <p class='ocr_par' dir='ltr' id='par_1_30' title="bbox 2086 1549 3657 1620">
     <span class='ocr_line' id='line_1_30' title="bbox 2086 1549 3657 1620; baseline -0.001 -16"><span class='ocrx_word' id='word_1_223' title='bbox 2086 1549 2539 1605; x_wconf 85' lang='lat' dir='ltr'><strong>counnutaverit?</strong></span> <span class='ocrx_word' id='word_1_224' title='bbox 2580 1549 2744 1620; x_wconf 84' lang='lat' dir='ltr'><strong>Angit</strong></span> <span class='ocrx_word' id='word_1_225' title='bbox 2789 1558 2841 1604; x_wconf 90' lang='lat' dir='ltr'><strong>te</strong></span> <span class='ocrx_word' id='word_1_226' title='bbox 2888 1556 3051 1616; x_wconf 88' lang='lat' dir='ltr'><strong>atque</strong></span> <span class='ocrx_word' id='word_1_227' title='bbox 3091 1549 3379 1604; x_wconf 89' lang='lat' dir='ltr'><strong>molestum</strong></span> <span class='ocrx_word' id='word_1_228' title='bbox 3421 1557 3506 1603; x_wconf 90' lang='lat' dir='ltr'><strong>est</strong></span> <span class='ocrx_word' id='word_1_229' title='bbox 3537 1549 3657 1612; x_wconf 88' lang='lat' dir='ltr'><strong>tibi,</strong></span> 
     </span>
    </p>
   </div>
   <div class='ocr_carea' id='block_1_31' title="bbox 2087 1639 3658 1711">
    <p class='ocr_par' dir='ltr' id='par_1_31' title="bbox 2087 1639 3658 1711">
     <span class='ocr_line' id='line_1_31' title="bbox 2087 1639 3658 1711; baseline -0.001 -18"><span class='ocrx_word' id='word_1_230' title='bbox 2087 1641 2230 1710; x_wconf 90' lang='lat' dir='ltr'><strong>quod</strong></span> <span class='ocrx_word' id='word_1_231' title='bbox 2279 1641 2530 1711; x_wconf 87' lang='lat' dir='ltr'><strong>corporis</strong></span> <span class='ocrx_word' id='word_1_232' title='bbox 2569 1641 2735 1695; x_wconf 89' lang='lat' dir='ltr'><strong>decor</strong></span> <span class='ocrx_word' id='word_1_233' title='bbox 2787 1655 2897 1694; x_wconf 92' lang='lat' dir='ltr'><strong>non</strong></span> <span class='ocrx_word' id='word_1_234' title='bbox 2949 1639 3183 1709; x_wconf 86' lang='lat' dir='ltr'><strong>amplius</strong></span> <span class='ocrx_word' id='word_1_235' title='bbox 3232 1648 3502 1708; x_wconf 83' lang='lat' dir='ltr'><strong>apparet:</strong></span> <span class='ocrx_word' id='word_1_236' title='bbox 3549 1654 3658 1693; x_wconf 87' lang='lat' dir='ltr'><strong>non</strong></span> 
     </span>
    </p>
   </div>
   <div class='ocr_carea' id='block_1_32' title="bbox 2089 1727 3660 1800">
    <p class='ocr_par' dir='ltr' id='par_1_32' title="bbox 2089 1727 3660 1800">
     <span class='ocr_line' id='line_1_32' title="bbox 2089 1727 3660 1800; baseline -0.005 -14"><span class='ocrx_word' id='word_1_237' title='bbox 2089 1731 2234 1786; x_wconf 89' lang='lat' dir='ltr'><strong>enim</strong></span> <span class='ocrx_word' id='word_1_238' title='bbox 2269 1731 2420 1784; x_wconf 81' lang='lat' dir='ltr'><strong>vides</strong></span> <span class='ocrx_word' id='word_1_239' title='bbox 2448 1731 2571 1800; x_wconf 87' lang='lat' dir='ltr'><strong>ejus</strong></span> <span class='ocrx_word' id='word_1_240' title='bbox 2605 1745 2784 1784; x_wconf 87' lang='lat' dir='ltr'><strong>veram</strong></span> <span class='ocrx_word' id='word_1_241' title='bbox 2820 1727 2989 1782; x_wconf 88' lang='lat' dir='ltr'><strong>animi</strong></span> <span class='ocrx_word' id='word_1_242' title='bbox 3023 1727 3504 1798; x_wconf 87' lang='lat' dir='ltr'><strong>pulchritudinem.</strong></span> <span class='ocrx_word' id='word_1_243' title='bbox 3537 1742 3660 1795; x_wconf 69' lang='lat' dir='ltr'><strong>qua:</strong></span> 
     </span>
    </p>
   </div>
   <div class='ocr_carea' id='block_1_33' title="bbox 406 1813 1989 1895">
    <p class='ocr_par' dir='ltr' id='par_1_33' title="bbox 406 1823 1989 1895">
     <span class='ocr_line' id='line_1_33' title="bbox 406 1823 1989 1895; baseline 0.002 -20"><span class='ocrx_word' id='word_1_244' title='bbox 406 1827 609 1886; x_wconf 81' lang='grc' dir='ltr'>ἐκεῖνος</span> <span class='ocrx_word' id='word_1_245' title='bbox 646 1825 674 1876; x_wconf 82' lang='grc' dir='ltr'><strong>ὁ</strong></span> <span class='ocrx_word' id='word_1_246' title='bbox 710 1823 986 1894; x_wconf 77' lang='grc' dir='ltr'>ὀφθαλμὸς</span> <span class='ocrx_word' id='word_1_247' title='bbox 1028 1826 1056 1877; x_wconf 89' lang='grc' dir='ltr'>ὁ</span> <span class='ocrx_word' id='word_1_248' title='bbox 1087 1825 1180 1877; x_wconf 76' lang='grc' dir='ltr'>τὸν</span> <span class='ocrx_word' id='word_1_249' title='bbox 1225 1825 1358 1877; x_wconf 78' lang='grc' dir='ltr'>Θεὸν</span> <span class='ocrx_word' id='word_1_250' title='bbox 1408 1824 1616 1894; x_wconf 84' lang='grc' dir='ltr'>βλέπων</span> <span class='ocrx_word' id='word_1_251' title='bbox 1651 1827 1664 1878; x_wconf 89' lang='lat'>!</span> <span class='ocrx_word' id='word_1_252' title='bbox 1701 1825 1777 1887; x_wconf 84' lang='grc' dir='ltr'><strong>ῶς</strong></span> <span class='ocrx_word' id='word_1_253' title='bbox 1803 1825 1902 1895; x_wconf 80' lang='grc' dir='ltr'>ἡδὺ</span> <span class='ocrx_word' id='word_1_254' title='bbox 1931 1827 1989 1878; x_wconf 73' lang='grc' dir='ltr'><strong>τὸ</strong></span> 
     </span>
    </p>
   </div>
   <div class='ocr_carea' id='block_1_34' title="bbox 2094 1813 3659 1895">
    <p class='ocr_par' dir='ltr' id='par_1_34' title="bbox 2094 1818 3659 1888">
     <span class='ocr_line' id='line_1_34' title="bbox 2094 1818 3659 1888; baseline -0.003 -13"><span class='ocrx_word' id='word_1_255' title='bbox 2094 1837 2239 1875; x_wconf 91' lang='lat' dir='ltr'><strong>nunc</strong></span> <span class='ocrx_word' id='word_1_256' title='bbox 2270 1823 2324 1875; x_wconf 91' lang='lat' dir='ltr'><strong>in</strong></span> <span class='ocrx_word' id='word_1_257' title='bbox 2355 1831 2628 1876; x_wconf 87' lang='lat' dir='ltr'><strong>conventu</strong></span> <span class='ocrx_word' id='word_1_258' title='bbox 2663 1822 2906 1876; x_wconf 71' lang='lat' dir='ltr'><strong>cmlitum</strong></span> <span class='ocrx_word' id='word_1_259' title='bbox 2948 1819 3183 1874; x_wconf 81' lang='lat' dir='ltr'><strong>exsultat</strong></span> <span class='ocrx_word' id='word_1_260' title='bbox 3211 1827 3376 1888; x_wconf 90' lang='lat' dir='ltr'><strong>atque</strong></span> <span class='ocrx_word' id='word_1_261' title='bbox 3402 1818 3613 1872; x_wconf 69' lang='lat' dir='ltr'><strong>laetatur</strong></span> <span class='ocrx_word' id='word_1_262' title='bbox 3645 1835 3659 1871; x_wconf 89' lang='lat'><strong>:</strong></span> 
     </span>
    </p>
   </div>
   <div class='ocr_carea' id='block_1_35' title="bbox 408 1916 1983 1988">
    <p class='ocr_par' dir='ltr' id='par_1_35' title="bbox 408 1916 1983 1988">
     <span class='ocr_line' id='line_1_35' title="bbox 408 1916 1983 1988; baseline 0.002 -19"><span class='ocrx_word' id='word_1_263' title='bbox 408 1917 580 1987; x_wconf 84' lang='grc' dir='ltr'>στόμα</span> <span class='ocrx_word' id='word_1_264' title='bbox 618 1918 738 1980; x_wconf 90' lang='grc' dir='ltr'>ταῖς</span> <span class='ocrx_word' id='word_1_265' title='bbox 772 1916 944 1980; x_wconf 88' lang='grc' dir='ltr'>θείαις</span> <span class='ocrx_word' id='word_1_266' title='bbox 992 1917 1284 1988; x_wconf 80' lang='grc' dir='ltr'>ὑμνῳδίαις</span> <span class='ocrx_word' id='word_1_267' title='bbox 1340 1917 1843 1987; x_wconf 74' lang='grc' dir='ltr'>καλλωπιζόμενονί</span> <span class='ocrx_word' id='word_1_268' title='bbox 1888 1917 1983 1972; x_wconf 84' lang='grc' dir='ltr'>Ἐκ</span> 
     </span>
    </p>
   </div>
   <div class='ocr_carea' id='block_1_36' title="bbox 405 2007 1983 2078">
    <p class='ocr_par' dir='ltr' id='par_1_36' title="bbox 405 2007 1983 2078">
     <span class='ocr_line' id='line_1_36' title="bbox 405 2007 1983 2078; baseline 0.001 -18"><span class='ocrx_word' id='word_1_269' title='bbox 405 2008 700 2075; x_wconf 81' lang='grc' dir='ltr'>στόματος</span> <span class='ocrx_word' id='word_1_270' title='bbox 725 2007 853 2078; x_wconf 79' lang='grc' dir='ltr'>γὰρ,</span> <span class='ocrx_word' id='word_1_271' title='bbox 881 2009 1033 2076; x_wconf 76' lang='grc' dir='ltr'>φησὶ,</span> <span class='ocrx_word' id='word_1_272' title='bbox 1061 2009 1293 2074; x_wconf 74' lang='grc' dir='ltr'>νηπίων</span> <span class='ocrx_word' id='word_1_273' title='bbox 1321 2009 1417 2061; x_wconf 76' lang='grc' dir='ltr'>καὶ</span> <span class='ocrx_word' id='word_1_274' title='bbox 1449 2007 1824 2075; x_wconf 76' lang='grc' dir='ltr'>θηλαζόντων</span> <span class='ocrx_word' id='word_1_275' title='bbox 1843 2025 1983 2062; x_wconf 84' lang='grc' dir='ltr'>κατ-</span> 
     </span>
    </p>
   </div>
   <div class='ocr_carea' id='block_1_37' title="bbox 406 2091 1987 2168">
    <p class='ocr_par' dir='ltr' id='par_1_37' title="bbox 406 2091 1987 2168">
     <span class='ocr_line' id='line_1_37' title="bbox 406 2091 1987 2168; baseline 0.002 -21"><span class='ocrx_word' id='word_1_276' title='bbox 406 2096 628 2162; x_wconf 77' lang='grc' dir='ltr'>ηρτίσω</span> <span class='ocrx_word' id='word_1_277' title='bbox 673 2091 865 2148; x_wconf 74' lang='grc' dir='ltr'><strong>αἶνον.</strong></span> <span class='ocrx_word' id='word_1_278' title='bbox 905 2096 994 2158; x_wconf 84' lang='grc' dir='ltr'>Ὠς</span> <span class='ocrx_word' id='word_1_279' title='bbox 1033 2095 1195 2148; x_wconf 68' lang='grc' dir='ltr'>καλαὶ</span> <span class='ocrx_word' id='word_1_280' title='bbox 1223 2098 1279 2149; x_wconf 81' lang='grc' dir='ltr'>αἱ</span> <span class='ocrx_word' id='word_1_281' title='bbox 1319 2099 1497 2167; x_wconf 85' lang='grc' dir='ltr'>χεῖρες</span> <span class='ocrx_word' id='word_1_282' title='bbox 1533 2099 1588 2150; x_wconf 87' lang='grc' dir='ltr'>αἱ</span> <span class='ocrx_word' id='word_1_283' title='bbox 1632 2097 1898 2168; x_wconf 86' lang='grc' dir='ltr'>μηδέποτε</span> <span class='ocrx_word' id='word_1_284' title='bbox 1925 2097 1987 2150; x_wconf 84' lang='grc' dir='ltr'><strong>τὸ</strong></span> 
     </span>
    </p>
   </div>
   <div class='ocr_carea' id='block_1_38' title="bbox 409 2185 1987 2258">
    <p class='ocr_par' dir='ltr' id='par_1_38' title="bbox 409 2185 1987 2258">
     <span class='ocr_line' id='line_1_38' title="bbox 409 2185 1987 2258; baseline 0.001 -20"><span class='ocrx_word' id='word_1_285' title='bbox 409 2185 576 2238; x_wconf 76' lang='grc' dir='ltr'>κακὸν</span> <span class='ocrx_word' id='word_1_286' title='bbox 609 2187 970 2256; x_wconf 77' lang='grc' dir='ltr'>ἐνεργήσασαι</span> <span class='ocrx_word' id='word_1_287' title='bbox 1007 2187 1018 2238; x_wconf 86' lang='lat'><strong>!</strong></span> <span class='ocrx_word' id='word_1_288' title='bbox 1063 2186 1136 2248; x_wconf 85' lang='grc' dir='ltr'>ὡς</span> <span class='ocrx_word' id='word_1_289' title='bbox 1163 2186 1351 2256; x_wconf 80' lang='grc' dir='ltr'>ὡραῖοι</span> <span class='ocrx_word' id='word_1_290' title='bbox 1380 2187 1429 2238; x_wconf 91' lang='grc' dir='ltr'><strong>οί</strong></span> <span class='ocrx_word' id='word_1_291' title='bbox 1468 2187 1658 2253; x_wconf 80' lang='grc' dir='ltr'>πόδες,</span> <span class='ocrx_word' id='word_1_292' title='bbox 1685 2188 1734 2239; x_wconf 85' lang='grc' dir='ltr'><strong>οί</strong></span> <span class='ocrx_word' id='word_1_293' title='bbox 1766 2188 1841 2258; x_wconf 79' lang='grc' dir='ltr'>μὴ</span> <span class='ocrx_word' id='word_1_294' title='bbox 1865 2189 1987 2240; x_wconf 76' lang='grc' dir='ltr'>επι-</span> 
     </span>
    </p>
   </div>
   <div class='ocr_carea' id='block_1_39' title="bbox 409 2276 1988 2348">
    <p class='ocr_par' dir='ltr' id='par_1_39' title="bbox 409 2276 1988 2348">
     <span class='ocr_line' id='line_1_39' title="bbox 409 2276 1988 2348; baseline 0.002 -22"><span class='ocrx_word' id='word_1_295' title='bbox 409 2277 598 2337; x_wconf 70' lang='grc' dir='ltr'>ϐάντες</span> <span class='ocrx_word' id='word_1_296' title='bbox 640 2278 875 2339; x_wconf 87' lang='grc' dir='ltr'>κακίας,</span> <span class='ocrx_word' id='word_1_297' title='bbox 922 2276 1054 2346; x_wconf 81' lang='grc' dir='ltr'>μηδὲ</span> <span class='ocrx_word' id='word_1_298' title='bbox 1101 2280 1165 2347; x_wconf 85' lang='grc' dir='ltr'>τῇ</span> <span class='ocrx_word' id='word_1_299' title='bbox 1220 2276 1323 2347; x_wconf 79' lang='grc' dir='ltr'><strong>ὁδῷ</strong></span> <span class='ocrx_word' id='word_1_300' title='bbox 1381 2277 1488 2331; x_wconf 86' lang='grc' dir='ltr'><strong>τῶν</strong></span> <span class='ocrx_word' id='word_1_301' title='bbox 1545 2278 1882 2348; x_wconf 81' lang='grc' dir='ltr'>ἁμαρτωλῶν</span> <span class='ocrx_word' id='word_1_302' title='bbox 1927 2278 1988 2330; x_wconf 76' lang='grc' dir='ltr'>τὸ</span> 
     </span>
    </p>
   </div>
   <div class='ocr_carea' id='block_1_40' title="bbox 411 2366 1989 2440">
    <p class='ocr_par' dir='ltr' id='par_1_40' title="bbox 411 2366 1989 2440">
     <span class='ocr_line' id='line_1_40' title="bbox 411 2366 1989 2440; baseline 0.001 -21"><span class='ocrx_word' id='word_1_303' title='bbox 411 2369 555 2437; x_wconf 81' lang='grc' dir='ltr'>ἴχνος</span> <span class='ocrx_word' id='word_1_304' title='bbox 600 2366 807 2420; x_wconf 82' lang='grc' dir='ltr'>ἑαυτῶν</span> <span class='ocrx_word' id='word_1_305' title='bbox 869 2368 1258 2435; x_wconf 77' lang='grc' dir='ltr'>ἐπιστήσαντες</span> <span class='ocrx_word' id='word_1_306' title='bbox 1300 2369 1315 2422; x_wconf 86' lang='lat'><strong>!</strong></span> <span class='ocrx_word' id='word_1_307' title='bbox 1364 2368 1439 2431; x_wconf 84' lang='grc' dir='ltr'>ὼς</span> <span class='ocrx_word' id='word_1_308' title='bbox 1501 2369 1640 2440; x_wconf 82' lang='grc' dir='ltr'>καλὴ</span> <span class='ocrx_word' id='word_1_309' title='bbox 1689 2371 1838 2422; x_wconf 78' lang='grc' dir='ltr'>πᾶσα</span> <span class='ocrx_word' id='word_1_310' title='bbox 1889 2369 1989 2439; x_wconf 78' lang='grc' dir='ltr'>τῆς</span> 
     </span>
    </p>
   </div>
   <div class='ocr_carea' id='block_1_41' title="bbox 408 2458 1986 2530">
    <p class='ocr_par' dir='ltr' id='par_1_41' title="bbox 408 2458 1986 2530">
     <span class='ocr_line' id='line_1_41' title="bbox 408 2458 1986 2530; baseline 0.001 -20"><span class='ocrx_word' id='word_1_311' title='bbox 408 2460 583 2529; x_wconf 67' lang='grc' dir='ltr'>ψυχῆς</span> <span class='ocrx_word' id='word_1_312' title='bbox 610 2459 874 2530; x_wconf 77' lang='grc' dir='ltr'>ἐκείνηςή</span> <span class='ocrx_word' id='word_1_313' title='bbox 902 2458 1042 2528; x_wconf 71' lang='grc' dir='ltr'>ὄψις,</span> <span class='ocrx_word' id='word_1_314' title='bbox 1070 2459 1129 2512; x_wconf 89' lang='grc' dir='ltr'><strong>οὑ</strong></span> <span class='ocrx_word' id='word_1_315' title='bbox 1160 2459 1322 2511; x_wconf 87' lang='grc' dir='ltr'>λίθων</span> <span class='ocrx_word' id='word_1_316' title='bbox 1350 2460 1542 2526; x_wconf 81' lang='grc' dir='ltr'>αὐγαῖς</span> <span class='ocrx_word' id='word_1_317' title='bbox 1581 2461 1986 2530; x_wconf 84' lang='grc' dir='ltr'>κεκοσμημένη,</span> 
     </span>
    </p>
   </div>
   <div class='ocr_carea' id='block_1_42' title="bbox 413 2549 1992 2621">
    <p class='ocr_par' dir='ltr' id='par_1_42' title="bbox 413 2549 1992 2621">
     <span class='ocr_line' id='line_1_42' title="bbox 413 2549 1992 2621; baseline 0.001 -20"><span class='ocrx_word' id='word_1_318' title='bbox 413 2551 526 2602; x_wconf 83' lang='grc' dir='ltr'>ἀλλ’</span> <span class='ocrx_word' id='word_1_319' title='bbox 561 2550 822 2621; x_wconf 79' lang='grc' dir='ltr'>ἁπλότητι</span> <span class='ocrx_word' id='word_1_320' title='bbox 854 2553 948 2603; x_wconf 73' lang='grc' dir='ltr'><strong>καὶ</strong></span> <span class='ocrx_word' id='word_1_321' title='bbox 983 2550 1188 2620; x_wconf 76' lang='grc' dir='ltr'>ἀκακία</span> <span class='ocrx_word' id='word_1_322' title='bbox 1207 2549 1603 2619; x_wconf 76' lang='grc' dir='ltr'>ὲκλάμπουσαε</span> <span class='ocrx_word' id='word_1_323' title='bbox 1649 2549 1807 2603; x_wconf 82' lang='grc' dir='ltr'>Ἀλλά</span> <span class='ocrx_word' id='word_1_324' title='bbox 1833 2550 1992 2603; x_wconf 85' lang='grc' dir='ltr'>λυπεῖ</span> 
     </span>
    </p>
   </div>
   <div class='ocr_carea' id='block_1_43' title="bbox 414 2641 1988 2713">
    <p class='ocr_par' dir='ltr' id='par_1_43' title="bbox 414 2641 1988 2713">
     <span class='ocr_line' id='line_1_43' title="bbox 414 2641 1988 2713; baseline 0.001 -19"><span class='ocrx_word' id='word_1_325' title='bbox 414 2659 471 2694; x_wconf 86' lang='grc' dir='ltr'><strong>σε</strong></span> <span class='ocrx_word' id='word_1_326' title='bbox 505 2641 671 2711; x_wconf 79' lang='grc' dir='ltr'>τυχὸν</span> <span class='ocrx_word' id='word_1_327' title='bbox 701 2643 763 2694; x_wconf 85' lang='grc' dir='ltr'><strong>τὸ</strong></span> <span class='ocrx_word' id='word_1_328' title='bbox 812 2643 886 2712; x_wconf 88' lang='grc' dir='ltr'>μὴ</span> <span class='ocrx_word' id='word_1_329' title='bbox 918 2644 994 2705; x_wconf 86' lang='grc' dir='ltr'><strong>είς</strong></span> <span class='ocrx_word' id='word_1_330' title='bbox 1022 2642 1198 2712; x_wconf 80' lang='grc' dir='ltr'>γῆρας</span> <span class='ocrx_word' id='word_1_331' title='bbox 1224 2641 1416 2694; x_wconf 80' lang='grc' dir='ltr'>ἐλθεῖν.</span> <span class='ocrx_word' id='word_1_332' title='bbox 1457 2642 1522 2694; x_wconf 88' lang='grc' dir='ltr'>Τί</span> <span class='ocrx_word' id='word_1_333' title='bbox 1569 2641 1694 2711; x_wconf 80' lang='grc' dir='ltr'>γὰρ,</span> <span class='ocrx_word' id='word_1_334' title='bbox 1720 2641 1838 2694; x_wconf 84' lang='grc' dir='ltr'>είπέ</span> <span class='ocrx_word' id='word_1_335' title='bbox 1879 2660 1988 2713; x_wconf 90' lang='grc' dir='ltr'>μοι,</span> 
     </span>
    </p>
   </div>
   <div class='ocr_carea' id='block_1_44' title="bbox 410 2728 1992 2804">
    <p class='ocr_par' dir='ltr' id='par_1_44' title="bbox 410 2728 1992 2804">
     <span class='ocr_line' id='line_1_44' title="bbox 410 2728 1992 2804; baseline 0.001 -20"><span class='ocrx_word' id='word_1_336' title='bbox 410 2733 571 2785; x_wconf 79' lang='grc' dir='ltr'>καλὸν</span> <span class='ocrx_word' id='word_1_337' title='bbox 603 2735 796 2804; x_wconf 78' lang='grc' dir='ltr'>ἐνορᾷς</span> <span class='ocrx_word' id='word_1_338' title='bbox 818 2733 893 2802; x_wconf 82' lang='grc' dir='ltr'><strong>τῷ</strong></span> <span class='ocrx_word' id='word_1_339' title='bbox 921 2734 1102 2804; x_wconf 75' lang='grc' dir='ltr'>γήρᾳ;</span> <span class='ocrx_word' id='word_1_340' title='bbox 1133 2728 1276 2802; x_wconf 72' lang='grc' dir='ltr'>Ἀρα</span> <span class='ocrx_word' id='word_1_341' title='bbox 1324 2732 1486 2785; x_wconf 84' lang='grc' dir='ltr'>καλὸν</span> <span class='ocrx_word' id='word_1_342' title='bbox 1518 2731 1577 2784; x_wconf 82' lang='grc' dir='ltr'>τὸ</span> <span class='ocrx_word' id='word_1_343' title='bbox 1622 2731 1897 2796; x_wconf 80' lang='grc' dir='ltr'>κνίςεσθαι</span> <span class='ocrx_word' id='word_1_344' title='bbox 1923 2731 1992 2785; x_wconf 75' lang='grc' dir='ltr'>τὰ</span> 
     </span>
    </p>
   </div>
   <div class='ocr_carea' id='block_1_45' title="bbox 411 2817 1992 2889">
    <p class='ocr_par' dir='ltr' id='par_1_45' title="bbox 411 2817 1992 2889">
     <span class='ocr_line' id='line_1_45' title="bbox 411 2817 1992 2889; baseline 0.002 -20"><span class='ocrx_word' id='word_1_345' title='bbox 411 2817 658 2887; x_wconf 74' lang='grc' dir='ltr'>ὄμματα,</span> <span class='ocrx_word' id='word_1_346' title='bbox 683 2817 744 2870; x_wconf 82' lang='grc' dir='ltr'><strong>τὸ</strong></span> <span class='ocrx_word' id='word_1_347' title='bbox 768 2817 1061 2889; x_wconf 77' lang='grc' dir='ltr'>ῥυσοῦσθαι</span> <span class='ocrx_word' id='word_1_348' title='bbox 1085 2818 1184 2888; x_wconf 79' lang='grc' dir='ltr'><strong>τὴν</strong></span> <span class='ocrx_word' id='word_1_349' title='bbox 1224 2818 1475 2889; x_wconf 79' lang='grc' dir='ltr'>παρειὰν,</span> <span class='ocrx_word' id='word_1_350' title='bbox 1495 2818 1555 2871; x_wconf 76' lang='grc' dir='ltr'>τὸ</span> <span class='ocrx_word' id='word_1_351' title='bbox 1574 2820 1834 2889; x_wconf 73' lang='grc' dir='ltr'>ἀπορρεῖν</span> <span class='ocrx_word' id='word_1_352' title='bbox 1866 2821 1992 2882; x_wconf 79' lang='grc' dir='ltr'>τοὺς</span> 
     </span>
    </p>
   </div>
   <div class='ocr_carea' id='block_1_46' title="bbox 412 2908 1990 2980">
    <p class='ocr_par' dir='ltr' id='par_1_46' title="bbox 412 2908 1990 2980">
     <span class='ocr_line' id='line_1_46' title="bbox 412 2908 1990 2980; baseline 0.003 -22"><span class='ocrx_word' id='word_1_353' title='bbox 412 2908 626 2969; x_wconf 81' lang='grc' dir='ltr'>ὀδόντας</span> <span class='ocrx_word' id='word_1_354' title='bbox 678 2908 772 2960; x_wconf 80' lang='grc' dir='ltr'>τοῦ</span> <span class='ocrx_word' id='word_1_355' title='bbox 829 2909 1116 2976; x_wconf 88' lang='grc' dir='ltr'>στόματος,</span> <span class='ocrx_word' id='word_1_356' title='bbox 1161 2909 1253 2962; x_wconf 76' lang='grc' dir='ltr'><strong>καὶ</strong></span> <span class='ocrx_word' id='word_1_357' title='bbox 1303 2908 1596 2977; x_wconf 73' lang='grc' dir='ltr'>ψελλισμὸν</span> <span class='ocrx_word' id='word_1_358' title='bbox 1652 2911 1898 2980; x_wconf 75' lang='grc' dir='ltr'>ἐμποιεῖν</span> <span class='ocrx_word' id='word_1_359' title='bbox 1925 2913 1990 2980; x_wconf 82' lang='grc' dir='ltr'>τῇ</span> 
     </span>
    </p>
   </div>
   <div class='ocr_carea' id='block_1_47' title="bbox 413 2996 1993 3071">
    <p class='ocr_par' dir='ltr' id='par_1_47' title="bbox 413 2996 1993 3071">
     <span class='ocr_line' id='line_1_47' title="bbox 413 2996 1993 3071; baseline 0.004 -24"><span class='ocrx_word' id='word_1_360' title='bbox 413 2996 652 3067; x_wconf 77' lang='grc' dir='ltr'>γλώσσῃ,</span> <span class='ocrx_word' id='word_1_361' title='bbox 691 2998 752 3050; x_wconf 74' lang='grc' dir='ltr'><strong>τὸ</strong></span> <span class='ocrx_word' id='word_1_362' title='bbox 799 2999 1127 3069; x_wconf 83' lang='grc' dir='ltr'>ὑποτρέμειν</span> <span class='ocrx_word' id='word_1_363' title='bbox 1173 3002 1236 3069; x_wconf 84' lang='grc' dir='ltr'>τῇ</span> <span class='ocrx_word' id='word_1_364' title='bbox 1281 3000 1460 3068; x_wconf 68' lang='grc' dir='ltr'>χειρὶ,</span> <span class='ocrx_word' id='word_1_365' title='bbox 1495 3001 1587 3052; x_wconf 83' lang='grc' dir='ltr'>καὶ</span> <span class='ocrx_word' id='word_1_366' title='bbox 1621 3002 1700 3064; x_wconf 88' lang='grc' dir='ltr'><strong>είς</strong></span> <span class='ocrx_word' id='word_1_367' title='bbox 1747 3003 1850 3071; x_wconf 85' lang='grc' dir='ltr'><strong>γῆν</strong></span> <span class='ocrx_word' id='word_1_368' title='bbox 1899 3001 1993 3054; x_wconf 77' lang='grc' dir='ltr'>κύο</span> 
     </span>
    </p>
   </div>
   <div class='ocr_carea' id='block_1_48' title="bbox 416 3088 1996 3160">
    <p class='ocr_par' dir='ltr' id='par_1_48' title="bbox 416 3088 1996 3160">
     <span class='ocr_line' id='line_1_48' title="bbox 416 3088 1996 3160; baseline 0.003 -21"><span class='ocrx_word' id='word_1_369' title='bbox 416 3105 589 3149; x_wconf 84' lang='grc' dir='ltr'>πτειν,</span> <span class='ocrx_word' id='word_1_370' title='bbox 614 3088 707 3140; x_wconf 72' lang='grc' dir='ltr'>καὶ</span> <span class='ocrx_word' id='word_1_371' title='bbox 753 3089 1085 3152; x_wconf 80' lang='grc' dir='ltr'>ὑποσκάζειν</span> <span class='ocrx_word' id='word_1_372' title='bbox 1115 3089 1192 3159; x_wconf 80' lang='grc' dir='ltr'><strong>τῷ</strong></span> <span class='ocrx_word' id='word_1_373' title='bbox 1229 3091 1372 3151; x_wconf 76' lang='grc' dir='ltr'>ποδὶ,</span> <span class='ocrx_word' id='word_1_374' title='bbox 1400 3089 1491 3142; x_wconf 80' lang='grc' dir='ltr'>καὶ</span> <span class='ocrx_word' id='word_1_375' title='bbox 1535 3094 1886 3160; x_wconf 84' lang='grc' dir='ltr'>χειραγωγοῖς</span> <span class='ocrx_word' id='word_1_376' title='bbox 1906 3094 1996 3144; x_wconf 81' lang='grc' dir='ltr'>ἑπ-</span> 
     </span>
    </p>
   </div>
   <div class='ocr_carea' id='block_1_49' title="bbox 2089 1909 3664 1982">
    <p class='ocr_par' dir='ltr' id='par_1_49' title="bbox 2089 1909 3664 1982">
     <span class='ocr_line' id='line_1_49' title="bbox 2089 1909 3664 1982; baseline -0.002 -17"><span class='ocrx_word' id='word_1_377' title='bbox 2089 1928 2250 1982; x_wconf 85' lang='lat' dir='ltr'><strong>quatn</strong></span> <span class='ocrx_word' id='word_1_378' title='bbox 2293 1914 2579 1982; x_wconf 87' lang='lat' dir='ltr'><strong>speciosus</strong></span> <span class='ocrx_word' id='word_1_379' title='bbox 2613 1913 2704 1970; x_wconf 93' lang='lat' dir='ltr'><strong>ille</strong></span> <span class='ocrx_word' id='word_1_380' title='bbox 2725 1914 2939 1977; x_wconf 90' lang='lat' dir='ltr'><strong>oculus,</strong></span> <span class='ocrx_word' id='word_1_381' title='bbox 2965 1911 3058 1982; x_wconf 92' lang='lat' dir='ltr'><strong>qui</strong></span> <span class='ocrx_word' id='word_1_382' title='bbox 3092 1909 3261 1966; x_wconf 87' lang='lat' dir='ltr'><strong>Deum</strong></span> <span class='ocrx_word' id='word_1_383' title='bbox 3290 1910 3474 1965; x_wconf 86' lang='lat' dir='ltr'><strong>videt:</strong></span> <span class='ocrx_word' id='word_1_384' title='bbox 3499 1923 3664 1978; x_wconf 88' lang='lat' dir='ltr'><strong>quam</strong></span> 
     </span>
    </p>
   </div>
   <div class='ocr_carea' id='block_1_50' title="bbox 2091 2003 3664 2060">
    <p class='ocr_par' dir='ltr' id='par_1_50' title="bbox 2091 2003 3664 2060">
     <span class='ocr_line' id='line_1_50' title="bbox 2091 2003 3664 2060; baseline -0.001 -3"><span class='ocrx_word' id='word_1_385' title='bbox 2091 2019 2258 2058; x_wconf 89' lang='lat' dir='ltr'><strong>suave</strong></span> <span class='ocrx_word' id='word_1_386' title='bbox 2287 2018 2350 2059; x_wconf 87' lang='lat' dir='ltr'><strong>os</strong></span> <span class='ocrx_word' id='word_1_387' title='bbox 2389 2003 2699 2059; x_wconf 85' lang='lat' dir='ltr'><strong>divinarum</strong></span> <span class='ocrx_word' id='word_1_388' title='bbox 2755 2005 2974 2060; x_wconf 90' lang='lat' dir='ltr'><strong>laudum</strong></span> <span class='ocrx_word' id='word_1_389' title='bbox 3009 2003 3390 2059; x_wconf 91' lang='lat' dir='ltr'><strong>decantatione</strong></span> <span class='ocrx_word' id='word_1_390' title='bbox 3423 2017 3664 2057; x_wconf 77' lang='lat' dir='ltr'><strong>exorne-</strong></span> 
     </span>
    </p>
   </div>
   <div class='ocr_carea' id='block_1_51' title="bbox 2093 2093 3665 2165">
    <p class='ocr_par' dir='ltr' id='par_1_51' title="bbox 2093 2093 3665 2165">
     <span class='ocr_line' id='line_1_51' title="bbox 2093 2093 3665 2165; baseline -0.003 -17"><span class='ocrx_word' id='word_1_391' title='bbox 2093 2107 2223 2148; x_wconf 87' lang='lat' dir='ltr'><strong>tur:</strong></span> <span class='ocrx_word' id='word_1_392' title='bbox 2265 2093 2347 2146; x_wconf 76' lang='lat' dir='ltr'><strong>Ea:</strong></span> <span class='ocrx_word' id='word_1_393' title='bbox 2380 2111 2468 2148; x_wconf 81' lang='lat' dir='ltr'><strong>ore</strong></span> <span class='ocrx_word' id='word_1_394' title='bbox 2487 2096 2652 2157; x_wconf 87' lang='lat' dir='ltr'><strong>enim,</strong></span> <span class='ocrx_word' id='word_1_395' title='bbox 2687 2097 2882 2165; x_wconf 87' lang='lat' dir='ltr'><strong>inquit,</strong></span> <span class='ocrx_word' id='word_1_396' title='bbox 2925 2094 3210 2162; x_wconf 80' lang='lat' dir='ltr'><strong>infantium</strong></span> <span class='ocrx_word' id='word_1_397' title='bbox 3258 2104 3304 2147; x_wconf 85' lang='lat' dir='ltr'><strong>et</strong></span> <span class='ocrx_word' id='word_1_398' title='bbox 3355 2093 3665 2148; x_wconf 70' lang='lat' dir='ltr'><strong>lactentia»:</strong></span> 
     </span>
    </p>
   </div>
   <div class='ocr_carea' id='block_1_52' title="bbox 2091 2184 3669 2255">
    <p class='ocr_par' dir='ltr' id='par_1_52' title="bbox 2091 2184 3669 2255">
     <span class='ocr_line' id='line_1_52' title="bbox 2091 2184 3669 2255; baseline 0.003 -21"><span class='ocrx_word' id='word_1_399' title='bbox 2091 2184 2357 2252; x_wconf 78' lang='lat' dir='ltr'><strong>perfecisti</strong></span> <span class='ocrx_word' id='word_1_400' title='bbox 2412 2185 2676 2239; x_wconf 71' lang='lat' dir='ltr'><strong>laudem‘.</strong></span> <span class='ocrx_word' id='word_1_401' title='bbox 2736 2186 2909 2252; x_wconf 79' lang='lat' dir='ltr'><strong>Quam</strong></span> <span class='ocrx_word' id='word_1_402' title='bbox 2959 2187 3200 2255; x_wconf 57' lang='lat' dir='ltr'><strong>pulchra</strong></span> <span class='ocrx_word' id='word_1_403' title='bbox 3252 2201 3487 2251; x_wconf 87' lang='lat' dir='ltr'><strong>manus,</strong></span> <span class='ocrx_word' id='word_1_404' title='bbox 3545 2198 3669 2254; x_wconf 66' lang='lat' dir='ltr'><strong>qua:</strong></span> 
     </span>
    </p>
   </div>
   <div class='ocr_carea' id='block_1_53' title="bbox 2093 2275 3666 2347">
    <p class='ocr_par' dir='ltr' id='par_1_53' title="bbox 2093 2275 3666 2347">
     <span class='ocr_line' id='line_1_53' title="bbox 2093 2275 3666 2347; baseline 0.001 -19"><span class='ocrx_word' id='word_1_405' title='bbox 2093 2292 2371 2346; x_wconf 89' lang='lat' dir='ltr'><strong>nunquam</strong></span> <span class='ocrx_word' id='word_1_406' title='bbox 2400 2278 2602 2331; x_wconf 85' lang='lat' dir='ltr'><strong>malum</strong></span> <span class='ocrx_word' id='word_1_407' title='bbox 2625 2286 2860 2347; x_wconf 63' lang='lat' dir='ltr'><strong>operatze</strong></span> <span class='ocrx_word' id='word_1_408' title='bbox 2883 2279 3038 2335; x_wconf 87' lang='lat' dir='ltr'><strong>sunt!</strong></span> <span class='ocrx_word' id='word_1_409' title='bbox 3077 2275 3248 2343; x_wconf 85' lang='lat' dir='ltr'><strong>Quam</strong></span> <span class='ocrx_word' id='word_1_410' title='bbox 3270 2276 3453 2332; x_wconf 89' lang='lat' dir='ltr'><strong>decori</strong></span> <span class='ocrx_word' id='word_1_411' title='bbox 3479 2275 3666 2346; x_wconf 84' lang='lat' dir='ltr'><strong>pedes,</strong></span> 
     </span>
    </p>
   </div>
   <div class='ocr_carea' id='block_1_54' title="bbox 2098 2366 3664 2436">
    <p class='ocr_par' dir='ltr' id='par_1_54' title="bbox 2098 2366 3664 2436">
     <span class='ocr_line' id='line_1_54' title="bbox 2098 2366 3664 2436; baseline -0.002 -17"><span class='ocrx_word' id='word_1_412' title='bbox 2098 2366 2191 2435; x_wconf 87' lang='lat' dir='ltr'><strong>qui</strong></span> <span class='ocrx_word' id='word_1_413' title='bbox 2224 2366 2290 2420; x_wconf 91' lang='lat' dir='ltr'><strong>ad</strong></span> <span class='ocrx_word' id='word_1_414' title='bbox 2324 2366 2626 2436; x_wconf 90' lang='lat' dir='ltr'><strong>nequitiam</strong></span> <span class='ocrx_word' id='word_1_415' title='bbox 2661 2375 2822 2435; x_wconf 89' lang='lat' dir='ltr'><strong>atque</strong></span> <span class='ocrx_word' id='word_1_416' title='bbox 2855 2367 3117 2421; x_wconf 89' lang='lat' dir='ltr'><strong>malitiam</strong></span> <span class='ocrx_word' id='word_1_417' title='bbox 3150 2381 3260 2420; x_wconf 89' lang='lat' dir='ltr'><strong>non</strong></span> <span class='ocrx_word' id='word_1_418' title='bbox 3293 2373 3664 2427; x_wconf 88' lang='lat' dir='ltr'><strong>accesserunt,</strong></span> 
     </span>
    </p>
   </div>
   <div class='ocr_carea' id='block_1_55' title="bbox 2103 2456 3665 2530">
    <p class='ocr_par' dir='ltr' id='par_1_55' title="bbox 2103 2456 3665 2530">
     <span class='ocr_line' id='line_1_55' title="bbox 2103 2456 3665 2530; baseline 0 -18"><span class='ocrx_word' id='word_1_419' title='bbox 2103 2473 2277 2528; x_wconf 89' lang='lat' dir='ltr'><strong>neque</strong></span> <span class='ocrx_word' id='word_1_420' title='bbox 2320 2460 2375 2512; x_wconf 91' lang='lat' dir='ltr'><strong>in</strong></span> <span class='ocrx_word' id='word_1_421' title='bbox 2412 2459 2496 2512; x_wconf 88' lang='lat' dir='ltr'><strong>via</strong></span> <span class='ocrx_word' id='word_1_422' title='bbox 2529 2466 2877 2530; x_wconf 89' lang='lat' dir='ltr'><strong>peccatorum</strong></span> <span class='ocrx_word' id='word_1_423' title='bbox 2919 2459 3208 2530; x_wconf 72' lang='lat' dir='ltr'><strong>vestigium</strong></span> <span class='ocrx_word' id='word_1_424' title='bbox 3242 2474 3402 2514; x_wconf 89' lang='lat' dir='ltr'><strong>suum</strong></span> <span class='ocrx_word' id='word_1_425' title='bbox 3435 2456 3665 2528; x_wconf 89' lang='lat' dir='ltr'><strong>impres-</strong></span> 
     </span>
    </p>
   </div>
   <div class='ocr_carea' id='block_1_56' title="bbox 2097 2547 3666 2620">
    <p class='ocr_par' dir='ltr' id='par_1_56' title="bbox 2097 2547 3666 2620">
     <span class='ocr_line' id='line_1_56' title="bbox 2097 2547 3666 2620; baseline -0.001 -15"><span class='ocrx_word' id='word_1_426' title='bbox 2097 2552 2318 2606; x_wconf 88' lang='lat' dir='ltr'><strong>serunt!</strong></span> <span class='ocrx_word' id='word_1_427' title='bbox 2376 2550 2549 2616; x_wconf 83' lang='lat' dir='ltr'><strong>Quam</strong></span> <span class='ocrx_word' id='word_1_428' title='bbox 2600 2550 2849 2620; x_wconf 85' lang='lat' dir='ltr'><strong>speciosa</strong></span> <span class='ocrx_word' id='word_1_429' title='bbox 2902 2558 3014 2604; x_wconf 91' lang='lat' dir='ltr'><strong>tota</strong></span> <span class='ocrx_word' id='word_1_430' title='bbox 3045 2549 3241 2604; x_wconf 76' lang='lat' dir='ltr'><strong>anima:</strong></span> <span class='ocrx_word' id='word_1_431' title='bbox 3290 2549 3433 2603; x_wconf 89' lang='lat' dir='ltr'><strong>illius</strong></span> <span class='ocrx_word' id='word_1_432' title='bbox 3477 2547 3666 2610; x_wconf 88' lang='lat' dir='ltr'><strong>facies,</strong></span> 
     </span>
    </p>
   </div>
   <div class='ocr_carea' id='block_1_57' title="bbox 2097 2639 3667 2712">
    <p class='ocr_par' dir='ltr' id='par_1_57' title="bbox 2097 2639 3667 2712">
     <span class='ocr_line' id='line_1_57' title="bbox 2097 2639 3667 2712; baseline -0.003 -16"><span class='ocrx_word' id='word_1_433' title='bbox 2097 2658 2204 2696; x_wconf 87' lang='lat' dir='ltr'><strong>non</strong></span> <span class='ocrx_word' id='word_1_434' title='bbox 2258 2641 2497 2711; x_wconf 84' lang='lat' dir='ltr'><strong>lapidum</strong></span> <span class='ocrx_word' id='word_1_435' title='bbox 2543 2640 2846 2712; x_wconf 85' lang='lat' dir='ltr'><strong>fulgoribus</strong></span> <span class='ocrx_word' id='word_1_436' title='bbox 2891 2649 3107 2704; x_wconf 88' lang='lat' dir='ltr'><strong>ornata,</strong></span> <span class='ocrx_word' id='word_1_437' title='bbox 3155 2639 3250 2694; x_wconf 90' lang='lat' dir='ltr'><strong>sed</strong></span> <span class='ocrx_word' id='word_1_438' title='bbox 3293 2640 3667 2709; x_wconf 89' lang='lat' dir='ltr'><strong>simplicitate,</strong></span> 
     </span>
    </p>
   </div>
   <div class='ocr_carea' id='block_1_58' title="bbox 2100 2728 3669 2803">
    <p class='ocr_par' dir='ltr' id='par_1_58' title="bbox 2100 2728 3669 2803">
     <span class='ocr_line' id='line_1_58' title="bbox 2100 2728 3669 2803; baseline -0.003 -17"><span class='ocrx_word' id='word_1_439' title='bbox 2100 2733 2415 2803; x_wconf 80' lang='lat' dir='ltr'><strong>integritate</strong></span> <span class='ocrx_word' id='word_1_440' title='bbox 2441 2740 2495 2786; x_wconf 90' lang='lat' dir='ltr'><strong>et</strong></span> <span class='ocrx_word' id='word_1_441' title='bbox 2523 2732 2830 2786; x_wconf 92' lang='lat' dir='ltr'><strong>innocentia</strong></span> <span class='ocrx_word' id='word_1_442' title='bbox 2859 2731 3249 2800; x_wconf 70' lang='lat' dir='ltr'><strong>resplendens!</strong></span> <span class='ocrx_word' id='word_1_443' title='bbox 3286 2728 3392 2783; x_wconf 89' lang='lat' dir='ltr'><strong>Sed</strong></span> <span class='ocrx_word' id='word_1_444' title='bbox 3434 2729 3669 2782; x_wconf 89' lang='lat' dir='ltr'><strong>forsitan</strong></span> 
     </span>
    </p>
   </div>
   <div class='ocr_carea' id='block_1_59' title="bbox 2099 2812 3671 2892">
    <p class='ocr_par' dir='ltr' id='par_1_59' title="bbox 2099 2812 3671 2892">
     <span class='ocr_line' id='line_1_59' title="bbox 2099 2812 3671 2892; baseline -0.006 -18"><span class='ocrx_word' id='word_1_445' title='bbox 2099 2824 2248 2892; x_wconf 80' lang='lat' dir='ltr'><strong>angit</strong></span> <span class='ocrx_word' id='word_1_446' title='bbox 2285 2832 2358 2885; x_wconf 89' lang='lat' dir='ltr'><strong>te,</strong></span> <span class='ocrx_word' id='word_1_447' title='bbox 2407 2820 2550 2890; x_wconf 92' lang='lat' dir='ltr'><strong>quod</strong></span> <span class='ocrx_word' id='word_1_448' title='bbox 2589 2819 2656 2873; x_wconf 87' lang='lat' dir='ltr'><strong>ad</strong></span> <span class='ocrx_word' id='word_1_449' title='bbox 2687 2829 3020 2874; x_wconf 85' lang='lat' dir='ltr'><strong>senectutem</strong></span> <span class='ocrx_word' id='word_1_450' title='bbox 3061 2833 3169 2870; x_wconf 91' lang='lat' dir='ltr'><strong>non</strong></span> <span class='ocrx_word' id='word_1_451' title='bbox 3222 2814 3492 2885; x_wconf 88' lang='lat' dir='ltr'><strong>pervenit.</strong></span> <span class='ocrx_word' id='word_1_452' title='bbox 3527 2812 3671 2879; x_wconf 80' lang='lat' dir='ltr'><strong>Quid</strong></span> 
     </span>
    </p>
   </div>
   <div class='ocr_carea' id='block_1_60' title="bbox 2102 2903 3670 2981">
    <p class='ocr_par' dir='ltr' id='par_1_60' title="bbox 2102 2903 3670 2981">
     <span class='ocr_line' id='line_1_60' title="bbox 2102 2903 3670 2981; baseline -0.006 -15"><span class='ocrx_word' id='word_1_453' title='bbox 2102 2927 2250 2975; x_wconf 88' lang='lat' dir='ltr'><strong>vero,</strong></span> <span class='ocrx_word' id='word_1_454' title='bbox 2297 2912 2384 2965; x_wconf 92' lang='lat' dir='ltr'><strong>dic</strong></span> <span class='ocrx_word' id='word_1_455' title='bbox 2416 2911 2546 2964; x_wconf 88' lang='lat' dir='ltr'><strong>mihi</strong></span> <span class='ocrx_word' id='word_1_456' title='bbox 2574 2949 2588 2973; x_wconf 97' lang='lat'><strong>,</strong></span> <span class='ocrx_word' id='word_1_457' title='bbox 2640 2909 2852 2981; x_wconf 89' lang='lat' dir='ltr'><strong>pulchri</strong></span> <span class='ocrx_word' id='word_1_458' title='bbox 2893 2909 3074 2962; x_wconf 88' lang='lat' dir='ltr'><strong>cernis</strong></span> <span class='ocrx_word' id='word_1_459' title='bbox 3119 2908 3174 2960; x_wconf 91' lang='lat' dir='ltr'><strong>in</strong></span> <span class='ocrx_word' id='word_1_460' title='bbox 3222 2903 3538 2960; x_wconf 87' lang='lat' dir='ltr'><strong>senectute?</strong></span> <span class='ocrx_word' id='word_1_461' title='bbox 3589 2903 3670 2957; x_wconf 82' lang='lat' dir='ltr'><strong>An</strong></span> 
     </span>
    </p>
   </div>
   <div class='ocr_carea' id='block_1_61' title="bbox 2101 2995 3672 3075">
    <p class='ocr_par' dir='ltr' id='par_1_61' title="bbox 2101 2995 3672 3075">
     <span class='ocr_line' id='line_1_61' title="bbox 2101 2995 3672 3075; baseline -0.008 -16"><span class='ocrx_word' id='word_1_462' title='bbox 2101 3006 2386 3075; x_wconf 90' lang='lat' dir='ltr'><strong>pulchrum</strong></span> <span class='ocrx_word' id='word_1_463' title='bbox 2430 3003 2645 3072; x_wconf 87' lang='lat' dir='ltr'><strong>prurire</strong></span> <span class='ocrx_word' id='word_1_464' title='bbox 2693 3017 2756 3058; x_wconf 91' lang='lat' dir='ltr'><strong>ac</strong></span> <span class='ocrx_word' id='word_1_465' title='bbox 2805 3001 2990 3056; x_wconf 82' lang='lat' dir='ltr'><strong>fricari</strong></span> <span class='ocrx_word' id='word_1_466' title='bbox 3024 3000 3236 3059; x_wconf 89' lang='lat' dir='ltr'><strong>oculos.</strong></span> <span class='ocrx_word' id='word_1_467' title='bbox 3273 2995 3552 3066; x_wconf 87' lang='lat' dir='ltr'><strong>corrugari</strong></span> <span class='ocrx_word' id='word_1_468' title='bbox 3581 3011 3672 3066; x_wconf 64' lang='lat' dir='ltr'><strong>ge-</strong></span> 
     </span>
    </p>
   </div>
   <div class='ocr_carea' id='block_1_62' title="bbox 2103 3088 3672 3161">
    <p class='ocr_par' dir='ltr' id='par_1_62' title="bbox 2103 3088 3672 3161">
     <span class='ocr_line' id='line_1_62' title="bbox 2103 3088 3672 3161; baseline -0.006 -12"><span class='ocrx_word' id='word_1_469' title='bbox 2103 3112 2222 3158; x_wconf 87' lang='lat' dir='ltr'><strong>nas,</strong></span> <span class='ocrx_word' id='word_1_470' title='bbox 2263 3111 2330 3148; x_wconf 77' lang='lat' dir='ltr'><strong>ex</strong></span> <span class='ocrx_word' id='word_1_471' title='bbox 2366 3110 2460 3150; x_wconf 89' lang='lat' dir='ltr'><strong>ore</strong></span> <span class='ocrx_word' id='word_1_472' title='bbox 2490 3094 2730 3150; x_wconf 85' lang='lat' dir='ltr'><strong>defluere</strong></span> <span class='ocrx_word' id='word_1_473' title='bbox 2766 3094 2979 3157; x_wconf 88' lang='lat' dir='ltr'><strong>dentes,</strong></span> <span class='ocrx_word' id='word_1_474' title='bbox 3032 3101 3084 3146; x_wconf 89' lang='lat' dir='ltr'><strong>et</strong></span> <span class='ocrx_word' id='word_1_475' title='bbox 3127 3092 3326 3161; x_wconf 78' lang='lat' dir='ltr'><strong>lingua:</strong></span> <span class='ocrx_word' id='word_1_476' title='bbox 3371 3088 3672 3142; x_wconf 86' lang='lat' dir='ltr'><strong>halbutiem</strong></span> 
     </span>
    </p>
   </div>
   <div class='ocr_carea' id='block_1_63' title="bbox 415 3167 1989 3257">
    <p class='ocr_par' dir='ltr' id='par_1_63' title="bbox 415 3177 1989 3250">
     <span class='ocr_line' id='line_1_63' title="bbox 415 3177 1989 3250; baseline 0.004 -22"><span class='ocrx_word' id='word_1_477' title='bbox 415 3177 736 3247; x_wconf 85' lang='grc' dir='ltr'>ερείδεσθαι,</span> <span class='ocrx_word' id='word_1_478' title='bbox 772 3181 867 3231; x_wconf 73' lang='grc' dir='ltr'><strong>καὶ</strong></span> <span class='ocrx_word' id='word_1_479' title='bbox 893 3182 1180 3247; x_wconf 88' lang='grc' dir='ltr'>παρανοεῖν</span> <span class='ocrx_word' id='word_1_480' title='bbox 1201 3181 1265 3248; x_wconf 78' lang='grc' dir='ltr'>τῇ</span> <span class='ocrx_word' id='word_1_481' title='bbox 1309 3179 1521 3250; x_wconf 80' lang='grc' dir='ltr'>καρδίᾳ,</span> <span class='ocrx_word' id='word_1_482' title='bbox 1554 3181 1646 3232; x_wconf 76' lang='grc' dir='ltr'><strong>καὶ</strong></span> <span class='ocrx_word' id='word_1_483' title='bbox 1675 3180 1989 3250; x_wconf 82' lang='grc' dir='ltr'>παραφθέγ-</span> 
     </span>
    </p>
   </div>
   <div class='ocr_carea' id='block_1_64' title="bbox 2094 3167 3671 3257">
    <p class='ocr_par' dir='ltr' id='par_1_64' title="bbox 2098 3182 3671 3257">
     <span class='ocr_line' id='line_1_64' title="bbox 2098 3182 3671 3257; baseline -0.005 -15"><span class='ocrx_word' id='word_1_484' title='bbox 2098 3189 2407 3257; x_wconf 83' lang='lat' dir='ltr'><strong>ingenerari</strong></span> <span class='ocrx_word' id='word_1_485' title='bbox 2430 3227 2445 3251; x_wconf 92' lang='lat'><strong>,</strong></span> <span class='ocrx_word' id='word_1_486' title='bbox 2480 3188 2734 3243; x_wconf 85' lang='lat' dir='ltr'><strong>manibus</strong></span> <span class='ocrx_word' id='word_1_487' title='bbox 2771 3185 3218 3246; x_wconf 86' lang='lat' dir='ltr'><strong>subtremiscere,</strong></span> <span class='ocrx_word' id='word_1_488' title='bbox 3253 3183 3320 3237; x_wconf 90' lang='lat' dir='ltr'><strong>ad</strong></span> <span class='ocrx_word' id='word_1_489' title='bbox 3351 3191 3552 3237; x_wconf 88' lang='lat' dir='ltr'><strong>terram</strong></span> <span class='ocrx_word' id='word_1_490' title='bbox 3587 3182 3671 3234; x_wconf 89' lang='lat' dir='ltr'><strong>in-</strong></span> 
     </span>
    </p>
   </div>
   <div class='ocr_carea' id='block_1_65' title="bbox 419 3267 1993 3342">
    <p class='ocr_par' dir='ltr' id='par_1_65' title="bbox 419 3267 1993 3342">
     <span class='ocr_line' id='line_1_65' title="bbox 419 3267 1993 3342; baseline 0.004 -23"><span class='ocrx_word' id='word_1_491' title='bbox 419 3267 606 3334; x_wconf 82' lang='grc' dir='ltr'>γεσθαι</span> <span class='ocrx_word' id='word_1_492' title='bbox 629 3271 694 3340; x_wconf 78' lang='grc' dir='ltr'>τῇ</span> <span class='ocrx_word' id='word_1_493' title='bbox 729 3273 878 3339; x_wconf 67' lang='grc' dir='ltr'>φωνῇ</span> <span class='ocrx_word' id='word_1_494' title='bbox 909 3313 923 3333; x_wconf 85' lang='grc'><strong>,</strong></span> <span class='ocrx_word' id='word_1_495' title='bbox 951 3267 1038 3320; x_wconf 76' lang='grc' dir='ltr'>οἶα</span> <span class='ocrx_word' id='word_1_496' title='bbox 1075 3273 1140 3340; x_wconf 83' lang='grc' dir='ltr'>τῇ</span> <span class='ocrx_word' id='word_1_497' title='bbox 1179 3270 1364 3340; x_wconf 74' lang='grc' dir='ltr'>ἡλικία</span> <span class='ocrx_word' id='word_1_498' title='bbox 1393 3270 1566 3342; x_wconf 81' lang='grc' dir='ltr'>ταύτῃ</span> <span class='ocrx_word' id='word_1_499' title='bbox 1595 3273 1716 3323; x_wconf 84' lang='grc' dir='ltr'>κατ’</span> <span class='ocrx_word' id='word_1_500' title='bbox 1748 3272 1993 3342; x_wconf 87' lang='grc' dir='ltr'>ἀνάγκην</span> 
     </span>
    </p>
   </div>
   <div class='ocr_carea' id='block_1_66' title="bbox 420 3357 1992 3433">
    <p class='ocr_par' dir='ltr' id='par_1_66' title="bbox 420 3357 1992 3433">
     <span class='ocr_line' id='line_1_66' title="bbox 420 3357 1992 3433; baseline 0.004 -24"><span class='ocrx_word' id='word_1_501' title='bbox 420 3357 702 3426; x_wconf 78' lang='grc' dir='ltr'>συμϐαίνει</span> <span class='ocrx_word' id='word_1_502' title='bbox 750 3360 930 3428; x_wconf 59' lang='lat' dir='ltr'><strong>1*:qu;</strong></span> <span class='ocrx_word' id='word_1_503' title='bbox 960 3361 1068 3412; x_wconf 80' lang='grc' dir='ltr'><strong>Καὶ</strong></span> <span class='ocrx_word' id='word_1_504' title='bbox 1115 3360 1255 3429; x_wconf 77' lang='grc' dir='ltr'>ὑπὲρ</span> <span class='ocrx_word' id='word_1_505' title='bbox 1303 3358 1492 3412; x_wconf 83' lang='grc' dir='ltr'>τούτου</span> <span class='ocrx_word' id='word_1_506' title='bbox 1549 3363 1992 3433; x_wconf 79' lang='grc' dir='ltr'>ἀγανακτοῦμεν,</span> 
     </span>
    </p>
   </div>
   <div class='ocr_carea' id='block_1_67' title="bbox 417 3450 1996 3522">
    <p class='ocr_par' dir='ltr' id='par_1_67' title="bbox 417 3450 1996 3522">
     <span class='ocr_line' id='line_1_67' title="bbox 417 3450 1996 3522; baseline 0.003 -21"><span class='ocrx_word' id='word_1_507' title='bbox 417 3451 498 3502; x_wconf 75' lang='grc' dir='ltr'><strong>ὅτι</strong></span> <span class='ocrx_word' id='word_1_508' title='bbox 530 3450 607 3518; x_wconf 82' lang='grc' dir='ltr'>μὴ</span> <span class='ocrx_word' id='word_1_509' title='bbox 636 3451 859 3518; x_wconf 83' lang='grc' dir='ltr'>ἀφίκετο</span> <span class='ocrx_word' id='word_1_510' title='bbox 889 3453 968 3514; x_wconf 85' lang='grc' dir='ltr'><strong>είς</strong></span> <span class='ocrx_word' id='word_1_511' title='bbox 1014 3451 1113 3520; x_wconf 79' lang='grc' dir='ltr'>τὴν</span> <span class='ocrx_word' id='word_1_512' title='bbox 1160 3451 1264 3504; x_wconf 89' lang='grc' dir='ltr'><strong>τῶν</strong></span> <span class='ocrx_word' id='word_1_513' title='bbox 1309 3451 1565 3504; x_wconf 88' lang='grc' dir='ltr'>τοιούτων</span> <span class='ocrx_word' id='word_1_514' title='bbox 1619 3456 1844 3522; x_wconf 87' lang='grc' dir='ltr'>πεῖραν;</span> <span class='ocrx_word' id='word_1_515' title='bbox 1887 3457 1996 3508; x_wconf 78' lang='grc' dir='ltr'><strong>Καὶ</strong></span> 
     </span>
    </p>
   </div>
   <div class='ocr_carea' id='block_1_68' title="bbox 424 3535 1995 3614">
    <p class='ocr_par' dir='ltr' id='par_1_68' title="bbox 424 3535 1995 3614">
     <span class='ocr_line' id='line_1_68' title="bbox 424 3535 1995 3614; baseline 0.003 -22"><span class='ocrx_word' id='word_1_516' title='bbox 424 3541 531 3610; x_wconf 85' lang='grc' dir='ltr'><strong>μὴν</strong></span> <span class='ocrx_word' id='word_1_517' title='bbox 551 3541 865 3612; x_wconf 87' lang='grc' dir='ltr'>συγχαίρειν</span> <span class='ocrx_word' id='word_1_518' title='bbox 892 3544 1156 3613; x_wconf 87' lang='grc' dir='ltr'>προσήκει</span> <span class='ocrx_word' id='word_1_519' title='bbox 1189 3542 1448 3605; x_wconf 85' lang='grc' dir='ltr'>ἐκείνοις,</span> <span class='ocrx_word' id='word_1_520' title='bbox 1475 3535 1549 3595; x_wconf 82' lang='grc' dir='ltr'>ὧν</span> <span class='ocrx_word' id='word_1_521' title='bbox 1571 3543 1602 3612; x_wconf 82' lang='grc' dir='ltr'>ἡ</span> <span class='ocrx_word' id='word_1_522' title='bbox 1630 3542 1743 3614; x_wconf 73' lang='grc' dir='ltr'>ζωὴ</span> <span class='ocrx_word' id='word_1_523' title='bbox 1771 3544 1869 3614; x_wconf 82' lang='grc' dir='ltr'>τὴν</span> <span class='ocrx_word' id='word_1_524' title='bbox 1888 3544 1995 3596; x_wconf 85' lang='grc' dir='ltr'><strong>τῶν</strong></span> 
     </span>
    </p>
   </div>
   <div class='ocr_carea' id='block_1_69' title="bbox 422 3631 1997 3704">
    <p class='ocr_par' dir='ltr' id='par_1_69' title="bbox 422 3631 1997 3704">
     <span class='ocr_line' id='line_1_69' title="bbox 422 3631 1997 3704; baseline 0.001 -19"><span class='ocrx_word' id='word_1_525' title='bbox 422 3633 756 3703; x_wconf 86' lang='grc' dir='ltr'>σκυθρωπῶν</span> <span class='ocrx_word' id='word_1_526' title='bbox 787 3635 981 3702; x_wconf 86' lang='grc' dir='ltr'>πεῖραν</span> <span class='ocrx_word' id='word_1_527' title='bbox 1012 3634 1072 3685; x_wconf 91' lang='grc' dir='ltr'><strong>οὑ</strong></span> <span class='ocrx_word' id='word_1_528' title='bbox 1114 3631 1464 3704; x_wconf 80' lang='grc' dir='ltr'>παρεδέξατο,</span> <span class='ocrx_word' id='word_1_529' title='bbox 1488 3633 1580 3684; x_wconf 78' lang='grc' dir='ltr'>καὶ</span> <span class='ocrx_word' id='word_1_530' title='bbox 1616 3631 1736 3696; x_wconf 78' lang='grc' dir='ltr'>οὔτε</span> <span class='ocrx_word' id='word_1_531' title='bbox 1766 3633 1997 3687; x_wconf 80' lang='grc' dir='ltr'>ἐνταῦθα</span> 
     </span>
    </p>
   </div>
   <div class='ocr_carea' id='block_1_70' title="bbox 419 3721 1995 3794">
    <p class='ocr_par' dir='ltr' id='par_1_70' title="bbox 419 3721 1995 3794">
     <span class='ocr_line' id='line_1_70' title="bbox 419 3721 1995 3794; baseline 0.003 -21"><span class='ocrx_word' id='word_1_532' title='bbox 419 3723 526 3774; x_wconf 87' lang='grc' dir='ltr'><strong>τῶν</strong></span> <span class='ocrx_word' id='word_1_533' title='bbox 553 3723 808 3794; x_wconf 83' lang='grc' dir='ltr'>λυπηρῶν</span> <span class='ocrx_word' id='word_1_534' title='bbox 837 3722 1050 3792; x_wconf 78' lang='grc' dir='ltr'>ᾔσθετο,</span> <span class='ocrx_word' id='word_1_535' title='bbox 1078 3721 1199 3774; x_wconf 74' lang='grc' dir='ltr'>οὔτε</span> <span class='ocrx_word' id='word_1_536' title='bbox 1226 3739 1278 3775; x_wconf 90' lang='grc' dir='ltr'><strong>τι</strong></span> <span class='ocrx_word' id='word_1_537' title='bbox 1336 3723 1445 3775; x_wconf 86' lang='grc' dir='ltr'><strong>τῶν</strong></span> <span class='ocrx_word' id='word_1_538' title='bbox 1491 3725 1610 3775; x_wconf 77' lang='grc' dir='ltr'>ἐκεῖ</span> <span class='ocrx_word' id='word_1_539' title='bbox 1661 3722 1995 3794; x_wconf 86' lang='grc' dir='ltr'>σκυθρωπῶν</span> 
     </span>
    </p>
   </div>
   <div class='ocr_carea' id='block_1_71' title="bbox 419 3813 1994 3884">
    <p class='ocr_par' dir='ltr' id='par_1_71' title="bbox 419 3813 1994 3884">
     <span class='ocr_line' id='line_1_71' title="bbox 419 3813 1994 3884; baseline 0.002 -20"><span class='ocrx_word' id='word_1_540' title='bbox 419 3813 795 3882; x_wconf 73' lang='grc' dir='ltr'>ἐπιγνώσεται.</span> <span class='ocrx_word' id='word_1_541' title='bbox 837 3815 900 3866; x_wconf 84' lang='grc' dir='ltr'>Ἥ</span> <span class='ocrx_word' id='word_1_542' title='bbox 940 3813 1048 3884; x_wconf 80' lang='grc' dir='ltr'><strong>γὰρ</strong></span> <span class='ocrx_word' id='word_1_543' title='bbox 1081 3813 1305 3884; x_wconf 85' lang='grc' dir='ltr'>τοιαύτη</span> <span class='ocrx_word' id='word_1_544' title='bbox 1337 3813 1482 3884; x_wconf 71' lang='grc' dir='ltr'><strong>ψυχὴ</strong></span> <span class='ocrx_word' id='word_1_545' title='bbox 1510 3815 1542 3883; x_wconf 82' lang='grc' dir='ltr'>ἠ</span> <span class='ocrx_word' id='word_1_546' title='bbox 1570 3814 1670 3866; x_wconf 89' lang='grc' dir='ltr'><strong>οὑκ</strong></span> <span class='ocrx_word' id='word_1_547' title='bbox 1691 3813 1886 3883; x_wconf 74' lang='grc' dir='ltr'>ἔχουσα</span> <span class='ocrx_word' id='word_1_548' title='bbox 1910 3815 1994 3882; x_wconf 80' lang='grc' dir='ltr'><strong>ἐφ’</strong></span> 
     </span>
    </p>
   </div>
   <div class='ocr_carea' id='block_1_72' title="bbox 419 3904 1994 3977">
    <p class='ocr_par' dir='ltr' id='par_1_72' title="bbox 419 3904 1994 3977">
     <span class='ocr_line' id='line_1_72' title="bbox 419 3904 1994 3977; baseline -0.001 -18"><span class='ocrx_word' id='word_1_549' title='bbox 419 3907 525 3976; x_wconf 82' lang='grc' dir='ltr'>ὅτῳ</span> <span class='ocrx_word' id='word_1_550' title='bbox 548 3908 626 3970; x_wconf 87' lang='grc' dir='ltr'><strong>είς</strong></span> <span class='ocrx_word' id='word_1_551' title='bbox 665 3906 845 3977; x_wconf 88' lang='grc' dir='ltr'>κρίσιν</span> <span class='ocrx_word' id='word_1_552' title='bbox 877 3904 1024 3976; x_wconf 77' lang='grc' dir='ltr'>ἔλθῃ.</span> <span class='ocrx_word' id='word_1_553' title='bbox 1072 3906 1294 3974; x_wconf 80' lang='grc' dir='ltr'>γέενναν</span> <span class='ocrx_word' id='word_1_554' title='bbox 1321 3906 1380 3958; x_wconf 91' lang='grc' dir='ltr'><strong>οὑ</strong></span> <span class='ocrx_word' id='word_1_555' title='bbox 1413 3905 1677 3973; x_wconf 76' lang='grc' dir='ltr'>φοϐεῖται,</span> <span class='ocrx_word' id='word_1_556' title='bbox 1709 3905 1889 3974; x_wconf 87' lang='grc' dir='ltr'>κρίσιν</span> <span class='ocrx_word' id='word_1_557' title='bbox 1933 3906 1994 3958; x_wconf 89' lang='grc' dir='ltr'><strong>οὑ</strong></span> 
     </span>
    </p>
   </div>
   <div class='ocr_carea' id='block_1_73' title="bbox 417 3995 1995 4066">
    <p class='ocr_par' dir='ltr' id='par_1_73' title="bbox 417 3995 1995 4066">
     <span class='ocr_line' id='line_1_73' title="bbox 417 3995 1995 4066; baseline 0 -17"><span class='ocrx_word' id='word_1_558' title='bbox 417 3997 682 4050; x_wconf 85' lang='grc' dir='ltr'>δέδοικεν·</span> <span class='ocrx_word' id='word_1_559' title='bbox 710 3997 910 4066; x_wconf 71' lang='grc' dir='ltr'>ἄφοϐος</span> <span class='ocrx_word' id='word_1_560' title='bbox 957 3997 1198 4066; x_wconf 86' lang='grc' dir='ltr'>διαμένει</span> <span class='ocrx_word' id='word_1_561' title='bbox 1241 3996 1337 4050; x_wconf 77' lang='grc' dir='ltr'>καὶ</span> <span class='ocrx_word' id='word_1_562' title='bbox 1373 3995 1812 4066; x_wconf 85' lang='grc' dir='ltr'>ἀκατάπληκτος,</span> <span class='ocrx_word' id='word_1_563' title='bbox 1842 3997 1995 4049; x_wconf 78' lang='grc' dir='ltr'>οὐδε-</span> 
     </span>
    </p>
   </div>
   <div class='ocr_carea' id='block_1_74' title="bbox 419 4086 1994 4158">
    <p class='ocr_par' dir='ltr' id='par_1_74' title="bbox 419 4086 1994 4158">
     <span class='ocr_line' id='line_1_74' title="bbox 419 4086 1994 4158; baseline -0.002 -16"><span class='ocrx_word' id='word_1_564' title='bbox 419 4090 506 4153; x_wconf 70' lang='grc' dir='ltr'><strong>νὸς</strong></span> <span class='ocrx_word' id='word_1_565' title='bbox 550 4088 784 4158; x_wconf 83' lang='grc' dir='ltr'>πονηροῦ</span> <span class='ocrx_word' id='word_1_566' title='bbox 836 4088 1135 4150; x_wconf 87' lang='grc' dir='ltr'>συνειδότος</span> <span class='ocrx_word' id='word_1_567' title='bbox 1176 4089 1266 4140; x_wconf 78' lang='grc' dir='ltr'><strong>τὸν</strong></span> <span class='ocrx_word' id='word_1_568' title='bbox 1294 4090 1392 4157; x_wconf 86' lang='grc' dir='ltr'>τῆς</span> <span class='ocrx_word' id='word_1_569' title='bbox 1427 4087 1661 4158; x_wconf 85' lang='grc' dir='ltr'>κρίσεως</span> <span class='ocrx_word' id='word_1_570' title='bbox 1703 4086 1864 4155; x_wconf 76' lang='grc' dir='ltr'>φόϐον</span> <span class='ocrx_word' id='word_1_571' title='bbox 1897 4089 1994 4140; x_wconf 81' lang='grc' dir='ltr'><strong>ὲπ-</strong></span> 
     </span>
    </p>
   </div>
   <div class='ocr_carea' id='block_1_75' title="bbox 420 4178 1996 4248">
    <p class='ocr_par' dir='ltr' id='par_1_75' title="bbox 420 4178 1996 4248">
     <span class='ocr_line' id='line_1_75' title="bbox 420 4178 1996 4248; baseline -0.002 -14"><span class='ocrx_word' id='word_1_572' title='bbox 420 4183 660 4248; x_wconf 85' lang='grc' dir='ltr'>άγοντος.</span> <span class='ocrx_word' id='word_1_573' title='bbox 691 4180 831 4232; x_wconf 80' lang='grc' dir='ltr'>Ἀλλ’</span> <span class='ocrx_word' id='word_1_574' title='bbox 855 4179 982 4245; x_wconf 78' lang='grc' dir='ltr'>ἔδει,</span> <span class='ocrx_word' id='word_1_575' title='bbox 1019 4179 1204 4248; x_wconf 83' lang='grc' dir='ltr'>φησὶν,</span> <span class='ocrx_word' id='word_1_576' title='bbox 1254 4178 1423 4247; x_wconf 75' lang='grc' dir='ltr'>αὐτὴν</span> <span class='ocrx_word' id='word_1_577' title='bbox 1451 4180 1530 4240; x_wconf 81' lang='grc' dir='ltr'><strong>είς</strong></span> <span class='ocrx_word' id='word_1_578' title='bbox 1559 4180 1757 4248; x_wconf 85' lang='grc' dir='ltr'>μέτρον</span> <span class='ocrx_word' id='word_1_579' title='bbox 1781 4178 1996 4248; x_wconf 82' lang='grc' dir='ltr'>ἡλικίας</span> 
     </span>
    </p>
   </div>
   <div class='ocr_carea' id='block_1_76' title="bbox 421 4269 1995 4340">
    <p class='ocr_par' dir='ltr' id='par_1_76' title="bbox 421 4269 1995 4340">
     <span class='ocr_line' id='line_1_76' title="bbox 421 4269 1995 4340; baseline 0 -18"><span class='ocrx_word' id='word_1_580' title='bbox 421 4273 614 4336; x_wconf 82' lang='grc' dir='ltr'>ἐλθεῖν,</span> <span class='ocrx_word' id='word_1_581' title='bbox 653 4271 746 4323; x_wconf 80' lang='grc' dir='ltr'>καὶ</span> <span class='ocrx_word' id='word_1_582' title='bbox 785 4269 1039 4340; x_wconf 83' lang='grc' dir='ltr'>νυμφικῷ</span> <span class='ocrx_word' id='word_1_583' title='bbox 1089 4270 1314 4340; x_wconf 88' lang='grc' dir='ltr'>θαλάμῳ</span> <span class='ocrx_word' id='word_1_584' title='bbox 1345 4269 1825 4338; x_wconf 82' lang='grc' dir='ltr'>ὲμφαιδρυνθῆναι.</span> <span class='ocrx_word' id='word_1_585' title='bbox 1859 4271 1995 4323; x_wconf 75' lang='grc' dir='ltr'>Ἀλλ’</span> 
     </span>
    </p>
   </div>
   <div class='ocr_carea' id='block_1_77' title="bbox 421 4360 1996 4434">
    <p class='ocr_par' dir='ltr' id='par_1_77' title="bbox 421 4360 1996 4434">
     <span class='ocr_line' id='line_1_77' title="bbox 421 4360 1996 4434; baseline 0 -18"><span class='ocrx_word' id='word_1_586' title='bbox 421 4367 536 4434; x_wconf 86' lang='grc' dir='ltr'>ἐρεῖ</span> <span class='ocrx_word' id='word_1_587' title='bbox 559 4381 638 4417; x_wconf 89' lang='grc' dir='ltr'><strong>σοι</strong></span> <span class='ocrx_word' id='word_1_588' title='bbox 663 4363 798 4434; x_wconf 75' lang='grc' dir='ltr'>πρὸς</span> <span class='ocrx_word' id='word_1_589' title='bbox 826 4363 982 4416; x_wconf 79' lang='grc' dir='ltr'>τοῦτο</span> <span class='ocrx_word' id='word_1_590' title='bbox 1007 4364 1035 4415; x_wconf 84' lang='grc' dir='ltr'>ὁ</span> <span class='ocrx_word' id='word_1_591' title='bbox 1057 4361 1308 4434; x_wconf 83' lang='grc' dir='ltr'>ἀληθινὸς</span> <span class='ocrx_word' id='word_1_592' title='bbox 1339 4360 1592 4431; x_wconf 68' lang='grc' dir='ltr'>νυμφίος,</span> <span class='ocrx_word' id='word_1_593' title='bbox 1624 4364 1705 4416; x_wconf 86' lang='grc' dir='ltr'>ὃτι</span> <span class='ocrx_word' id='word_1_594' title='bbox 1735 4363 1996 4433; x_wconf 88' lang='grc' dir='ltr'>κρείττων</span> 
     </span>
    </p>
   </div>
   <div class='ocr_carea' id='block_1_78' title="bbox 422 4454 1992 4526">
    <p class='ocr_par' dir='ltr' id='par_1_78' title="bbox 422 4454 1992 4526">
     <span class='ocr_line' id='line_1_78' title="bbox 422 4454 1992 4526; baseline 0.001 -20"><span class='ocrx_word' id='word_1_595' title='bbox 422 4455 697 4526; x_wconf 83' lang='grc' dir='ltr'>ἠοὺρανία</span> <span class='ocrx_word' id='word_1_596' title='bbox 733 4455 971 4517; x_wconf 83' lang='grc' dir='ltr'>παστὰς,</span> <span class='ocrx_word' id='word_1_597' title='bbox 1005 4457 1397 4526; x_wconf 86' lang='grc' dir='ltr'>προτιμότερος</span> <span class='ocrx_word' id='word_1_598' title='bbox 1429 4459 1634 4520; x_wconf 79' lang='grc' dir='ltr'>ἐκεῖνος</span> <span class='ocrx_word' id='word_1_599' title='bbox 1672 4458 1701 4508; x_wconf 87' lang='grc' dir='ltr'><strong>ό</strong></span> <span class='ocrx_word' id='word_1_600' title='bbox 1734 4454 1992 4525; x_wconf 86' lang='grc' dir='ltr'>θάλαμος,</span> 
     </span>
    </p>
   </div>
   <div class='ocr_carea' id='block_1_79' title="bbox 422 4540 1991 4617">
    <p class='ocr_par' dir='ltr' id='par_1_79' title="bbox 422 4540 1991 4617">
     <span class='ocr_line' id='line_1_79' title="bbox 422 4540 1991 4617; baseline 0.002 -20"><span class='ocrx_word' id='word_1_601' title='bbox 422 4551 478 4597; x_wconf 78' lang='grc' dir='ltr'>ἐν</span> <span class='ocrx_word' id='word_1_602' title='bbox 523 4540 567 4614; x_wconf 77' lang='grc' dir='ltr'>ᾧ</span> <span class='ocrx_word' id='word_1_603' title='bbox 593 4547 814 4616; x_wconf 85' lang='grc' dir='ltr'>χηρείας</span> <span class='ocrx_word' id='word_1_604' title='bbox 863 4547 1024 4614; x_wconf 69' lang='grc' dir='ltr'>φόϐος</span> <span class='ocrx_word' id='word_1_605' title='bbox 1051 4548 1147 4600; x_wconf 84' lang='grc' dir='ltr'><strong>οὑκ</strong></span> <span class='ocrx_word' id='word_1_606' title='bbox 1182 4547 1347 4599; x_wconf 78' lang='grc' dir='ltr'>ἔστιν.</span> <span class='ocrx_word' id='word_1_607' title='bbox 1385 4547 1539 4610; x_wconf 86' lang='grc' dir='ltr'>Τίνος</span> <span class='ocrx_word' id='word_1_608' title='bbox 1571 4544 1683 4611; x_wconf 76' lang='grc' dir='ltr'>οὖν,</span> <span class='ocrx_word' id='word_1_609' title='bbox 1719 4547 1839 4600; x_wconf 82' lang='grc' dir='ltr'>είπέ</span> <span class='ocrx_word' id='word_1_610' title='bbox 1881 4565 1991 4617; x_wconf 88' lang='grc' dir='ltr'>μοι,</span> 
     </span>
    </p>
   </div>
   <div class='ocr_carea' id='block_1_80' title="bbox 418 4635 1992 4707">
    <p class='ocr_par' dir='ltr' id='par_1_80' title="bbox 418 4635 1992 4707">
     <span class='ocr_line' id='line_1_80' title="bbox 418 4635 1992 4707; baseline 0.001 -19"><span class='ocrx_word' id='word_1_611' title='bbox 418 4636 528 4689; x_wconf 79' lang='grc' dir='ltr'><strong>τῶν</strong></span> <span class='ocrx_word' id='word_1_612' title='bbox 574 4635 752 4688; x_wconf 89' lang='grc' dir='ltr'>καλῶν</span> <span class='ocrx_word' id='word_1_613' title='bbox 804 4637 1172 4707; x_wconf 83' lang='grc' dir='ltr'>ἀπεστέρηται</span> <span class='ocrx_word' id='word_1_614' title='bbox 1200 4637 1288 4689; x_wconf 76' lang='grc' dir='ltr'><strong>τὸν</strong></span> <span class='ocrx_word' id='word_1_615' title='bbox 1321 4638 1573 4707; x_wconf 85' lang='grc' dir='ltr'>σάρκινον</span> <span class='ocrx_word' id='word_1_616' title='bbox 1619 4637 1804 4689; x_wconf 78' lang='grc' dir='ltr'>τοῦτον</span> <span class='ocrx_word' id='word_1_617' title='bbox 1838 4637 1992 4689; x_wconf 81' lang='grc' dir='ltr'>ἐκδυ-</span> 
     </span>
    </p>
   </div>
   <div class='ocr_carea' id='block_1_81' title="bbox 423 4714 1993 4796">
    <p class='ocr_par' dir='ltr' id='par_1_81' title="bbox 423 4714 1993 4796">
     <span class='ocr_line' id='line_1_81' title="bbox 423 4714 1993 4796; baseline 0.001 -18"><span class='ocrx_word' id='word_1_618' title='bbox 423 4726 628 4796; x_wconf 86' lang='grc' dir='ltr'>σαμένη</span> <span class='ocrx_word' id='word_1_619' title='bbox 685 4727 832 4790; x_wconf 82' lang='grc' dir='ltr'>6ίον;</span> <span class='ocrx_word' id='word_1_620' title='bbox 861 4728 1014 4779; x_wconf 81' lang='grc' dir='ltr'>Εῖπω</span> <span class='ocrx_word' id='word_1_621' title='bbox 1051 4744 1131 4779; x_wconf 87' lang='grc' dir='ltr'><strong>σοι</strong></span> <span class='ocrx_word' id='word_1_622' title='bbox 1184 4729 1250 4780; x_wconf 81' lang='grc' dir='ltr'><strong>τά</strong></span> <span class='ocrx_word' id='word_1_623' title='bbox 1304 4727 1394 4779; x_wconf 79' lang='grc' dir='ltr'>τοῦ</span> <span class='ocrx_word' id='word_1_624' title='bbox 1447 4714 1578 4796; x_wconf 85' lang='grc' dir='ltr'>βίου</span> <span class='ocrx_word' id='word_1_625' title='bbox 1624 4727 1792 4781; x_wconf 80' lang='grc' dir='ltr'>καλά’</span> <span class='ocrx_word' id='word_1_626' title='bbox 1828 4728 1993 4780; x_wconf 87' lang='grc' dir='ltr'>λύπαι</span> 
     </span>
    </p>
   </div>
   <div class='ocr_carea' id='block_1_82' title="bbox 386 4816 1990 4886">
    <p class='ocr_par' dir='ltr' id='par_1_82' title="bbox 386 4816 1990 4886">
     <span class='ocr_line' id='line_1_82' title="bbox 386 4816 1990 4886; baseline 0 -18"><span class='ocrx_word' id='word_1_627' title='bbox 386 4845 396 4856; x_wconf 62' lang='grc' dir='ltr'>η-</span> <span class='ocrx_word' id='word_1_628' title='bbox 423 4818 514 4868; x_wconf 74' lang='grc' dir='ltr'>καὶ</span> <span class='ocrx_word' id='word_1_629' title='bbox 548 4817 748 4884; x_wconf 71' lang='grc' dir='ltr'>ἡδοναὶ,</span> <span class='ocrx_word' id='word_1_630' title='bbox 780 4817 938 4885; x_wconf 69' lang='grc' dir='ltr'>θυμοὶ</span> <span class='ocrx_word' id='word_1_631' title='bbox 978 4817 1069 4868; x_wconf 75' lang='grc' dir='ltr'><strong>καὶ</strong></span> <span class='ocrx_word' id='word_1_632' title='bbox 1101 4817 1270 4883; x_wconf 67' lang='grc' dir='ltr'>φόϐοι.</span> <span class='ocrx_word' id='word_1_633' title='bbox 1302 4817 1511 4879; x_wconf 76' lang='grc' dir='ltr'>ἐλπίδες</span> <span class='ocrx_word' id='word_1_634' title='bbox 1548 4817 1640 4870; x_wconf 74' lang='grc' dir='ltr'><strong>καὶ</strong></span> <span class='ocrx_word' id='word_1_635' title='bbox 1685 4816 1990 4886; x_wconf 82' lang='grc' dir='ltr'>ἐπιθυμίαι·</span> 
     </span>
    </p>
   </div>
   <div class='ocr_carea' id='block_1_83' title="bbox 422 4903 1993 4979">
    <p class='ocr_par' dir='ltr' id='par_1_83' title="bbox 422 4903 1993 4979">
     <span class='ocr_line' id='line_1_83' title="bbox 422 4903 1993 4979; baseline -0.001 -19"><span class='ocrx_word' id='word_1_636' title='bbox 422 4907 592 4963; x_wconf 73' lang='grc' dir='ltr'>ταῦτά</span> <span class='ocrx_word' id='word_1_637' title='bbox 625 4911 738 4961; x_wconf 82' lang='grc' dir='ltr'>ἐστι</span> <span class='ocrx_word' id='word_1_638' title='bbox 773 4909 863 4961; x_wconf 68' lang='grc' dir='ltr'>καὶ</span> <span class='ocrx_word' id='word_1_639' title='bbox 911 4907 977 4959; x_wconf 76' lang='grc' dir='ltr'>τὰ</span> <span class='ocrx_word' id='word_1_640' title='bbox 1014 4909 1234 4960; x_wconf 79' lang='grc' dir='ltr'>τοιαῦτα</span> <span class='ocrx_word' id='word_1_641' title='bbox 1274 4903 1354 4970; x_wconf 83' lang='grc' dir='ltr'>οἷς</span> <span class='ocrx_word' id='word_1_642' title='bbox 1398 4908 1539 4960; x_wconf 78' lang='grc' dir='ltr'>κατὰ</span> <span class='ocrx_word' id='word_1_643' title='bbox 1578 4910 1676 4979; x_wconf 79' lang='grc' dir='ltr'><strong>τὴν</strong></span> <span class='ocrx_word' id='word_1_644' title='bbox 1715 4909 1993 4979; x_wconf 80' lang='grc' dir='ltr'>παροῦσαν</span> 
     </span>
    </p>
   </div>
   <div class='ocr_carea' id='block_1_84' title="bbox 422 4999 1078 5073">
    <p class='ocr_par' dir='ltr' id='par_1_84' title="bbox 422 4999 1078 5073">
     <span class='ocr_line' id='line_1_84' title="bbox 422 4999 1078 5073; baseline 0 -19"><span class='ocrx_word' id='word_1_645' title='bbox 422 5003 564 5073; x_wconf 80' lang='grc' dir='ltr'>ζωὴν</span> <span class='ocrx_word' id='word_1_646' title='bbox 596 4999 1078 5071; x_wconf 82' lang='grc' dir='ltr'>συμπεπλέγμεθα.</span> 
     </span>
    </p>
   </div>
   <div class='ocr_carea' id='block_1_85' title="bbox 2094 3275 3666 3350">
    <p class='ocr_par' dir='ltr' id='par_1_85' title="bbox 2094 3275 3666 3350">
     <span class='ocr_line' id='line_1_85' title="bbox 2094 3275 3666 3350; baseline -0.004 -17"><span class='ocrx_word' id='word_1_647' title='bbox 2094 3279 2334 3343; x_wconf 88' lang='lat' dir='ltr'><strong>curvari,</strong></span> <span class='ocrx_word' id='word_1_648' title='bbox 2365 3281 2602 3334; x_wconf 86' lang='lat' dir='ltr'><strong>titubare</strong></span> <span class='ocrx_word' id='word_1_649' title='bbox 2642 3288 2806 3350; x_wconf 90' lang='lat' dir='ltr'><strong>atque</strong></span> <span class='ocrx_word' id='word_1_650' title='bbox 2837 3276 3256 3334; x_wconf 89' lang='lat' dir='ltr'><strong>subclaudicare</strong></span> <span class='ocrx_word' id='word_1_651' title='bbox 3286 3275 3535 3344; x_wconf 89' lang='lat' dir='ltr'><strong>pedibus,</strong></span> <span class='ocrx_word' id='word_1_652' title='bbox 3567 3275 3666 3328; x_wconf 89' lang='lat' dir='ltr'><strong>du-</strong></span> 
     </span>
    </p>
   </div>
   <div class='ocr_carea' id='block_1_86' title="bbox 2094 3364 3664 3441">
    <p class='ocr_par' dir='ltr' id='par_1_86' title="bbox 2094 3364 3664 3441">
     <span class='ocr_line' id='line_1_86' title="bbox 2094 3364 3664 3441; baseline -0.005 -17"><span class='ocrx_word' id='word_1_653' title='bbox 2094 3372 2251 3426; x_wconf 85' lang='lat' dir='ltr'><strong>cibus</strong></span> <span class='ocrx_word' id='word_1_654' title='bbox 2291 3371 2476 3434; x_wconf 86' lang='lat' dir='ltr'><strong>inniti,</strong></span> <span class='ocrx_word' id='word_1_655' title='bbox 2518 3371 2770 3441; x_wconf 89' lang='lat' dir='ltr'><strong>desipere</strong></span> <span class='ocrx_word' id='word_1_656' title='bbox 2799 3369 2964 3425; x_wconf 85' lang='lat' dir='ltr'><strong>corde</strong></span> <span class='ocrx_word' id='word_1_657' title='bbox 2999 3382 3064 3422; x_wconf 87' lang='lat' dir='ltr'><strong>ac</strong></span> <span class='ocrx_word' id='word_1_658' title='bbox 3094 3367 3356 3428; x_wconf 89' lang='lat' dir='ltr'><strong>delirare,</strong></span> <span class='ocrx_word' id='word_1_659' title='bbox 3405 3379 3537 3418; x_wconf 87' lang='lat' dir='ltr'><strong>voce</strong></span> <span class='ocrx_word' id='word_1_660' title='bbox 3572 3364 3664 3416; x_wconf 86' lang='lat' dir='ltr'><strong>ab-</strong></span> 
     </span>
    </p>
   </div>
   <div class='ocr_carea' id='block_1_87' title="bbox 2093 3453 3672 3532">
    <p class='ocr_par' dir='ltr' id='par_1_87' title="bbox 2093 3453 3672 3532">
     <span class='ocr_line' id='line_1_87' title="bbox 2093 3453 3672 3532; baseline -0.006 -17"><span class='ocrx_word' id='word_1_661' title='bbox 2093 3461 2258 3516; x_wconf 89' lang='lat' dir='ltr'><strong>surda</strong></span> <span class='ocrx_word' id='word_1_662' title='bbox 2289 3471 2454 3530; x_wconf 90' lang='lat' dir='ltr'><strong>atque</strong></span> <span class='ocrx_word' id='word_1_663' title='bbox 2484 3463 2662 3531; x_wconf 90' lang='lat' dir='ltr'><strong>inepta</strong></span> <span class='ocrx_word' id='word_1_664' title='bbox 2695 3458 3082 3532; x_wconf 87' lang='lat' dir='ltr'><strong>pronuntiare?</strong></span> <span class='ocrx_word' id='word_1_665' title='bbox 3125 3456 3320 3523; x_wconf 83' lang='lat' dir='ltr'><strong>Qualia</strong></span> <span class='ocrx_word' id='word_1_666' title='bbox 3363 3455 3492 3510; x_wconf 85' lang='lat' dir='ltr'><strong>huic</strong></span> <span class='ocrx_word' id='word_1_667' title='bbox 3522 3453 3672 3509; x_wconf 69' lang='lat' dir='ltr'><strong>aetati</strong></span> 
     </span>
    </p>
   </div>
   <div class='ocr_carea' id='block_1_88' title="bbox 2097 3546 3673 3610">
    <p class='ocr_par' dir='ltr' id='par_1_88' title="bbox 2097 3546 3673 3610">
     <span class='ocr_line' id='line_1_88' title="bbox 2097 3546 3673 3610; baseline -0.005 -2"><span class='ocrx_word' id='word_1_668' title='bbox 2097 3555 2413 3610; x_wconf 85' lang='lat' dir='ltr'><strong>necessario</strong></span> <span class='ocrx_word' id='word_1_669' title='bbox 2466 3555 2720 3609; x_wconf 88' lang='lat' dir='ltr'><strong>accidunt</strong></span> <span class='ocrx_word' id='word_1_670' title='bbox 2769 3553 3131 3608; x_wconf 88' lang='lat' dir='ltr'><strong>incommoda.</strong></span> <span class='ocrx_word' id='word_1_671' title='bbox 3185 3550 3250 3604; x_wconf 88' lang='lat' dir='ltr'><strong>Et</strong></span> <span class='ocrx_word' id='word_1_672' title='bbox 3283 3549 3490 3604; x_wconf 89' lang='lat' dir='ltr'><strong>idcirco</strong></span> <span class='ocrx_word' id='word_1_673' title='bbox 3533 3546 3673 3602; x_wconf 88' lang='lat' dir='ltr'><strong>indi-</strong></span> 
     </span>
    </p>
   </div>
   <div class='ocr_carea' id='block_1_89' title="bbox 2095 3639 3672 3716">
    <p class='ocr_par' dir='ltr' id='par_1_89' title="bbox 2095 3639 3672 3716">
     <span class='ocr_line' id='line_1_89' title="bbox 2095 3639 3672 3716; baseline -0.006 -17"><span class='ocrx_word' id='word_1_674' title='bbox 2095 3662 2326 3716; x_wconf 84' lang='lat' dir='ltr'><strong>gnamur</strong></span> <span class='ocrx_word' id='word_1_675' title='bbox 2363 3654 2416 3700; x_wconf 84' lang='lat' dir='ltr'><strong>et</strong></span> <span class='ocrx_word' id='word_1_676' title='bbox 2444 3645 2875 3710; x_wconf 88' lang='lat' dir='ltr'><strong>stomachamur,</strong></span> <span class='ocrx_word' id='word_1_677' title='bbox 2927 3643 3072 3714; x_wconf 89' lang='lat' dir='ltr'><strong>quod</strong></span> <span class='ocrx_word' id='word_1_678' title='bbox 3102 3642 3168 3696; x_wconf 90' lang='lat' dir='ltr'><strong>ad</strong></span> <span class='ocrx_word' id='word_1_679' title='bbox 3199 3639 3466 3710; x_wconf 87' lang='lat' dir='ltr'><strong>ejusmodi</strong></span> <span class='ocrx_word' id='word_1_680' title='bbox 3497 3639 3672 3692; x_wconf 88' lang='lat' dir='ltr'><strong>malo-</strong></span> 
     </span>
    </p>
   </div>
   <div class='ocr_carea' id='block_1_90' title="bbox 2096 3729 3674 3806">
    <p class='ocr_par' dir='ltr' id='par_1_90' title="bbox 2096 3729 3674 3806">
     <span class='ocr_line' id='line_1_90' title="bbox 2096 3729 3674 3806; baseline -0.004 -16"><span class='ocrx_word' id='word_1_681' title='bbox 2096 3753 2219 3790; x_wconf 88' lang='lat' dir='ltr'><strong>rum</strong></span> <span class='ocrx_word' id='word_1_682' title='bbox 2253 3737 2643 3806; x_wconf 82' lang='lat' dir='ltr'><strong>experientiam</strong></span> <span class='ocrx_word' id='word_1_683' title='bbox 2674 3751 2783 3790; x_wconf 93' lang='lat' dir='ltr'><strong>non</strong></span> <span class='ocrx_word' id='word_1_684' title='bbox 2823 3732 3167 3804; x_wconf 84' lang='lat' dir='ltr'><strong>pervenerit?</strong></span> <span class='ocrx_word' id='word_1_685' title='bbox 3211 3732 3373 3801; x_wconf 84' lang='lat' dir='ltr'><strong>Atqui</strong></span> <span class='ocrx_word' id='word_1_686' title='bbox 3408 3729 3674 3800; x_wconf 82' lang='lat' dir='ltr'><strong>gratulari</strong></span> 
     </span>
    </p>
   </div>
   <div class='ocr_carea' id='block_1_91' title="bbox 2097 3822 3672 3896">
    <p class='ocr_par' dir='ltr' id='par_1_91' title="bbox 2097 3822 3672 3896">
     <span class='ocr_line' id='line_1_91' title="bbox 2097 3822 3672 3896; baseline -0.004 -16"><span class='ocrx_word' id='word_1_687' title='bbox 2097 3829 2354 3881; x_wconf 86' lang='lat' dir='ltr'><strong>convenit</strong></span> <span class='ocrx_word' id='word_1_688' title='bbox 2397 3827 2506 3881; x_wconf 88' lang='lat' dir='ltr'><strong>illis</strong></span> <span class='ocrx_word' id='word_1_689' title='bbox 2561 3840 2793 3896; x_wconf 86' lang='lat' dir='ltr'><strong>quorum</strong></span> <span class='ocrx_word' id='word_1_690' title='bbox 2843 3826 2952 3878; x_wconf 90' lang='lat' dir='ltr'><strong>vita</strong></span> <span class='ocrx_word' id='word_1_691' title='bbox 3002 3839 3184 3879; x_wconf 91' lang='lat' dir='ltr'><strong>rerum</strong></span> <span class='ocrx_word' id='word_1_692' title='bbox 3235 3822 3554 3876; x_wconf 86' lang='lat' dir='ltr'><strong>acerbarum</strong></span> <span class='ocrx_word' id='word_1_693' title='bbox 3607 3834 3672 3874; x_wconf 87' lang='lat' dir='ltr'><strong>ac</strong></span> 
     </span>
    </p>
   </div>
   <div class='ocr_carea' id='block_1_92' title="bbox 2096 3911 3672 3986">
    <p class='ocr_par' dir='ltr' id='par_1_92' title="bbox 2096 3911 3672 3986">
     <span class='ocr_line' id='line_1_92' title="bbox 2096 3911 3672 3986; baseline -0.004 -16"><span class='ocrx_word' id='word_1_694' title='bbox 2096 3916 2336 3970; x_wconf 89' lang='lat' dir='ltr'><strong>tristium</strong></span> <span class='ocrx_word' id='word_1_695' title='bbox 2375 3917 2676 3986; x_wconf 89' lang='lat' dir='ltr'><strong>periculum</strong></span> <span class='ocrx_word' id='word_1_696' title='bbox 2703 3932 2810 3969; x_wconf 93' lang='lat' dir='ltr'><strong>non</strong></span> <span class='ocrx_word' id='word_1_697' title='bbox 2839 3915 2989 3978; x_wconf 89' lang='lat' dir='ltr'><strong>fecit,</strong></span> <span class='ocrx_word' id='word_1_698' title='bbox 3021 3923 3075 3969; x_wconf 85' lang='lat' dir='ltr'><strong>et</strong></span> <span class='ocrx_word' id='word_1_699' title='bbox 3107 3928 3229 3968; x_wconf 91' lang='lat' dir='ltr'><strong>cum</strong></span> <span class='ocrx_word' id='word_1_700' title='bbox 3274 3913 3363 3966; x_wconf 91' lang='lat' dir='ltr'><strong>hic</strong></span> <span class='ocrx_word' id='word_1_701' title='bbox 3387 3911 3520 3965; x_wconf 91' lang='lat' dir='ltr'><strong>nihil</strong></span> <span class='ocrx_word' id='word_1_702' title='bbox 3552 3924 3672 3964; x_wconf 84' lang='lat' dir='ltr'><strong>mo-</strong></span> 
     </span>
    </p>
   </div>
   <div class='ocr_carea' id='block_1_93' title="bbox 2097 4001 3672 4070">
    <p class='ocr_par' dir='ltr' id='par_1_93' title="bbox 2097 4001 3672 4070">
     <span class='ocr_line' id='line_1_93' title="bbox 2097 4001 3672 4070; baseline -0.001 -14"><span class='ocrx_word' id='word_1_703' title='bbox 2097 4005 2266 4060; x_wconf 66' lang='lat' dir='ltr'><strong>lestiae</strong></span> <span class='ocrx_word' id='word_1_704' title='bbox 2297 4006 2558 4069; x_wconf 90' lang='lat' dir='ltr'><strong>senserit,</strong></span> <span class='ocrx_word' id='word_1_705' title='bbox 2602 4012 2718 4058; x_wconf 87' lang='lat' dir='ltr'><strong>tum</strong></span> <span class='ocrx_word' id='word_1_706' title='bbox 2750 4005 2886 4058; x_wconf 85' lang='lat' dir='ltr'><strong>nihil</strong></span> <span class='ocrx_word' id='word_1_707' title='bbox 2915 4003 3232 4058; x_wconf 90' lang='lat' dir='ltr'><strong>acerbitatis</strong></span> <span class='ocrx_word' id='word_1_708' title='bbox 3263 4003 3376 4057; x_wconf 89' lang='lat' dir='ltr'><strong>illic</strong></span> <span class='ocrx_word' id='word_1_709' title='bbox 3425 4001 3672 4070; x_wconf 83' lang='lat' dir='ltr'><strong>experie-</strong></span> 
     </span>
    </p>
   </div>
   <div class='ocr_carea' id='block_1_94' title="bbox 2097 4093 3671 4164">
    <p class='ocr_par' dir='ltr' id='par_1_94' title="bbox 2097 4093 3671 4164">
     <span class='ocr_line' id='line_1_94' title="bbox 2097 4093 3671 4164; baseline -0.002 -15"><span class='ocrx_word' id='word_1_710' title='bbox 2097 4105 2206 4149; x_wconf 86' lang='lat' dir='ltr'><strong>tur.</strong></span> <span class='ocrx_word' id='word_1_711' title='bbox 2236 4093 2368 4149; x_wconf 85' lang='lat' dir='ltr'><strong>Nam</strong></span> <span class='ocrx_word' id='word_1_712' title='bbox 2403 4095 2676 4164; x_wconf 89' lang='lat' dir='ltr'><strong>ejusmodi</strong></span> <span class='ocrx_word' id='word_1_713' title='bbox 2712 4097 2917 4158; x_wconf 91' lang='lat' dir='ltr'><strong>anima,</strong></span> <span class='ocrx_word' id='word_1_714' title='bbox 2963 4111 3086 4150; x_wconf 89' lang='lat' dir='ltr'><strong>cum</strong></span> <span class='ocrx_word' id='word_1_715' title='bbox 3127 4095 3334 4148; x_wconf 91' lang='lat' dir='ltr'><strong>nullum</strong></span> <span class='ocrx_word' id='word_1_716' title='bbox 3368 4095 3420 4147; x_wconf 94' lang='lat' dir='ltr'><strong>in</strong></span> <span class='ocrx_word' id='word_1_717' title='bbox 3464 4110 3523 4147; x_wconf 87' lang='lat' dir='ltr'><strong>se</strong></span> <span class='ocrx_word' id='word_1_718' title='bbox 3562 4093 3671 4146; x_wconf 82' lang='lat' dir='ltr'><strong>cri-</strong></span> 
     </span>
    </p>
   </div>
   <div class='ocr_carea' id='block_1_95' title="bbox 2097 4184 3670 4255">
    <p class='ocr_par' dir='ltr' id='par_1_95' title="bbox 2097 4184 3670 4255">
     <span class='ocr_line' id='line_1_95' title="bbox 2097 4184 3670 4255; baseline 0 -17"><span class='ocrx_word' id='word_1_719' title='bbox 2097 4201 2218 4239; x_wconf 88' lang='lat' dir='ltr'><strong>men</strong></span> <span class='ocrx_word' id='word_1_720' title='bbox 2251 4185 2470 4247; x_wconf 89' lang='lat' dir='ltr'><strong>habeat,</strong></span> <span class='ocrx_word' id='word_1_721' title='bbox 2506 4186 2667 4255; x_wconf 89' lang='lat' dir='ltr'><strong>cujus</strong></span> <span class='ocrx_word' id='word_1_722' title='bbox 2707 4187 2929 4240; x_wconf 86' lang='lat' dir='ltr'><strong>nomine</strong></span> <span class='ocrx_word' id='word_1_723' title='bbox 2952 4187 3004 4239; x_wconf 93' lang='lat' dir='ltr'><strong>in</strong></span> <span class='ocrx_word' id='word_1_724' title='bbox 3035 4185 3300 4253; x_wconf 88' lang='lat' dir='ltr'><strong>judicium</strong></span> <span class='ocrx_word' id='word_1_725' title='bbox 3337 4184 3538 4244; x_wconf 87' lang='lat' dir='ltr'><strong>veniat,</strong></span> <span class='ocrx_word' id='word_1_726' title='bbox 3577 4199 3670 4252; x_wconf 81' lang='lat' dir='ltr'><strong>ge-</strong></span> 
     </span>
    </p>
   </div>
   <div class='ocr_carea' id='block_1_96' title="bbox 2098 4274 3670 4346">
    <p class='ocr_par' dir='ltr' id='par_1_96' title="bbox 2098 4274 3670 4346">
     <span class='ocr_line' id='line_1_96' title="bbox 2098 4274 3670 4346; baseline 0.001 -18"><span class='ocrx_word' id='word_1_727' title='bbox 2098 4275 2332 4329; x_wconf 91' lang='lat' dir='ltr'><strong>hennam</strong></span> <span class='ocrx_word' id='word_1_728' title='bbox 2366 4292 2472 4330; x_wconf 93' lang='lat' dir='ltr'><strong>non</strong></span> <span class='ocrx_word' id='word_1_729' title='bbox 2501 4277 2712 4340; x_wconf 81' lang='lat' dir='ltr'><strong>metuit,</strong></span> <span class='ocrx_word' id='word_1_730' title='bbox 2737 4276 3004 4346; x_wconf 90' lang='lat' dir='ltr'><strong>judicium</strong></span> <span class='ocrx_word' id='word_1_731' title='bbox 3039 4292 3145 4331; x_wconf 92' lang='lat' dir='ltr'><strong>non</strong></span> <span class='ocrx_word' id='word_1_732' title='bbox 3175 4277 3325 4330; x_wconf 89' lang='lat' dir='ltr'><strong>timet</strong></span> <span class='ocrx_word' id='word_1_733' title='bbox 3357 4294 3370 4329; x_wconf 91' lang='lat'>:</span> <span class='ocrx_word' id='word_1_734' title='bbox 3399 4274 3670 4346; x_wconf 87' lang='lat' dir='ltr'><strong>intrepida</strong></span> 
     </span>
    </p>
   </div>
   <div class='ocr_carea' id='block_1_97' title="bbox 2099 4368 3728 4438">
    <p class='ocr_par' dir='ltr' id='par_1_97' title="bbox 2099 4368 3728 4438">
     <span class='ocr_line' id='line_1_97' title="bbox 2099 4368 3728 4438; baseline 0.001 -18"><span class='ocrx_word' id='word_1_735' title='bbox 2099 4375 2260 4436; x_wconf 89' lang='lat' dir='ltr'><strong>atque</strong></span> <span class='ocrx_word' id='word_1_736' title='bbox 2292 4369 2659 4437; x_wconf 86' lang='lat' dir='ltr'><strong>imperterrita</strong></span> <span class='ocrx_word' id='word_1_737' title='bbox 2693 4378 2994 4438; x_wconf 86' lang='lat' dir='ltr'><strong>permanet,</strong></span> <span class='ocrx_word' id='word_1_738' title='bbox 3027 4369 3174 4422; x_wconf 87' lang='lat' dir='ltr'><strong>nulla</strong></span> <span class='ocrx_word' id='word_1_739' title='bbox 3201 4382 3363 4438; x_wconf 86' lang='lat' dir='ltr'><strong>prava</strong></span> <span class='ocrx_word' id='word_1_740' title='bbox 3387 4368 3672 4422; x_wconf 89' lang='lat' dir='ltr'><strong>conscien-</strong></span> <span class='ocrx_word' id='word_1_741' title='bbox 3726 4371 3728 4374; x_wconf 80' lang='grc'><em>’</em></span> 
     </span>
    </p>
   </div>
   <div class='ocr_carea' id='block_1_98' title="bbox 2101 4458 3669 4529">
    <p class='ocr_par' dir='ltr' id='par_1_98' title="bbox 2101 4458 3669 4529">
     <span class='ocr_line' id='line_1_98' title="bbox 2101 4458 3669 4529; baseline -0.001 -17"><span class='ocrx_word' id='word_1_742' title='bbox 2101 4461 2172 4513; x_wconf 91' lang='lat' dir='ltr'><strong>tia</strong></span> <span class='ocrx_word' id='word_1_743' title='bbox 2197 4460 2385 4529; x_wconf 89' lang='lat' dir='ltr'><strong>judicii</strong></span> <span class='ocrx_word' id='word_1_744' title='bbox 2411 4469 2674 4514; x_wconf 86' lang='lat' dir='ltr'><strong>terrorem</strong></span> <span class='ocrx_word' id='word_1_745' title='bbox 2707 4460 3020 4514; x_wconf 81' lang='lat' dir='ltr'><strong>incutiente.</strong></span> <span class='ocrx_word' id='word_1_746' title='bbox 3048 4461 3116 4512; x_wconf 87' lang='lat' dir='ltr'><strong>At</strong></span> <span class='ocrx_word' id='word_1_747' title='bbox 3139 4461 3442 4529; x_wconf 86' lang='lat' dir='ltr'><strong>oportebat,</strong></span> <span class='ocrx_word' id='word_1_748' title='bbox 3470 4458 3669 4528; x_wconf 89' lang='lat' dir='ltr'><strong>inquit,</strong></span> 
     </span>
    </p>
   </div>
   <div class='ocr_carea' id='block_1_99' title="bbox 2100 4551 3674 4620">
    <p class='ocr_par' dir='ltr' id='par_1_99' title="bbox 2100 4551 3674 4620">
     <span class='ocr_line' id='line_1_99' title="bbox 2100 4551 3674 4620; baseline 0 -15"><span class='ocrx_word' id='word_1_749' title='bbox 2100 4568 2217 4605; x_wconf 76' lang='lat' dir='ltr'><strong>eam</strong></span> <span class='ocrx_word' id='word_1_750' title='bbox 2245 4553 2309 4604; x_wconf 91' lang='lat' dir='ltr'><strong>ad</strong></span> <span class='ocrx_word' id='word_1_751' title='bbox 2329 4552 2538 4620; x_wconf 88' lang='lat' dir='ltr'><strong>justum</strong></span> <span class='ocrx_word' id='word_1_752' title='bbox 2565 4553 2743 4606; x_wconf 64' lang='lat' dir='ltr'><strong>aetatis</strong></span> <span class='ocrx_word' id='word_1_753' title='bbox 2768 4553 2987 4606; x_wconf 90' lang='lat' dir='ltr'><strong>modum</strong></span> <span class='ocrx_word' id='word_1_754' title='bbox 3011 4553 3248 4609; x_wconf 85' lang='lat' dir='ltr'><strong>venisse.</strong></span> <span class='ocrx_word' id='word_1_755' title='bbox 3274 4563 3326 4606; x_wconf 95' lang='lat' dir='ltr'><strong>et</strong></span> <span class='ocrx_word' id='word_1_756' title='bbox 3357 4553 3408 4604; x_wconf 94' lang='lat' dir='ltr'><strong>in</strong></span> <span class='ocrx_word' id='word_1_757' title='bbox 3432 4551 3674 4605; x_wconf 84' lang='lat' dir='ltr'><strong>thalamo</strong></span> 
     </span>
    </p>
   </div>
   <div class='ocr_carea' id='block_1_100' title="bbox 2101 4641 3673 4712">
    <p class='ocr_par' dir='ltr' id='par_1_100' title="bbox 2101 4641 3673 4712">
     <span class='ocr_line' id='line_1_100' title="bbox 2101 4641 3673 4712; baseline -0.001 -17"><span class='ocrx_word' id='word_1_758' title='bbox 2101 4643 2329 4712; x_wconf 90' lang='lat' dir='ltr'><strong>nuptiali</strong></span> <span class='ocrx_word' id='word_1_759' title='bbox 2363 4643 2676 4696; x_wconf 83' lang='lat' dir='ltr'><strong>cxhilarari.</strong></span> <span class='ocrx_word' id='word_1_760' title='bbox 2715 4641 2912 4696; x_wconf 89' lang='lat' dir='ltr'><strong>Verum</strong></span> <span class='ocrx_word' id='word_1_761' title='bbox 2942 4643 3009 4696; x_wconf 89' lang='lat' dir='ltr'><strong>ad</strong></span> <span class='ocrx_word' id='word_1_762' title='bbox 3046 4645 3146 4697; x_wconf 90' lang='lat' dir='ltr'><strong>hoc</strong></span> <span class='ocrx_word' id='word_1_763' title='bbox 3176 4643 3272 4697; x_wconf 92' lang='lat' dir='ltr'><strong>tibi</strong></span> <span class='ocrx_word' id='word_1_764' title='bbox 3315 4659 3476 4698; x_wconf 88' lang='lat' dir='ltr'><strong>verus</strong></span> <span class='ocrx_word' id='word_1_765' title='bbox 3507 4659 3673 4711; x_wconf 83' lang='lat' dir='ltr'><strong>spon-</strong></span> 
     </span>
    </p>
   </div>
   <div class='ocr_carea' id='block_1_101' title="bbox 2102 4734 3670 4804">
    <p class='ocr_par' dir='ltr' id='par_1_101' title="bbox 2102 4734 3670 4804">
     <span class='ocr_line' id='line_1_101' title="bbox 2102 4734 3670 4804; baseline 0.001 -17"><span class='ocrx_word' id='word_1_766' title='bbox 2102 4752 2198 4788; x_wconf 86' lang='lat' dir='ltr'><strong>sus</strong></span> <span class='ocrx_word' id='word_1_767' title='bbox 2231 4736 2397 4798; x_wconf 78' lang='lat' dir='ltr'><strong>dicet,</strong></span> <span class='ocrx_word' id='word_1_768' title='bbox 2435 4734 2579 4803; x_wconf 91' lang='lat' dir='ltr'><strong>quod</strong></span> <span class='ocrx_word' id='word_1_769' title='bbox 2616 4736 2804 4789; x_wconf 90' lang='lat' dir='ltr'><strong>melior</strong></span> <span class='ocrx_word' id='word_1_770' title='bbox 2835 4737 2886 4789; x_wconf 91' lang='lat' dir='ltr'><strong>in</strong></span> <span class='ocrx_word' id='word_1_771' title='bbox 2933 4737 3074 4789; x_wconf 72' lang='lat' dir='ltr'><strong>coelo</strong></span> <span class='ocrx_word' id='word_1_772' title='bbox 3102 4737 3174 4790; x_wconf 92' lang='lat' dir='ltr'><strong>sit</strong></span> <span class='ocrx_word' id='word_1_773' title='bbox 3221 4737 3392 4789; x_wconf 85' lang='lat' dir='ltr'><strong>lectus</strong></span> <span class='ocrx_word' id='word_1_774' title='bbox 3421 4737 3670 4804; x_wconf 82' lang='lat' dir='ltr'><strong>genialis,</strong></span> 
     </span>
    </p>
   </div>
   <div class='ocr_carea' id='block_1_102' title="bbox 2101 4824 3674 4888">
    <p class='ocr_par' dir='ltr' id='par_1_102' title="bbox 2101 4824 3674 4888">
     <span class='ocr_line' id='line_1_102' title="bbox 2101 4824 3674 4888; baseline 0 -12"><span class='ocrx_word' id='word_1_775' title='bbox 2101 4824 2491 4878; x_wconf 89' lang='lat' dir='ltr'><strong>anteferendus</strong></span> <span class='ocrx_word' id='word_1_776' title='bbox 2553 4825 2642 4878; x_wconf 92' lang='lat' dir='ltr'><strong>ille</strong></span> <span class='ocrx_word' id='word_1_777' title='bbox 2683 4824 2977 4888; x_wconf 88' lang='lat' dir='ltr'><strong>thalamus,</strong></span> <span class='ocrx_word' id='word_1_778' title='bbox 3022 4826 3113 4878; x_wconf 88' lang='lat' dir='ltr'><strong>ttbi</strong></span> <span class='ocrx_word' id='word_1_779' title='bbox 3163 4825 3444 4878; x_wconf 87' lang='lat' dir='ltr'><strong>viduitatis</strong></span> <span class='ocrx_word' id='word_1_780' title='bbox 3497 4833 3674 4876; x_wconf 89' lang='lat' dir='ltr'><strong>metus</strong></span> 
     </span>
    </p>
   </div>
   <div class='ocr_carea' id='block_1_103' title="bbox 2104 4914 3670 4983">
    <p class='ocr_par' dir='ltr' id='par_1_103' title="bbox 2104 4914 3670 4983">
     <span class='ocr_line' id='line_1_103' title="bbox 2104 4914 3670 4983; baseline -0.002 -17"><span class='ocrx_word' id='word_1_781' title='bbox 2104 4931 2210 4967; x_wconf 90' lang='lat' dir='ltr'><strong>non</strong></span> <span class='ocrx_word' id='word_1_782' title='bbox 2253 4923 2356 4968; x_wconf 88' lang='lat' dir='ltr'><strong>est.</strong></span> <span class='ocrx_word' id='word_1_783' title='bbox 2413 4914 2533 4978; x_wconf 84' lang='lat' dir='ltr'><strong>Quo</strong></span> <span class='ocrx_word' id='word_1_784' title='bbox 2565 4915 2749 4982; x_wconf 80' lang='lat' dir='ltr'><strong>igitur,</strong></span> <span class='ocrx_word' id='word_1_785' title='bbox 2783 4930 2967 4982; x_wconf 66' lang='lat' dir='ltr'><strong>quaasu</strong></span> <span class='ocrx_word' id='word_1_786' title='bbox 3009 4923 3079 4978; x_wconf 92' lang='lat' dir='ltr'><strong>te,</strong></span> <span class='ocrx_word' id='word_1_787' title='bbox 3119 4917 3262 4968; x_wconf 92' lang='lat' dir='ltr'><strong>bono</strong></span> <span class='ocrx_word' id='word_1_788' title='bbox 3311 4915 3516 4983; x_wconf 85' lang='lat' dir='ltr'><strong>privata</strong></span> <span class='ocrx_word' id='word_1_789' title='bbox 3567 4919 3670 4974; x_wconf 91' lang='lat' dir='ltr'><strong>est,</strong></span> 
     </span>
    </p>
   </div>
   <div class='ocr_carea' id='block_1_104' title="bbox 2099 4999 3676 5073">
    <p class='ocr_par' dir='ltr' id='par_1_104' title="bbox 2099 4999 3676 5073">
     <span class='ocr_line' id='line_1_104' title="bbox 2099 4999 3676 5073; baseline -0.002 -16"><span class='ocrx_word' id='word_1_790' title='bbox 2099 5019 2222 5057; x_wconf 92' lang='lat' dir='ltr'><strong>cum</strong></span> <span class='ocrx_word' id='word_1_791' title='bbox 2255 5004 2394 5058; x_wconf 88' lang='lat' dir='ltr'><strong>hanc</strong></span> <span class='ocrx_word' id='word_1_792' title='bbox 2427 5005 2699 5058; x_wconf 88' lang='lat' dir='ltr'><strong>carnalem</strong></span> <span class='ocrx_word' id='word_1_793' title='bbox 2744 5004 2910 5057; x_wconf 89' lang='lat' dir='ltr'><strong>vitam</strong></span> <span class='ocrx_word' id='word_1_794' title='bbox 2960 5003 3144 5058; x_wconf 82' lang='lat' dir='ltr'><strong>exuit?</strong></span> <span class='ocrx_word' id='word_1_795' title='bbox 3197 5003 3378 5073; x_wconf 79' lang='lat' dir='ltr'><strong>Dicam</strong></span> <span class='ocrx_word' id='word_1_796' title='bbox 3429 5001 3522 5054; x_wconf 92' lang='lat' dir='ltr'><strong>tibi</strong></span> <span class='ocrx_word' id='word_1_797' title='bbox 3553 4999 3676 5054; x_wconf 68' lang='lat' dir='ltr'><strong>vim</strong></span> 
     </span>
    </p>
   </div>
   <div class='ocr_carea' id='block_1_105' title="bbox 424 5092 3674 5168">
    <p class='ocr_par' dir='ltr' id='par_1_105' title="bbox 424 5092 3674 5168">
     <span class='ocr_line' id='line_1_105' title="bbox 424 5092 3674 5168; baseline 0.001 -19"><span class='ocrx_word' id='word_1_798' title='bbox 424 5099 564 5150; x_wconf 80' lang='lat' dir='ltr'><strong>bona</strong></span> <span class='ocrx_word' id='word_1_799' title='bbox 600 5113 614 5148; x_wconf 88' lang='lat'><strong>:</strong></span> <span class='ocrx_word' id='word_1_800' title='bbox 651 5095 818 5149; x_wconf 88' lang='lat' dir='ltr'><strong>animi</strong></span> <span class='ocrx_word' id='word_1_801' title='bbox 854 5093 1208 5163; x_wconf 67' lang='lat' dir='ltr'><strong>aegritudines</strong></span> <span class='ocrx_word' id='word_1_802' title='bbox 1241 5103 1293 5145; x_wconf 79' lang='lat' dir='ltr'><strong>ct</strong></span> <span class='ocrx_word' id='word_1_803' title='bbox 1327 5092 1610 5159; x_wconf 80' lang='lat' dir='ltr'><strong>molestiae,</strong></span> <span class='ocrx_word' id='word_1_804' title='bbox 1661 5095 1991 5164; x_wconf 89' lang='lat' dir='ltr'><strong>voluptates,</strong></span> <span class='ocrx_word' id='word_1_805' title='bbox 2036 5097 2149 5162; x_wconf 74' lang='lat' dir='ltr'><strong>irzr,</strong></span> <span class='ocrx_word' id='word_1_806' title='bbox 2184 5105 2380 5160; x_wconf 90' lang='lat' dir='ltr'><strong>metus,</strong></span> <span class='ocrx_word' id='word_1_807' title='bbox 2418 5113 2544 5166; x_wconf 88' lang='lat' dir='ltr'><strong>spes</strong></span> <span class='ocrx_word' id='word_1_808' title='bbox 2567 5137 2581 5160; x_wconf 88' lang='lat'><strong>,</strong></span> <span class='ocrx_word' id='word_1_809' title='bbox 2618 5098 2949 5167; x_wconf 89' lang='lat' dir='ltr'><strong>cupiditates</strong></span> <span class='ocrx_word' id='word_1_810' title='bbox 3002 5108 3056 5153; x_wconf 91' lang='lat' dir='ltr'><strong>et</strong></span> <span class='ocrx_word' id='word_1_811' title='bbox 3098 5099 3368 5162; x_wconf 88' lang='lat' dir='ltr'><strong>desideria</strong></span> <span class='ocrx_word' id='word_1_812' title='bbox 3407 5116 3419 5151; x_wconf 91' lang='lat'><strong>:</strong></span> <span class='ocrx_word' id='word_1_813' title='bbox 3469 5099 3582 5151; x_wconf 57' lang='lat' dir='ltr'><strong>haec</strong></span> <span class='ocrx_word' id='word_1_814' title='bbox 3619 5113 3674 5168; x_wconf 61' lang='lat' dir='ltr'><strong>eg</strong></span> 
     </span>
    </p>
   </div>
   <div class='ocr_carea' id='block_1_106' title="bbox 422 5185 2710 5258">
    <p class='ocr_par' dir='ltr' id='par_1_106' title="bbox 422 5185 2710 5258">
     <span class='ocr_line' id='line_1_106' title="bbox 422 5185 2710 5258; baseline 0 -16"><span class='ocrx_word' id='word_1_815' title='bbox 422 5189 691 5258; x_wconf 88' lang='lat' dir='ltr'><strong>ejusmodi</strong></span> <span class='ocrx_word' id='word_1_816' title='bbox 747 5196 894 5253; x_wconf 89' lang='lat' dir='ltr'><strong>sunt,</strong></span> <span class='ocrx_word' id='word_1_817' title='bbox 934 5187 1142 5255; x_wconf 79' lang='lat' dir='ltr'><strong>quibus</strong></span> <span class='ocrx_word' id='word_1_818' title='bbox 1191 5185 1244 5238; x_wconf 90' lang='lat' dir='ltr'><strong>in</strong></span> <span class='ocrx_word' id='word_1_819' title='bbox 1281 5187 1535 5252; x_wconf 87' lang='lat' dir='ltr'><strong>praesenti</strong></span> <span class='ocrx_word' id='word_1_820' title='bbox 1587 5188 1695 5240; x_wconf 90' lang='lat' dir='ltr'><strong>vita</strong></span> <span class='ocrx_word' id='word_1_821' title='bbox 1737 5186 1998 5255; x_wconf 90' lang='lat' dir='ltr'><strong>implicati</strong></span> <span class='ocrx_word' id='word_1_822' title='bbox 2037 5198 2198 5258; x_wconf 85' lang='lat' dir='ltr'><strong>atque</strong></span> <span class='ocrx_word' id='word_1_823' title='bbox 2231 5189 2465 5243; x_wconf 81' lang='lat' dir='ltr'><strong>connexi</strong></span> <span class='ocrx_word' id='word_1_824' title='bbox 2497 5205 2710 5245; x_wconf 86' lang='lat' dir='ltr'><strong>sumus.</strong></span> 
     </span>
    </p>
   </div>
   <div class='ocr_carea' id='block_1_107' title="bbox 491 5278 1995 5348">
    <p class='ocr_par' dir='ltr' id='par_1_107' title="bbox 491 5278 1995 5348">
     <span class='ocr_line' id='line_1_107' title="bbox 491 5278 1995 5348; baseline -0.001 -13"><span class='ocrx_word' id='word_1_825' title='bbox 491 5285 554 5336; x_wconf 88' lang='grc' dir='ltr'><strong>Τί</strong></span> <span class='ocrx_word' id='word_1_826' title='bbox 587 5281 678 5337; x_wconf 81' lang='grc' dir='ltr'><strong>οὖν</strong></span> <span class='ocrx_word' id='word_1_827' title='bbox 726 5283 893 5336; x_wconf 82' lang='grc' dir='ltr'>κακὸν</span> <span class='ocrx_word' id='word_1_828' title='bbox 927 5279 1193 5333; x_wconf 86' lang='grc' dir='ltr'>πέπονθεν</span> <span class='ocrx_word' id='word_1_829' title='bbox 1241 5281 1274 5347; x_wconf 84' lang='grc' dir='ltr'>ἡ</span> <span class='ocrx_word' id='word_1_830' title='bbox 1317 5278 1580 5331; x_wconf 85' lang='grc' dir='ltr'>τοσούτων</span> <span class='ocrx_word' id='word_1_831' title='bbox 1622 5279 1995 5348; x_wconf 87' lang='grc' dir='ltr'>ἀπαλλαγεῖσα</span> 
     </span>
    </p>
   </div>
   <div class='ocr_carea' id='block_1_108' title="bbox 422 5369 1994 5444">
    <p class='ocr_par' dir='ltr' id='par_1_108' title="bbox 422 5369 1994 5444">
     <span class='ocr_line' id='line_1_108' title="bbox 422 5369 1994 5444; baseline -0.003 -19"><span class='ocrx_word' id='word_1_832' title='bbox 422 5376 729 5444; x_wconf 75' lang='grc' dir='ltr'>τυράννωνς</span> <span class='ocrx_word' id='word_1_833' title='bbox 765 5375 1032 5426; x_wconf 85' lang='grc' dir='ltr'>Ἕκαστον</span> <span class='ocrx_word' id='word_1_834' title='bbox 1065 5371 1175 5442; x_wconf 74' lang='grc' dir='ltr'><strong>γὰρ</strong></span> <span class='ocrx_word' id='word_1_835' title='bbox 1207 5369 1393 5433; x_wconf 86' lang='grc' dir='ltr'>πάθος,</span> <span class='ocrx_word' id='word_1_836' title='bbox 1422 5371 1550 5422; x_wconf 83' lang='grc' dir='ltr'>ὅταν</span> <span class='ocrx_word' id='word_1_837' title='bbox 1573 5372 1865 5440; x_wconf 83' lang='grc' dir='ltr'>ἐπικρατῇ,</span> <span class='ocrx_word' id='word_1_838' title='bbox 1897 5373 1994 5440; x_wconf 78' lang='grc' dir='ltr'>τῆς</span> 
     </span>
    </p>
   </div>
   <div class='ocr_carea' id='block_1_109' title="bbox 421 5461 1991 5534">
    <p class='ocr_par' dir='ltr' id='par_1_109' title="bbox 421 5461 1991 5534">
     <span class='ocr_line' id='line_1_109' title="bbox 421 5461 1991 5534; baseline -0.003 -17"><span class='ocrx_word' id='word_1_839' title='bbox 421 5466 594 5534; x_wconf 58' lang='grc' dir='ltr'>ψυχῆς</span> <span class='ocrx_word' id='word_1_840' title='bbox 628 5464 888 5534; x_wconf 84' lang='grc' dir='ltr'>τύραννος</span> <span class='ocrx_word' id='word_1_841' title='bbox 930 5464 1083 5534; x_wconf 84' lang='grc' dir='ltr'>ἡμῶν</span> <span class='ocrx_word' id='word_1_842' title='bbox 1118 5462 1347 5531; x_wconf 87' lang='grc' dir='ltr'>γίνεται,</span> <span class='ocrx_word' id='word_1_843' title='bbox 1387 5461 1514 5522; x_wconf 78' lang='grc' dir='ltr'>τοὺς</span> <span class='ocrx_word' id='word_1_844' title='bbox 1541 5461 1833 5530; x_wconf 81' lang='grc' dir='ltr'>λογισμοὺς</span> <span class='ocrx_word' id='word_1_845' title='bbox 1869 5461 1991 5514; x_wconf 84' lang='grc' dir='ltr'>δου-</span> 
     </span>
    </p>
   </div>
   <div class='ocr_carea' id='block_1_110' title="bbox 423 5550 1989 5625">
    <p class='ocr_par' dir='ltr' id='par_1_110' title="bbox 423 5550 1989 5625">
     <span class='ocr_line' id='line_1_110' title="bbox 423 5550 1989 5625; baseline -0.001 -18"><span class='ocrx_word' id='word_1_846' title='bbox 423 5556 752 5625; x_wconf 77' lang='grc' dir='ltr'>λωσὰμενον.</span> <span class='ocrx_word' id='word_1_847' title='bbox 785 5557 853 5607; x_wconf 85' lang='grc' dir='ltr'><em>Ἢ</em></span> <span class='ocrx_word' id='word_1_848' title='bbox 887 5555 1046 5608; x_wconf 84' lang='grc' dir='ltr'>λυπεῖ</span> <span class='ocrx_word' id='word_1_849' title='bbox 1075 5555 1256 5624; x_wconf 82' lang='grc' dir='ltr'>ἡμᾶς,</span> <span class='ocrx_word' id='word_1_850' title='bbox 1293 5554 1373 5606; x_wconf 86' lang='grc' dir='ltr'>ὅτι</span> <span class='ocrx_word' id='word_1_851' title='bbox 1410 5551 1484 5623; x_wconf 81' lang='grc' dir='ltr'>μὴ</span> <span class='ocrx_word' id='word_1_852' title='bbox 1527 5550 1869 5622; x_wconf 83' lang='grc' dir='ltr'>κατεπονήθη</span> <span class='ocrx_word' id='word_1_853' title='bbox 1903 5552 1989 5606; x_wconf 80' lang='grc' dir='ltr'>διὰ</span> 
     </span>
    </p>
   </div>
   <div class='ocr_carea' id='block_1_111' title="bbox 494 5738 1562 5807">
    <p class='ocr_par' dir='ltr' id='par_1_111' title="bbox 494 5738 1562 5807">
     <span class='ocr_line' id='line_1_111' title="bbox 494 5738 1562 5807; baseline -0.002 -15"><span class='ocrx_word' id='word_1_854' title='bbox 494 5739 514 5768; x_wconf 80' lang='grc'>⁸</span> <span class='ocrx_word' id='word_1_855' title='bbox 550 5738 738 5795; x_wconf 85' lang='lat' dir='ltr'><strong>Matth.</strong></span> <span class='ocrx_word' id='word_1_856' title='bbox 772 5757 895 5807; x_wconf 69' lang='grc' dir='ltr'>χιιι,</span> <span class='ocrx_word' id='word_1_857' title='bbox 930 5743 1014 5795; x_wconf 76' lang='grc' dir='ltr'><strong>Η.</strong></span> <span class='ocrx_word' id='word_1_858' title='bbox 1127 5741 1145 5771; x_wconf 84' lang='grc'><em>³</em></span> <span class='ocrx_word' id='word_1_859' title='bbox 1173 5739 1312 5794; x_wconf 86' lang='lat' dir='ltr'><strong>Psal.</strong></span> <span class='ocrx_word' id='word_1_860' title='bbox 1349 5755 1464 5805; x_wconf 85' lang='lat' dir='ltr'>CIII,</span> <span class='ocrx_word' id='word_1_861' title='bbox 1513 5738 1562 5791; x_wconf 82' lang='lat' dir='ltr'><strong>l.</strong></span> 
     </span>
    </p>
   </div>
   <div class='ocr_carea' id='block_1_112' title="bbox 1637 5734 2056 5798">
    <p class='ocr_par' dir='ltr' id='par_1_112' title="bbox 1637 5734 2056 5798">
     <span class='ocr_line' id='line_1_112' title="bbox 1637 5734 2056 5798; baseline -0.012 -7"><span class='ocrx_word' id='word_1_862' title='bbox 1637 5736 1656 5768; x_wconf 66' lang='grc'>⁸</span> <span class='ocrx_word' id='word_1_863' title='bbox 1684 5734 1830 5790; x_wconf 84' lang='lat' dir='ltr'><strong>Psal.</strong></span> <span class='ocrx_word' id='word_1_864' title='bbox 1867 5749 1982 5798; x_wconf 86' lang='lat' dir='ltr'><strong>vnt,</strong></span> <span class='ocrx_word' id='word_1_865' title='bbox 2008 5734 2056 5787; x_wconf 78' lang='grc'><strong>5.</strong></span> 
     </span>
    </p>
   </div>
   <div class='ocr_carea' id='block_1_113' title="bbox 2171 5283 3674 5354">
    <p class='ocr_par' dir='ltr' id='par_1_113' title="bbox 2171 5283 3674 5354">
     <span class='ocr_line' id='line_1_113' title="bbox 2171 5283 3674 5354; baseline 0.003 -19"><span class='ocrx_word' id='word_1_866' title='bbox 2171 5283 2311 5349; x_wconf 88' lang='lat' dir='ltr'><strong>Quid</strong></span> <span class='ocrx_word' id='word_1_867' title='bbox 2347 5284 2512 5352; x_wconf 81' lang='lat' dir='ltr'><strong>igitur</strong></span> <span class='ocrx_word' id='word_1_868' title='bbox 2539 5284 2667 5336; x_wconf 89' lang='lat' dir='ltr'><strong>mali</strong></span> <span class='ocrx_word' id='word_1_869' title='bbox 2716 5283 2916 5337; x_wconf 85' lang='lat' dir='ltr'><strong>accidit</strong></span> <span class='ocrx_word' id='word_1_870' title='bbox 2960 5283 3033 5345; x_wconf 88' lang='lat' dir='ltr'><strong>ei,</strong></span> <span class='ocrx_word' id='word_1_871' title='bbox 3063 5299 3185 5352; x_wconf 77' lang='lat' dir='ltr'><strong>quze</strong></span> <span class='ocrx_word' id='word_1_872' title='bbox 3235 5298 3262 5335; x_wconf 89' lang='lat' dir='ltr'><strong>a</strong></span> <span class='ocrx_word' id='word_1_873' title='bbox 3304 5291 3383 5338; x_wconf 93' lang='lat' dir='ltr'><strong>tot</strong></span> <span class='ocrx_word' id='word_1_874' title='bbox 3423 5287 3674 5354; x_wconf 83' lang='lat' dir='ltr'><strong>tyrannis</strong></span> 
     </span>
    </p>
   </div>
   <div class='ocr_carea' id='block_1_114' title="bbox 2100 5372 3677 5445">
    <p class='ocr_par' dir='ltr' id='par_1_114' title="bbox 2100 5372 3677 5445">
     <span class='ocr_line' id='line_1_114' title="bbox 2100 5372 3677 5445; baseline 0.003 -19"><span class='ocrx_word' id='word_1_875' title='bbox 2100 5374 2326 5428; x_wconf 85' lang='lat' dir='ltr'><strong>liberata</strong></span> <span class='ocrx_word' id='word_1_876' title='bbox 2360 5373 2471 5427; x_wconf 86' lang='lat' dir='ltr'><strong>sit?</strong></span> <span class='ocrx_word' id='word_1_877' title='bbox 2503 5372 2892 5443; x_wconf 81' lang='lat' dir='ltr'><strong>Unusquisque</strong></span> <span class='ocrx_word' id='word_1_878' title='bbox 2920 5375 3063 5428; x_wconf 93' lang='lat' dir='ltr'><strong>enim</strong></span> <span class='ocrx_word' id='word_1_879' title='bbox 3102 5373 3330 5429; x_wconf 82' lang='lat' dir='ltr'><strong>affectus</strong></span> <span class='ocrx_word' id='word_1_880' title='bbox 3361 5389 3426 5429; x_wconf 87' lang='lat' dir='ltr'><strong>ac</strong></span> <span class='ocrx_word' id='word_1_881' title='bbox 3461 5389 3677 5445; x_wconf 76' lang='lat' dir='ltr'><strong>pertur-</strong></span> 
     </span>
    </p>
   </div>
   <div class='ocr_carea' id='block_1_115' title="bbox 2100 5464 3674 5533">
    <p class='ocr_par' dir='ltr' id='par_1_115' title="bbox 2100 5464 3674 5533">
     <span class='ocr_line' id='line_1_115' title="bbox 2100 5464 3674 5533; baseline 0.001 -15"><span class='ocrx_word' id='word_1_882' title='bbox 2100 5466 2268 5528; x_wconf 88' lang='lat' dir='ltr'><strong>latio,</strong></span> <span class='ocrx_word' id='word_1_883' title='bbox 2313 5480 2437 5518; x_wconf 91' lang='lat' dir='ltr'><strong>cum</strong></span> <span class='ocrx_word' id='word_1_884' title='bbox 2472 5465 2728 5533; x_wconf 65' lang='lat' dir='ltr'><strong>praavalet</strong></span> <span class='ocrx_word' id='word_1_885' title='bbox 2759 5480 2824 5519; x_wconf 88' lang='lat' dir='ltr'><strong>ac</strong></span> <span class='ocrx_word' id='word_1_886' title='bbox 2855 5464 3189 5530; x_wconf 89' lang='lat' dir='ltr'><strong>dominatur,</strong></span> <span class='ocrx_word' id='word_1_887' title='bbox 3226 5466 3534 5520; x_wconf 81' lang='lat' dir='ltr'><strong>rationibus</strong></span> <span class='ocrx_word' id='word_1_888' title='bbox 3569 5465 3674 5520; x_wconf 89' lang='lat' dir='ltr'><strong>sibi</strong></span> 
     </span>
    </p>
   </div>
   <div class='ocr_carea' id='block_1_116' title="bbox 2098 5555 3676 5627">
    <p class='ocr_par' dir='ltr' id='par_1_116' title="bbox 2098 5555 3676 5627">
     <span class='ocr_line' id='line_1_116' title="bbox 2098 5555 3676 5627; baseline 0.003 -19"><span class='ocrx_word' id='word_1_889' title='bbox 2098 5555 2428 5625; x_wconf 74' lang='lat' dir='ltr'><strong>subjugatis,</strong></span> <span class='ocrx_word' id='word_1_890' title='bbox 2456 5555 2623 5609; x_wconf 87' lang='lat' dir='ltr'><strong>animi</strong></span> <span class='ocrx_word' id='word_1_891' title='bbox 2655 5556 2830 5612; x_wconf 91' lang='lat' dir='ltr'><strong>nostri</strong></span> <span class='ocrx_word' id='word_1_892' title='bbox 2859 5564 3124 5627; x_wconf 87' lang='lat' dir='ltr'><strong>tyrannus</strong></span> <span class='ocrx_word' id='word_1_893' title='bbox 3151 5558 3388 5612; x_wconf 77' lang='lat' dir='ltr'><strong>exsistit.</strong></span> <span class='ocrx_word' id='word_1_894' title='bbox 3421 5557 3505 5611; x_wconf 82' lang='lat' dir='ltr'><strong>An</strong></span> <span class='ocrx_word' id='word_1_895' title='bbox 3535 5557 3676 5612; x_wconf 71' lang='lat' dir='ltr'><strong>male</strong></span> 
     </span>
    </p>
   </div>
   <div class='ocr_carea' id='block_1_117' title="bbox 3547 347 3746 409">
    <p class='ocr_par' dir='ltr' id='par_1_117' title="bbox 3547 347 3746 409">
     <span class='ocr_line' id='line_1_117' title="bbox 3547 347 3746 409; baseline 0.03 -6"><span class='ocrx_word' id='word_1_896' title='bbox 3547 349 3654 409; x_wconf 77' lang='lat'><strong>87’)</strong></span> <span class='ocrx_word' id='word_1_897' title='bbox 3739 347 3746 353; x_wconf 66' lang='grc'>’</span> 
     </span>
    </p>
   </div>
  </div>
