4132 6356
426 399 524 454 871

1656 392 1714 450 S.
1749 384 2077 448 GREGORII
2115 382 2403 444 NYSSENI

3571 371 3676 431 8³12

426 535 530 575 nos
567 512 750 581 habet,
787 506 939 588 quod
980 532 1089 572 non
1132 515 1417 570 doloribus
1449 512 1693 585 pariendi
1724 510 1998 574 confecta,

2112 508 2325 568 ὠδίνων,
2370 506 2451 559 ὅτι
2508 501 2583 574 μὴ
2634 498 2921 572 συνετρίϐη
2979 494 3071 553 διὰ
3119 494 3415 566 φροντίδων
3489 494 3673 546 παιδο-

426 609 574 680 quod
610 624 723 666 non
738 620 873 663 cura
904 610 1198 663 liberorum
1231 607 1644 663 educandorum
1676 606 1861 659 attrita
1894 611 1998 671 est,

426 702 573 769 mind
616 714 723 756 non
769 702 979 757 similes
1020 701 1239 755 dolores
1287 697 1524 768 excepit,
1577 705 1744 768 atque
1782 701 2003 766 propter

428 794 577 847 illam
618 799 872 864 parentes
906 789 1331 846 sustinuerunt?
1377 789 1443 842 At
1473 786 1745 857 ejusmodi
1770 799 1859 841 res
1886 783 2004 840 l'ell-

428 885 612 940 citatis
638 884 865 938 nomine
896 882 1279 952 praedicanda,
1317 896 1425 935 non
1467 878 1817 950 deplorandae
1849 886 1998 933 sunt.

429 966 567 1030 Nam
602 976 657 1030 in
687 974 836 1028 nulio
869 982 1146 1029 versatqu
1175 986 1299 1029 esse
1331 972 1496 1035 malo,
1544 966 1737 1025 melior
1766 983 1855 1025 res
1894 977 1999 1033 est,

430 1079 595 1136 quam
639 1065 876 1120 humana
932 1078 1127 1135 capere
1177 1064 1354 1134 possit
1398 1070 1617 1117 natura.
1658 1061 1734 1115 Ita
1783 1061 2002 1130 sapiens

430 1157 594 1211 etiam
644 1156 735 1209 ille
786 1154 1049 1210 Soiomon
1089 1154 1143 1208 in
1189 1154 1304 1208 suis
1362 1151 1665 1223 Scripturis
1721 1160 2000 1206 mortuum

429 1251 727 1317 superstite
759 1247 1063 1302 beatiorem
1096 1260 1219 1299 esse
1252 1244 1424 1298 ducit.
1474 1245 1605 1298 Item
1637 1256 1867 1314 magnus
1900 1240 2004 1296 Da-

429 1338 522 1392 vid
566 1338 729 1391 vitam
759 1352 883 1407 qua!
915 1337 968 1391 in
1017 1350 1183 1390 came
1225 1336 1467 1407 degitur,
1515 1334 1903 1389 lamentatione
1949 1341 2005 1389 et

428 1429 634 1498 gemitu
668 1428 891 1498 dignam
921 1442 1047 1483 esse
1090 1428 1185 1480 ait.
1220 1425 1410 1497 Itaque
1459 1438 1581 1481 eum
1615 1427 1781 1482 ambo
1822 1426 2005 1498 splen-

430 1516 549 1571 didi
588 1527 749 1586 atque
795 1514 1331 1586 uiagniﬁci,.utpnte
1379 1516 1527 1582 regia
1561 1521 1829 1587 poteState
1868 1528 2004 1586 pra:-

431 1607 554 1673 diti,
605 1613 810 1669 essent,
852 1608 1098 1660 omnium
1137 1622 1341 1671 rerum,
1390 1620 1515 1677 quae
1547 1620 1643 1677 per
1670 1608 1836 1661 vitam
1874 1621 2003 1662 sua-

432 1714 527 1753 ves
554 1706 716 1768 nume
740 1698 1001 1767 jucunda:
1036 1697 1329 1762 habentur,
1362 1698 1428 1753 ad
1460 1699 1749 1753 arbitrium
1781 1714 2002 1768 compo-

431 1800 515 1846 tes
560 1799 726 1860 atque
778 1789 1078 1859 participes
1128 1789 1263 1844 nihil
1312 1788 1379 1843 ad
1427 1792 1775 1861 praesentium
1820 1804 2000 1845 rerum

2101 619 2198 673 τρο
2209 601 2349 670 eia:
2367 599 2449 652 ὅτι
2476 597 2551 669 μὴ
2574 596 2670 660 τὰς
2684 595 2876 666 ὁμοίας
2896 591 3194 665 ἀλγηδόνας
3215 587 3432 655 ἐδέξατο
3447 627 3460 653 ,
3494 585 3561 651 ἃς
3587 586 3674 639 ἐπ’

2097 694 2271 764 αὐτῆς
2297 693 2346 744 οἱ
2366 688 2754 760 γεγεννηκότες
2775 686 3108 756 ύπέμεινανς
3155 681 3317 736 Ἀλλὰ
3340 679 3408 734 τά
3446 676 3671 731 τοιαῦτα

2104 783 2484 855 μακαρισμῶν,
2518 781 2619 834 οὐκ
2641 777 2888 850 ὀδυρμῶν
2918 779 3065 831 ἐστιν
3085 770 3228 838 ἀξια.
3256 772 3330 826 Τὸ
3350 771 3459 843 γὰρ
3476 771 3532 824 ὲν
3563 789 3673 841 μη-

2099 876 2212 930 δενὶ
2239 872 2492 943 γενέσθαι
2513 868 2689 940 κακῷ,
2715 872 2958 938 κρεῖττον
2986 867 3020 937 ἢ
3046 865 3188 919 κατά
3206 864 3304 934 τὴν
3324 860 3673 933 ἀνθρωπίνην

2102 966 2266 1036 φύσιν
2289 965 2456 1019 ἐστίν.
2484 962 2674 1026 Οὕτως
2710 961 2803 1015 καὶ
2835 960 2864 1012 6
2900 959 3062 1028 σοφὸς
3092 953 3341 1025 Σολομὼν
3379 956 3437 1007 ἐν
3464 954 3529 1023 τῇ
3549 943 3674 1021 ’ἰδίᾳ

2101 1058 2291 1129 Γραφῇ
2329 1053 2617 1128 μακαρίζει
2651 1053 2756 1125 πρὸ
2783 1050 2876 1105 τού
2910 1049 3188 1122 περιόντος
3228 1047 3319 1101 τὸν
3353 1044 3673 1114 κατοιχόμε-

2101 1164 2212 1203 νον.
2240 1146 2351 1200 Καὶ
2376 1148 2407 1199 6
2442 1145 2617 1215 μέγας
2659 1142 2823 1197 Δαϐὶδ
2862 1140 3057 1211 θρήνου
3098 1139 3192 1191 καὶ
3237 1134 3479 1207 οἰμωγῆς
3514 1132 3672 1199 ἀξίαν

2100 1240 2200 1312 τὴν
2221 1241 2275 1292 ἐν
2311 1238 2474 1308 σαρκὶ
2502 1234 2774 1305 διαγωγὴν
2802 1228 2939 1286 εἷναί
2968 1247 3152 1302 φησιν.
3191 1226 3384 1281 Καίτοι
3410 1241 3475 1293 γε
3504 1223 3674 1293 ἀμφόι

2101 1350 2248 1406 τεροι
2276 1330 2519 1401 λαμπροὶ
2557 1328 2698 1382 κατὰ
2726 1326 2824 1397 τὴν
2854 1323 3125 1396 βασιλείαν
3148 1321 3504 1393 ὑπάρχοντες,
3536 1317 3673 1371 πάν-

2101 1437 2211 1477 των
2235 1423 2352 1476 κατ’
2386 1419 2631 1486 ἐξουσίαν
2659 1416 2764 1471 τῶν
2795 1415 2934 1469 κατά
2958 1414 3047 1467 τὸν
3080 1413 3192 1484 βίον
3217 1410 3388 1484 ἡδέων
3418 1408 3671 1480 μετέχον-

2101 1529 2214 1579 τες,
2255 1513 2405 1567 οὐδὲν
2441 1511 2576 1581 πρὸς
2609 1510 2707 1580 τὴν
2742 1504 3017 1578 παροῦσαν
3050 1503 3343 1557 ἀπόλαυσιν
3392 1498 3674 1568 ἐπεκλῐθη-

2105 1624 2226 1662 σανο
2271 1605 2406 1661 ἀλλά
2434 1603 2543 1658 τῶν
2573 1602 2902 1674 ἀπορρήτων
2936 1596 3155 1667 ἀγαθῶν
3194 1595 3304 1648 τῶν
3335 1594 3395 1647 ἐν
3423 1594 3489 1664 τῇ
3526 1592 3673 1644 ἀσω-

2107 1698 2263 1772 μάτῳ
2290 1697 2404 1768 ζωῇ
2438 1694 2811 1767 προκειμένων
2834 1691 2932 1762 τὴν
2955 1686 3251 1758 ἐπιθυμίαν
3276 1683 3511 1755 ἔχοντες,
3537 1696 3676 1750 συμ-

2106 1792 2276 1865 φοράν
2313 1788 2591 1844 ἐποιοῦντο
2619 1786 2719 1858 τὴν
2748 1787 2805 1839 ἐν
2849 1782 3013 1854 σαρκὶ
3042 1781 3208 1850 ζωήν.
3247 1777 3498 1829 Ἤκουσα
3544 1772 3676 1865 πολ-

433 1894 592 1933 usum
623 1889 677 1935 et
705 1880 1123 1935 oblectationem
1167 1879 1414 1936 inclinati
1450 1888 1598 1944 sunt,
1631 1882 1722 1935 sed
1766 1896 1888 1937 cum
1925 1897 2006 1935 ar-

2112 1864 2245 1954 λαχῆ
2278 1882 2371 1937 τοῦ
2399 1878 2560 1934 Δασιδ
2587 1880 2644 1932 ἐν
2671 1877 2789 1941 ταῖς
2816 1876 2988 1946 ἱεραῖς
3012 1869 3367 1942 Ψαλμῳδίαις
3395 1865 3500 1933 ἔξω
3523 1864 3674 1934 γενέ-

435 1985 699 2026 canorum
733 1972 1026 2034 bonorum,
1058 1986 1180 2042 quae
1225 1971 1279 2025 iu
1316 1972 1636 2042 incorporea
1666 1974 1775 2026 vita
1814 1988 2005 2043 propo-

437 2063 543 2116 sita
583 2070 734 2124 sunt,
780 2061 1052 2116 desiderio
1081 2068 1421 2125 tenerentur,
1461 2062 1791 2118 calamitatis
1835 2070 1891 2117 et
1923 2065 2007 2118 in-

436 2153 661 2207 fortunii
698 2153 819 2207 loco
848 2154 1119 2208 habebant
1146 2168 1290 2220 eam,
1323 2168 1444 2224 qua:
1468 2154 1522 2207 in
1557 2167 1722 2209 carne
1746 2156 2007 2225 transigi-

433 2252 546 2311 tur,
576 2246 766 2299 vitam.
809 2245 1005 2299 Audivi
1031 2244 1293 2301 Davidem
1328 2246 1381 2300 iu
1415 2246 1602 2301 multis
1649 2246 1785 2301 locis
1816 2261 2005 2301 sacro-

437 2351 559 2388 rum
587 2335 953 2397 Psalmorum,
983 2351 1110 2390 cum
1135 2343 1360 2405 cuperet
1389 2335 1618 2390 evadere
1640 2351 1704 2390 ex
1736 2337 2004 2404 ejusmodi

434 2426 783 2491 necessitate,
825 2426 917 2480 ubi
961 2427 1098 2480 alias
1123 2424 1369 2495 quidem,
1418 2424 1698 2480 Desiderat
1715 2426 1759 2489 ⁸,
1810 2428 2005 2496 inquit,

435 2529 501 2569 ac
526 2514 887 2569 desideramlo
911 2514 1090 2584 deﬁcit
1118 2516 1298 2569 anima
1330 2531 1445 2569 mea
1470 2516 1527 2569 in
1569 2517 1708 2569 atria
1749 2515 1966 2569 Domini
1987 2531 2006 2579 ;

436 2610 575 2662 alias
607 2623 754 2669 vero,
810 2605 960 2660 Edac
992 2606 1226 2658 animum
1269 2620 1436 2660 meam
1470 2621 1535 2660 ex
1579 2606 1876 2660 custodia'.
1919 2607 2008 2659 Si-

436 2700 642 2753 militet
663 2707 841 2753 autem
863 2696 1129 2751 Jeremias
1146 2696 1167 2726 ⁷
1189 2710 1408 2767 quoque
1427 2698 1812 2753 maledictione
1844 2706 1899 2752 et
1921 2713 2010 2752 ex-

436 2791 751 2845 secratione
769 2789 996 2856 dignum
1024 2788 1236 2858 judieat
1258 2788 1400 2843 diem
1427 2790 1604 2852 illum,
1627 2789 1721 2858 qui
1750 2790 2009 2860 princeps

437 2882 487 2935 ei
520 2881 713 2935 fuisset
741 2879 1015 2949 ejusmodi
1064 2880 1205 2935 vitae.
1244 2879 1323 2934 Ac
1353 2881 1559 2935 multas
1595 2880 1860 2947 ejusmodi
1894 2883 2009 2949 pri-

2108 1975 2231 2028 σθαι
2256 1974 2355 2044 τῆς
2382 1970 2635 2041 τοιαύτης
2663 1968 2905 2036 ἀνάγκης
2928 1961 3342 2034 ἐπιθυμοῦντος,
3368 1961 3424 2012 ἐν
3457 1954 3539 2021 οἷς
3572 1972 3678 2025 φη-

2107 2085 2211 2122 σιν’
2240 2066 2336 2120 νῦν
2379 2065 2500 2136 μὲν,
2525 2063 2605 2117 ὅτι
2651 2057 2960 2115 Ἐπιποθεῒ
2986 2055 3086 2112 καὶ
3127 2055 3392 2109 ἐκλείπει
3424 2052 3464 2118 ἡ
3504 2047 3675 2120 ψυχή

2102 2179 2218 2230 μου
2256 2162 2342 2225 είς
2364 2158 2471 2223 τὰς
2501 2154 2695 2218 αὐλὰς
2734 2150 2837 2206 τοῦ
2870 2149 3123 2219 Κυρίου·
3160 2145 3255 2199 νῦν
3294 2144 3350 2198 δὲ
3375 2182 3389 2207 ,
3421 2143 3503 2195 ὅτι
3548 2141 3677 2204 Ἐξ-

2105 2252 2287 2320 (imre
2322 2250 2390 2302 ἐκ
2435 2244 2715 2317 φυλακῆς
2754 2243 2865 2312 τὴν
2892 2239 3104 2311 ψυχήν
3126 2256 3266 2308 μου.
3312 2233 3585 2296 Ὡσαύτως
3619 2230 3676 2284 δὲ

2107 2343 2201 2395 καὶ
2237 2343 2266 2393 6
2319 2338 2585 2410 Ἱερεμίας
2633 2336 2875 2405 κατάρας
2918 2331 3074 2397 ἀξίαν
3106 2329 3280 2401 κρίνει
3322 2324 3420 2396 τὴν
3463 2323 3677 2395 ἡμέραν

2106 2433 2320 2502 ἐκείνην
2362 2431 2461 2501 τὴν
2491 2428 2733 2501 ἄρξασαν
2779 2423 2927 2495 αὐτῷ
2954 2424 3051 2493 τῆς
3079 2419 3335 2488 τοιαύτης
3375 2418 3539 2488 ζωῆς.
3571 2416 3680 2469 Καὶ

2108 2523 2310 2585 πολλὰς
2346 2522 2459 2574 ἐστι
2492 2519 2746 2582 τοιαύτας
2777 2516 2885 2571 τῶν
2923 2512 3168 2568 παλαιῶν
3200 2511 3373 2580 ἁγίων
3404 2507 3586 2579 φωνάς
3621 2508 3679 2558 ἐν

2105 2616 2171 2686 τῇ
2204 2614 2324 2685 θείᾳ
2357 2610 2545 2683 Γραφῇ
2589 2608 2893 2680 φερομένας
2938 2605 3140 2676 εὑρεῖν,
3189 2602 3237 2656 οἳ
3277 2601 3345 2654 δι’
3388 2596 3680 2667 ἐπιθυμίαν

2107 2705 2207 2774 τῆς
2238 2704 2406 2766 ὅντως
2453 2701 2594 2770 ζωῆς
2622 2701 2719 2771 τὴν
2744 2699 2802 2751 ἐν
2833 2696 2995 2769 σαρδὰ⁵
3028 2691 3302 2763 διαγωγὴν
3335 2689 3678 2761 ἐϐαρύνοντο.

2108 2795 2292 2858 Οὕτως
2324 2793 2419 2848 καὶ
2442 2795 2470 2847 ό
2498 2792 2668 2863 μέγας
2693 2789 2821 2844 ποτε
2861 2785 3111 2860 ’Δὸραάμ
3137 2784 3431 2856 προθύμως
3455 2781 3533 2852 τῷ
3562 2780 3682 2851 Θεῷ

2108 2886 2197 2940 διὰ
2228 2884 2414 2948 θυσίας
2442 2878 2721 2954 προσῆγεν
2751 2881 2843 2934 τὸν
2871 2878 3226 2949 ἠγαπημένον
3258 2876 3393 2939 υἱον,
3420 2872 3575 2936 εἰδὼς
3599 2873 3682 2927 ὅτι

439 2984 659 3024 acorum
684 2977 1003 3025 sanctorum
1034 2982 1221 3035 voces,
1252 2986 1374 3041 qum
1415 2969 1672 3026 feruntur
1707 2978 1762 3025 et
1794 2978 2012 3027 exstant

2112 2978 2247 3048 πρὸς
2267 2976 2328 3029 τὸ
2350 2974 2592 3047 κρεῖττόν
2614 2990 2673 3026 τε
2697 2973 2791 3025 καὶ
2820 2971 3089 3041 θειότερον
3112 2969 3398 3039 γενήσεται
3429 2965 3507 3035 τῷ
3531 2963 3683 3018 παιδὶ

441 3059 501 3113 in
530 3060 718 3114 divina
755 3059 1063 3130 Scriptura,
1100 3061 1225 3116 licet
1275 3062 1543 3127 invenire,
1582 3076 1706 3116 eum
1740 3062 2012 3118 desiderio

2112 3071 2145 3140 ἡ
2178 3069 2521 3140 μετάστασις.
2555 3067 2707 3118 Ὅσοι
2733 3064 2790 3119 δὲ
2813 3063 2911 3133 τῆς
2939 3062 3176 3130 ἱστορίας
3207 3060 3484 3130 ἐμπείρως
3509 3056 3680 3128 ἔχετε,

437 3166 583 3207 verae
615 3152 741 3207 vitae
777 3167 865 3217 ea,
914 3167 1039 3223 qua:
1084 3153 1138 3207 in
1185 3166 1350 3208 carne
1399 3153 1636 3224 degitur,
1688 3154 1796 3206 vita
1828 3154 2011 3224 gravis

2114 3146 2331 3225 πάντως
2362 3160 2463 3213 ούκ
2502 3159 2745 3228 ἀγνοεῖτε
2781 3156 2849 3210 τὰ
2884 3156 3011 3229 περὶ
3050 3155 3213 3209 αὐτοῦ
3247 3154 3577 3224 διηγήματα.
3617 3152 3683 3204 Τί

439 3245 522 3299 eis
559 3250 704 3299 esset
743 3254 795 3299 et
836 3246 1090 3300 molesta.
1131 3245 1204 3299 lta
1234 3244 1396 3300 etiam
1445 3260 1675 3315 magnus
1715 3245 1807 3301 ille
1834 3261 2012 3316 quon-

2113 3250 2221 3321 γάρ
2244 3266 2406 3321 φησιν
2445 3249 2480 3319 ἡ
2508 3248 2730 3319 Γραφή;
2760 3246 2881 3299 Ὀτι
2906 3245 3011 3313 νέῳ
3046 3245 3146 3314 μὲν
3174 3243 3286 3295 δντι
3315 3242 3392 3312 τῷ
3434 3239 3683 3310 Ἀϐραὰμ

440 3335 567 3389 dam
600 3335 947 3390 Abrahamus
978 3335 1233 3389 lubenter
1266 3342 1432 3405 atque
1456 3334 1599 3388 haud
1628 3336 1894 3406 gravatim
1924 3334 2012 3398 dl-

441 3425 645 3480 lectutn
684 3426 855 3480 lilium
882 3442 982 3497 pro
1013 3427 1239 3481 victima
1271 3426 1383 3481 Deo
1410 3424 1694 3490 oﬂ’erebat,
1725 3425 1868 3496 quod
1901 3425 2012 3481 sci-

448 3524 532 3570 ret
581 3524 745 3586 atque
793 3518 936 3572 haud
989 3518 1267 3573 dubitaret
1296 3518 1431 3589 quin
1467 3515 1712 3572 futurum
1756 3526 1923 3582 esset,
1954 3524 2016 3572 ut

443 3618 587 3678 puer
629 3608 685 3662 in
732 3609 1013 3663 meliorem
1061 3617 1117 3664 et
1153 3607 1525 3679 augustiorem
1559 3607 1791 3662 formam
1837 3619 2016 3662 trans-

442 3706 776 3752 mutat-«tur.
806 3702 881 3752 Ac
907 3699 1221 3769 quicunque
1253 3699 1498 3754 historias
1526 3698 1891 3767 cognitionem
1921 3698 2018 3753 ha-

443 3789 609 3853 betis,
642 3790 869 3843 omnino
897 3804 1004 3857 non
1033 3789 1320 3858 ignoratis,
1352 3800 1473 3858 quae
1498 3789 1567 3843 de
1590 3803 1656 3843 eu
1693 3797 2013 3844 narrantur.

444 3878 587 3944 Quid
637 3880 785 3933 enim
838 3881 973 3934 dicit
1017 3878 1375 3949 Scriptura”
1416 3878 1573 3946 Quod
1623 3890 1749 3934 cum
1795 3881 2017 3950 juvenis

445 3969 670 4041 quidem
706 3981 853 4025 esset
898 3971 1193 4038 Abraham,
1220 3988 1249 4025 a
1281 3969 1393 4028 Deo
1419 3971 1561 4027 facta
1593 3973 1666 4028 sit
1706 3973 1754 4029 ei
1785 3973 2019 4044 promis-

448 4066 536 4117 sio
573 4062 642 4116 de
695 4060 881 4115 futuro
928 4060 1084 4117 ﬁlio:
1118 4075 1242 4116 eum
1294 4070 1474 4118 autem
1526 4075 1800 4121 summum
1840 4064 2020 4119 incre-

448 4164 695 4208 mentum
733 4154 914 4208 aetatis
955 4153 1079 4222 ejus
1114 4154 1400 4225 integritas
1445 4164 1500 4210 et
1538 4156 1693 4225 vigor
1722 4156 2020 4227 praateriis-

450 4254 556 4309 set,
601 4260 664 4299 ac
693 4256 938 4315 tempore
963 4244 1077 4313 jam
1118 4247 1483 4302 emarcuisset‘
1504 4255 1669 4316 atque
1697 4248 2019 4316 absumptus

450 4344 619 4401 esset,
672 4344 795 4391 eum
844 4345 1041 4391 natura
1089 4337 1329 4408 seipsam
1380 4350 1582 4408 augere
1623 4347 1677 4393 et
1718 4352 2020 4409 propagare

451 4427 766 4490 desivisset,
800 4436 1085 4481 senectute
1120 4441 1231 4480 non
1274 4427 1509 4496 amplius
1554 4426 1768 4482 libidini
1817 4427 2021 4481 obtem-

2112 3341 2297 3395 θεόθεν
2329 3337 2574 3410 περὶτοῦ
2619 3337 2805 3401 παιδὸς
2834 3336 3132 3404 ἐπαγγελία
3171 3334 3397 3402 γίνεται⁸
3447 3330 3684 3403 παρελη-

2110 3432 2293 3486 λυθότι
2324 3431 2382 3485 δέ
2412 3431 2511 3501 τὴν
2556 3428 2760 3500 ἀκμὴν,
2803 3428 2900 3482 καὶ
2930 3427 3031 3499 ἢδη
3076 3423 3546 3495 καταμαρανθέντι
3578 3421 3684 3478 ὑπ’)

2112 3522 2205 3579 τοῦ
2234 3524 2450 3595 χρόνου,
2488 3523 2580 3575 ὅτε
2623 3520 2852 3574 πάυεται
2885 3522 2918 3589 ἡ
2970 3518 3128 3588 φύσις
3165 3517 3356 3588 ἑαυτὴν
3405 3514 3638 3580 αὔξουσα
3663 3552 3683 3579 ,

2112 3616 2297 3671 οὐκέτι
2347 3611 2441 3667 τοῦ
2496 3616 2680 3684 γήρως
2725 3612 2841 3674 ταῖς
2884 3611 3080 3680 ὁρμαῖς
3124 3607 3507 3669 ὑπακούοντος,
3561 3605 3681 3690 τότε

2116 3706 2265 3775 παρά
2295 3706 2391 3768 τὰς
2419 3702 2763 3774 ἀνθρωπίνας
2787 3699 3004 3764 ἐλπίδας
3030 3701 3110 3762 είς
3137 3698 3307 3770 πέρας
3331 3700 3364 3767 ἠ
3396 3698 3686 3766 ὑπόσχεσις

2115 3797 2326 3864 άγεται·
2360 3796 2455 3850 καὶ
2503 3795 2744 3848 τίκτεται
2776 3793 2903 3856 παῖς
2929 3794 2959 3845 6
2999 3792 3202 3845 Ἰσαάκ⁸
3236 3791 3329 3845 καὶ
3370 3788 3684 3859 συμμέτρου

2115 3887 2484 3955 διαγεγονότος
2523 3884 2737 3956 χρόνου,
2786 3877 2897 3936 οἷόν
2940 3898 2992 3934 τι
3037 3881 3189 3952 ἔρνος
3237 3877 3562 3950 ἀναδραμὼν
3606 3877 3686 3942 εἰς

2121 3978 2319 4042 κάλλος
2358 3977 2452 4030 καὶ
2502 3974 2753 4047 μέγεθος,
2799 3973 2930 4044 ἡδὺς
2978 3968 3047 4042 ἦν
3096 3975 3210 4034 τοῖς
3240 3970 3535 4041 ὀφθαλμοῖς
3578 3970 3686 4022 τῶν

2115 4068 2317 4136 γονέων
2357 4066 2437 4139 τῷ
2485 4066 2585 4136 τῆς
2617 4065 2869 4135 νεότητος
2906 4063 3089 4118 κάλλει
3121 4061 3470 4132 λαμπόμενος
3493 4075 3505 4088 ·
3561 4058 3684 4111 τότε

2118 4158 2452 4229 προσάγεται
2480 4155 2560 4227 τῷ
2590 4154 2841 4225 Ἀϐραὰμ
2880 4154 2912 4223 ἡ
2941 4152 3039 4222 τῆς
3072 4150 3247 4220 ψυχῆς
3274 4148 3562 4219 δοκιμασία
3592 4148 3687 4200 καὶ

2120 4250 2385 4321 βάσανος,
2422 4249 2470 4301 εί
2502 4245 2745 4318 ἀκριϐῶς
2783 4246 2841 4297 ἐν
2867 4246 2933 4315 τῇ
2976 4243 3082 4295 τῶν
3114 4242 3281 4296 ὄντων
3315 4239 3471 4308 φύσει
3515 4239 3688 4306 διαγι-

2117 4342 2353 4411 γνώσκει
2376 4341 2436 4394 τὸ
2461 4340 2697 4403 κάλλιον,
2722 4342 2771 4392 εἰ
2803 4338 2874 4409 μὴ
2907 4336 3042 4408 πρὸς
3070 4334 3167 4407 τὴν
3193 4333 3472 4406 παροῦσαν
3502 4332 3687 4403 βλέπει

2120 4433 2266 4503 ζωήν
2288 4449 2302 4464 ο
2341 4430 2447 4486 Καί
2474 4449 2608 4502 φησι
2643 4430 2777 4503 πρὸς
2805 4429 2966 4482 αὑτὸν
2991 4429 3020 4480 6
3048 4427 3201 4490 Θεόςο
3238 4424 3546 4495 Ἀνένετκε
3584 4422 3690 4477 τὸν

459 4527 707 4590 parante,
765 4528 899 4574 tunc
942 4527 1144 4589 praeter
1200 4519 1493 4574 humanam
1541 4521 1692 4589 spem
1726 4518 2012 4588 promissio

2127 4525 2259 4577 υἱόν
2281 4538 2398 4578 σου
2417 4522 2515 4577 διὰ
2536 4523 2753 4587 θυσίας
2771 4523 2854 4586 εἰς
2879 4516 3315 4586 ὁλοκάρπωσιν.
3344 4516 3531 4570 Οἴδατε
3552 4513 3689 4568 πάν-

452 4610 749 4662 deducitur
776 4608 843 4662 ad
876 4609 1081 4664 exitum
1110 4616 1168 4663 et
1204 4606 1490 4674 eﬂ‘ectum;
1520 4615 1574 4663 et
1607 4609 1854 4663 nascitur
1886 4622 2022 4678 puer

452 4700 607 4754 Isaae
640 4716 655 4749 :
691 4713 755 4753 ac
799 4708 1042 4768 tempore
1086 4698 1238 4767 justo
1297 4699 1608 4768 praeterito,
1669 4712 1794 4753 cum
1852 4697 2018 4754 veluti

452 4807 677 4865 germen
708 4792 982 4862 quoddam
1011 4792 1064 4845 iu
1111 4791 1571 4874 pulchritudinem
1606 4799 1660 4845 et
1689 4791 2021 4861 magnitudi-

455 4901 576 4940 nem
612 4883 968 4946 excrevisset,
1018 4884 1296 4951 jucundus
1345 4891 1463 4938 erat
1492 4883 1669 4937 oculis
1707 4875 2016 4953 parentum,

449 4975 715 5046 juvenilis
771 4976 951 5031 aetatis
1015 4974 1215 5029 decore
1271 4975 1486 5039 nitens,
1550 4983 1683 5028 tunc
1730 4975 2023 5029 Abrahami

456 5067 673 5122 animus
706 5066 863 5136 quasi
917 5065 1203 5120 tormentis
1240 5065 1499 5121 adhibitis
1528 5067 1790 5136 probatur
1833 5072 1888 5120 et
1929 5060 2055 5120 e\'-'

458 5160 723 5226 ploratur,
758 5170 824 5212 an
861 5159 1020 5229 plene
1052 5164 1217 5226 atque
1256 5165 1448 5212 exacte
1477 5158 1817 5212 discerneret
1848 5158 1901 5211 in
1941 5172 2025 5213 re-

456 5265 577 5302 rum
611 5262 805 5304 natura
845 5249 974 5320 quid
1007 5259 1308 5319 praestaret,
1336 5267 1404 5305 au
1452 5263 1559 5305 non
1604 5250 1671 5305 ad
1703 5255 2021 5320 praestantem

456 5338 624 5391 vitam
655 5341 965 5408 spectaret?
995 5341 1056 5392 Et
1093 5341 1167 5393 ait
1208 5339 1272 5394 ad
1305 5356 1429 5396 eum
1462 5340 1605 5396 Deus
1634 5360 1649 5397 :
1685 5339 1831 5410 Olfer
1852 5341 2024 5411 ﬁlium

460 5439 608 5482 tuum
646 5444 742 5498 pro
770 5431 985 5485 uictima
1031 5433 1084 5484 in
1133 5432 1524 5487 holocaustum.
1579 5432 1765 5490 Nostis
1799 5437 2024 5487 omnino

458 5520 771 5589 quicunque
805 5530 988 5587 patres
1024 5524 1156 5576 estis
1203 5535 1256 5577 et
1290 5525 1488 5579 liberos
1527 5525 1758 5589 habetis,
1790 5534 1844 5579 et
1872 5540 2024 5577 amo-

460 5625 573 5664 rem
617 5624 744 5681 erga
780 5610 984 5666 liberos
1018 5628 1046 5665 a
1091 5622 1282 5667 natura
1316 5613 1607 5681 didicistis,
1645 5623 1701 5669 ut
1730 5614 2022 5670 verisimile

2123 4630 2231 4676 τως
2263 4613 2377 4666 ὅσοι
2424 4612 2660 4685 πατέρες
2701 4610 2822 4663 ἐστέ
2868 4610 2961 4662 καὶ
3002 4609 3197 4671 παῖδας
3230 4608 3378 4678 ἔχετε
3402 4646 3417 4669 .
3462 4608 3555 4661 καὶ
3593 4607 3690 4678 τὴν

2126 4704 2262 4775 πρὸς
2289 4704 2359 4758 τὰ
2385 4704 2551 4757 τέκνα
2575 4701 2805 4773 στοργην
2823 4701 2975 4772 παρά
3001 4701 3098 4771 τῆς
3119 4700 3332 4770 φύσεως
3359 4700 3689 4771 ἐδιδάχθητε,

2125 4797 2273 4859 ὅπως
2315 4796 2459 4858 εἰκὸς
2502 4794 2812 4864 διατεθῆναι
2856 4792 2946 4845 τὸν
2989 4791 3272 4861 Ἀϐραὰμ,
3323 4794 3370 4845 εί
3423 4791 3556 4863 πρὸς
3590 4792 3692 4863 τὴν

2127 4881 2408 4954 παροῦσαν
2439 4882 2605 4953 μόνην
2634 4879 2857 4951 ἀφεώρα
2883 4880 3043 4951 ζωὴν,
3075 4883 3121 4933 εί
3143 4879 3324 4945 δοῦλος
3355 4881 3451 4950 τῆς
3481 4881 3693 4951 φύσεως

2129 4971 2227 5046 ἦν,
2250 4977 2298 5029 εἰ
2327 4976 2384 5027 ἐν
2415 4973 2493 5044 τῷ
2535 4973 2762 5044 παρόντι
2798 4973 2896 5043 βίῳ
2920 4973 2979 5025 τὸ
3005 4973 3177 5042 γλυκὺ
3209 4974 3307 5043 τῆς
3340 4972 3483 5043 ζωῆς
3521 4973 3695 5042 ἐλογί-

2132 5067 2273 5141 ζετο.
2314 5065 2462 5118 Τίδέ
2495 5066 2622 5137 περὶ
2658 5064 2862 5118 ἐκείνου
2912 5065 3074 5134 φημὶ,
3117 5063 3427 5118 καταλιπὼν
3470 5064 3567 5133 τὴν
3597 5081 3696 5133 γυ-

2130 5158 2288 5210 ναῖκα
2305 5156 2365 5209 τὺ
2382 5155 2763 5227 ἀσθενέστερον
2781 5157 2846 5226 μέ
2855 5173 2943 5226 ρος
2961 5157 3058 5224 τῆς
3078 5156 3422 5228 ἀνθρωπίνης
3447 5155 3658 5225 φύσεως
3677 5173 3695 5218 ;

2130 5247 2194 5299 Ei
2225 5246 2299 5317 μὴ
2343 5246 2666 5299 πεπαίδευτο
2699 5247 2922 5318 κάκείνη
2961 5247 3066 5300 ὑπὸ
3103 5247 3194 5301 τοῦ
3226 5247 3417 5318 ἀνδρὸς
3459 5247 3529 5300 τὰ
3555 5247 3698 5301 θειό-

2130 5356 2263 5408 τερα
2284 5381 2298 5405 ,
2336 5339 2385 5392 εί
2418 5341 2491 5408 μὴ
2529 5338 2795 5409 ἠπίστατο
2820 5339 2915 5409 τὴν
2944 5338 3329 5408 κεκρυμμένην
3376 5339 3521 5409 ζωὴν
3557 5334 3695 5391 εἶναι

2130 5433 2229 5502 τῆς
2260 5433 2584 5503 φαινομένης
2615 5433 2856 5502 ἄμεινον,
2896 5433 2995 5486 οὐκ
3024 5432 3088 5483 ἂν
3121 5431 3386 5502 ἐπέτρεπε
3422 5431 3501 5503 τῷ
3546 5433 3699 5507 ἀνδρὶ

2129 5523 2352 5576 τοιαῦτα
2376 5524 2515 5577 κατὰ
2535 5524 2628 5577 τού
2653 5524 2835 5586 παιδὸς
2860 5526 3167 5594 ἐνεργῆσαι.
3198 5524 3420 5588 Πάντως
3444 5523 3555 5595 γὰρ
3585 5520 3699 5589 τοῖς

2132 5619 2414 5686 μητρικοῖς
2446 5614 2830 5687 συγκινηθεῖσα
2878 5614 3235 5686 σπλάγχνοις,
3286 5614 3582 5687 περιεχύθη
3623 5614 3700 5686 τῷ

568 5793 588 5824 ⁸
612 5791 755 5846 Psal.
786 5804 1012 5856 unm,
1051 5790 1107 5845 2.
1149 5789 1332 5846 ‘Psal.
1369 5805 1512 5855 cui,
1546 5790 1597 5845 8.
1676 5793 1695 5822 ⁷
1719 5791 1827 5847 Jer.
1870 5808 1960 5857 xv,
1994 5794 2012 5845 l

2112 5809 2211 5863 .qq.
2267 5792 2288 5823 ⁸
2320 5790 2451 5847 Gen.
2481 5806 2635 5858 χνιιι,
2667 5792 2688 5845 1
2733 5806 2853 5862 sqq.
