4132 6356
426 272 533 327 8ἷῦ

1462 271 1528 326 lN
1572 271 1853 330 FENERE
1893 271 2317 329 PULCHERIE
2350 272 2637 331 ORATIO.

3579 279 3688 333 ἕκῬὲ

427 400 641 463 τέκνῳ,
688 393 782 447 καὶ
820 394 940 454 ταῖς
984 390 1211 454 ὠλέναις
1248 392 1412 445 αὑτὸν
1454 391 1837 463 ἐμπλεξαμὲνη
1859 433 1875 459 ,
1906 392 2001 464 τιρέ

2116 401 2280 463 atque
2326 402 2757 447 cimseutancum
2809 393 2878 446 sit
2923 391 3296 447 Abrabaaum
3344 392 3595 448 allatum
3638 406 3692 449 ιτ

430 484 595 539 αὑτοῦ
628 484 728 555 τὴν
772 482 992 553 καιρίαν
1022 482 1254 551 ἐδέχετο.
1298 478 1421 554 ⁷Αρ’
1457 482 1555 534 ούκ
1585 478 1738 535 εἶπεν
1777 482 1843 535 ἂν
1870 482 2007 552 πρὸς

430 577 521 630 τὸν
573 574 825 645 Ἀϐραὰμ
856 572 1027 626 ταῦτα
1054 574 1124 624 τα
1148 575 1405 643 ρήματας
1452 572 1641 625 Φεῖσαι
1672 572 1767 625 τοῦ
1795 572 2002 638 παιδὸς,

428 668 582 738 ἄνερ,
625 667 701 735 μὴ
737 665 970 735 πονηρὸν
998 665 1132 737 γένῃ
1151 663 1245 716 τού
1277 663 1393 734 βίου
1420 663 1663 734 διήγημα
1685 702 1699 727 ,
1732 664 1807 734 μὴ
1839 662 2006 734 μῦθος

429 759 509 829 τῷ
540 757 679 830 μετά
710 756 885 811 ταῦτα
913 756 1089 826 χρόνῳ
1131 753 1419 825 γενώμεθα
1439 797 1455 819 ,
1508 753 1583 826 μὴ
1618 753 1892 825 φθονήσῃς
1930 752 2007 824 τῷ

429 853 533 923 υἱῷ
560 852 657 920 τῆς
683 850 851 919 ζωῆς,
879 848 953 920 μὴ
980 850 1246 921 στερήσῃς
1274 848 1434 901 αὑτὸν
1458 848 1557 917 τῆς
1582 847 1838 915 γλυκείας
1857 848 2007 900 ἀκτῖ-

426 960 536 1007 νος·
571 941 813 1011 θάλαμος
841 940 1069 1002 τέκνοις,
1101 938 1163 990 ού
1186 938 1354 1006 τάφος
1385 937 1534 1008 παρὰ
1563 936 1818 1006 πατέρων
1843 952 2007 988 σπου-

424 1036 679 1099 agent-
711 1034 972 1102 στέφανος
998 1032 1254 1103 ταμικδς.
1281 1031 1343 1084 οὐ
1369 1028 1519 1099 ξίφος
1550 1028 1787 1097 φονικόνο
1823 1028 2007 1097 raeti-

426 1128 539 1192 λιος
582 1128 839 1199 λαμπὰς,
868 1127 928 1180 ού
964 1124 1073 1197 πῦρ
1116 1125 1423 1193 ἐπιτάφιον.
1464 1122 1650 1176 Ταῦτα
1690 1120 1884 1194 λῃσταὶ
1914 1120 2008 1172 καὶ

428 1223 712 1293 πολέμιοι,
750 1222 811 1274 ού
850 1218 1101 1289 πατέρων
1143 1220 1324 1289 χεῖρες
1348 1218 1440 1269 ἐπὶ
1472 1216 1579 1268 τῶν
1609 1215 1813 1267 τέκνων
1850 1214 2009 1285 ἐργά-

427 1316 631 1379 ζονται.
656 1314 718 1368 El
738 1314 796 1369 δὲ
820 1313 924 1384 χρὴ
946 1312 1165 1374 πάντως
1187 1309 1440 1379 γενέσθαι
1468 1308 1529 1361 τὸ
1560 1307 1747 1372 κακὸν,
1777 1306 1856 1377 μὴ
1879 1306 2008 1359 εἰδοί

428 1406 647 1475 Σάρρας
683 1404 957 1475 ὀφθαλμὸς
990 1403 1351 1476 νεκρούμενον
1385 1402 1477 1454 τὸν
1514 1402 1717 1455 Ἰσαάκ.
1774 1400 1906 1454 Ἰδοὺ
1939 1401 2007 1453 δι’

424 1498 752 1569 ἀμφοτέρων
796 1491 937 1552 ὦσον
984 1498 1046 1551 τὸ
1088 1496 1276 1564 ξίφος,
1313 1496 1406 1549 ἀπ’
1451 1494 1585 1564 ἐμοῦ
1630 1495 1730 1564 τῆς
1768 1493 2009 1555 δειλαίας

419 1590 763 1660 ἀρξάμενος*
822 1589 921 1659 μία
956 1590 1069 1651 τοῖς
1097 1588 1251 1642 δυσὶν
1295 1588 1517 1655 ἀρκέσει
1564 1586 1763 1657 πληγή.
1815 1586 2007 1638 Κοινὸν

420 1682 510 1734 ἐπ’
559 1681 884 1752 ἀμφοτέρων
932 1680 1172 1749 γενέσθω
1218 1680 1281 1732 τὸ
1322 1679 1502 1751 χῶμα·
1557 1679 1655 1751 μία
1702 1677 1870 1747 στήλη
1909 1678 2007 1749 τὴν

423 1774 607 1831 κοινὴν
635 1773 918 1843 συμφορὰν
952 1772 1321 1844 τραγῳδείτω.

2115 484 2414 537 animalum
2472 482 2713 536 futurum
2750 480 2942 547 fuisse,
2982 482 3027 537 si
3066 482 3132 536 ad
3164 492 3482 553 prteseutem
3516 484 3689 537 solam

2114 573 2281 627 vitam
2335 572 2668 642 respiceret,
2719 572 2766 625 si
2824 587 3019 627 servus
3079 579 3290 628 naturae
3322 558 3491 636 esset,
3541 576 3585 629 si
3636 577 3689 629 in

2113 664 2372 734 praesenti
2431 664 2636 718 saeculo
2680 664 2805 718 vita:
2836 664 3183 719 dulcedinem
3227 666 3535 720 consistere
3574 667 3691 721 exi-

2113 758 2384 811 stimaret.
2437 754 2544 811 Sed
2587 755 2717 826 quid
2762 758 2828 810 de
2868 757 2960 810 illo
3012 756 3157 816 diro.
3204 760 3406 813 omissa
3455 758 3689 814 muliere

2112 848 2412 903 infirmiore
2439 856 2596 918 parte
2628 848 2881 903 humanae
2908 850 3149 903 naturte?
3174 847 3290 903 Nisi
3319 856 3373 904 et
3407 851 3496 903 illa
3517 865 3546 905 a
3567 852 3689 904 viro

2108 941 2294 994 divina
2323 940 2612 995 didicisset
2636 958 2651 1007 ;
2683 941 2789 996 nisi
2816 941 3069 997 selvisset
3097 942 3372 995 occultam
3406 944 3573 996 vitam
3597 958 3684 1007 ea,

2109 1048 2231 1104 quae
2247 1043 2494 1103 apparet,
2509 1048 2633 1089 esse
2650 1035 2916 1104 potiorem
2934 1078 2948 1103 ,
2965 1050 3070 1089 non
3086 1035 3449 1089 commissura
3467 1035 3684 1102 fuisset,
3736 1036 3745 1044 ’

2112 1140 2171 1181 ut
2201 1129 2283 1181 vir
2313 1128 2586 1195 eiusmodi
2622 1127 2753 1197 quid
2808 1127 3076 1183 adversus
3116 1127 3284 1182 filium
3315 1137 3682 1198 perpetraret.

2110 1219 2347 1274 Prorsus
2390 1220 2535 1274 enim
2583 1219 2849 1274 maternis
2895 1230 3167 1275 commota
3218 1222 3529 1276 visceribus
3577 1222 3685 1276 lilio

2109 1312 2445 1367 circumfusa
2478 1311 2694 1375 fuisset,
2741 1320 2796 1366 et
2832 1312 2975 1368 ulnis
3005 1330 3127 1367 cum
3159 1314 3406 1383 amplexa
3443 1330 3542 1383 pro
3567 1314 3686 1384 ipso

2110 1401 2270 1457 letale
2304 1402 2501 1457 vulnus
2536 1403 2866 1471 accepisset.
2908 1403 2993 1457 An
3041 1419 3149 1458 non
3200 1406 3266 1458 ad
3313 1406 3683 1460 Abrahamutu

2104 1492 2373 1562 ejusmodi
2401 1495 2585 1548 verbis
2623 1509 2787 1548 usura
2820 1495 3053 1551 fuisset?
3085 1494 3257 1551 Parce
3292 1497 3424 1560 lilio,
3473 1499 3543 1552 mi
3578 1498 3685 1565 vir,

2111 1602 2179 1640 ne
2210 1601 2390 1655 prava:
2426 1586 2479 1640 in
2520 1586 2632 1639 vita
2681 1588 3019 1643 narrationis
3055 1589 3280 1642 materia
3332 1590 3452 1655 tias,
3503 1606 3571 1644 ne
3604 1588 3684 1642 fa-

2111 1676 2238 1730 bula
2276 1676 2588 1745 insequenti
2617 1677 2853 1747 tempori
2900 1678 3117 1740 fiamus,
3152 1694 3221 1734 ne
3259 1678 3374 1731 filio
3398 1679 3566 1732 vitam
3601 1677 3686 1732 in-

2040 1768 2082 1820 Β
2111 1770 2320 1830 videas,
2351 1785 2420 1824 ne
2452 1770 2632 1839 prives
2663 1785 2788 1824 eum
2826 1770 2970 1824 dulci
3009 1770 3164 1825 radio
3204 1771 3411 1837 solari;
3440 1772 3684 1841 nuptiale

420 1867 737 1920 cubiculum
778 1867 928 1932 filiis,
974 1882 1082 1920 non
1117 1868 1433 1936 sepulcrum
1465 1880 1495 1920 a
1528 1866 1778 1935 patribus
1814 1866 1998 1919 curari
2036 1875 2201 1934 atque
2248 1864 2461 1920 institui
2536 1865 2710 1933 solet;
2766 1881 2973 1920 corona
3044 1867 3327 1937 nuptialis,
3381 1881 3487 1921 non
3534 1868 3687 1924 ensis

424 1958 646 2026 letalis;
703 1962 844 2015 tmda
898 1961 1246 2030 (soiijugalis,
1333 1977 1441 2014 non
1496 1960 1639 2031 ignis
1695 1960 2037 2029 sepulcralis.
2096 1958 2221 2014 llaec
2264 1960 2507 2015 latrones
2562 1967 2615 2013 et
2668 1960 2892 2021 bostcs,
2948 1975 3058 2013 non
3112 1967 3330 2029 patrum
3386 1973 3581 2012 manus
3626 1958 3681 2012 in

420 2053 551 2107 filiis
573 2069 605 2121 p
641 2062 909 2123 rpetrant.
942 2054 1097 2121 Quod
1130 2056 1175 2110 si
1206 2054 1431 2109 omnino
1460 2055 1662 2107 malum
1690 2051 1991 2122 perpetrari
2037 2068 2101 2105 ac
2142 2052 2521 2123 repraesentari
2569 2061 2787 2122 oportet
2822 2072 2834 2106 :
2890 2068 2958 2108 ne
3018 2052 3199 2113 videat
3262 2053 3458 2106 oculus
3501 2051 3683 2107 Sarrae

424 2141 668 2198 lsaacum
706 2146 917 2211 necari,
955 2160 1022 2199 en
1062 2159 1161 2214 per
1221 2150 1518 2213 utrumque
1566 2143 1728 2211 adige
1775 2141 2039 2210 gladium,
2084 2157 2111 2194 a
2144 2158 2231 2195 me
2285 2141 2486 2197 misera
2516 2142 2673 2196 initio
2704 2141 2872 2205 facto,
2914 2158 3018 2196 una
3063 2142 3332 2198 ambobus
3361 2144 3517 2213 plaga
3547 2146 3685 2198 satis

416 2240 547 2297 crit.
580 2241 890 2295 communis
932 2240 1199 2295 ambobus
1228 2241 1473 2294 tumulus
1518 2239 1806 2299 excitetur,
1858 2252 2013 2293 unus
2046 2237 2242 2292 titulus
2272 2237 2644 2291 miserabilem
2680 2237 2965 2307 utriusque
3012 2253 3202 2294 casum
3261 2240 3477 2309 prodat.

494 2331 680 2385 Ίάύτα
712 2331 927 2394 παντως
956 2330 1022 2384 ἂν
1050 2330 1237 2385 καὶτὰ
1263 2330 1487 2385 τοιαῦτα
1514 2329 1713 2400 διεξῄει
1739 2332 1770 2399 ἠ
1798 2331 2004 2402 Σάρρα,

421 2424 470 2475 εἰ
502 2424 576 2493 μὴ
604 2424 784 2475 ἐκεῖνα
812 2425 923 2485 τοῖς
950 2422 1249 2492 ὀφθαλμοῖς
1272 2421 1519 2480 ἔϐλεπεν,
1544 2421 1687 2491 ἅπερ
1709 2422 1837 2491 ἡμῖν
1859 2422 2006 2473 ἐστιν

424 2513 642 2566 ἀθέατα.
697 2513 848 2583 ’ᾘδει
877 2513 987 2582 γὰρ
1026 2512 1107 2564 ὅτι
1137 2511 1198 2563 τὸ
1238 2511 1389 2574 τέλος
1432 2510 1533 2579 τῆς
1568 2511 1626 2563 ὲν
1657 2511 1820 2579 σαρκὶ
1862 2508 2006 2577 ζωῆς

421 2606 563 2673 ἀρχὴ
597 2605 691 2657 τοῦ
715 2604 987 2673 θειοτέρου
1014 2602 1129 2672 βίου
1162 2606 1272 2665 τοῖς
1304 2602 1603 2671 μεταστᾶσι
1640 2602 1844 2668 γίνεται
1865 2618 1879 2632 ’
1905 2618 2005 2654 κα-

420 2696 666 2749 ταλείπει
727 2695 920 2759 σκιὰς,
976 2694 1383 2763 καταλαμϐάνει
1437 2692 1715 2763 ἀλήθειαν·
1779 2692 2002 2759 ἀφίησιν

420 2786 633 2847 ἀπάτας
662 2785 757 2837 καὶ
782 2784 990 2845 πλάνας
1015 2784 1108 2835 καὶ
1128 2782 1409 2853 θορύϐους,
1446 2783 1539 2834 καὶ
1560 2782 1797 2853 εὑρίσκει
1820 2784 1998 2833 ἐκεῖνα

419 2877 491 2930 τὰ
510 2876 695 2944 ἀγαθὰ
715 2917 729 2940 ,
772 2875 808 2929 ἃ
840 2876 981 2945 ὑπὲρ
1008 2874 1289 2944 ὀφθαλμόν
1324 2891 1383 2926 τε
1421 2875 1515 2926 καὶ
1545 2874 1715 2943 ἀκοὴν
1741 2874 1834 2925 καὶ
1864 2891 1995 2935 καρ-

415 2971 540 3023 δίαν
569 2971 735 3024 ἐστίν.
765 2969 901 3022 Οὔτε
938 2969 1078 3039 ἔρως
1112 2968 1272 3021 αὐτὸν
1306 2968 1549 3030 ἀνιάσει,
1582 2966 1707 3020 οὔτε
1736 2966 2000 3035 ἐπιθυμία

419 3064 646 3134 ῥυπαρά
678 3061 1071 3134 ποιραστρέιζαει⁸
1100 3062 1196 3129 οὐχ
1222 3059 1569 3130 ὑπερηφανία
1588 3059 1875 3127 χαυνώσει·
1901 3059 2000 3111 ούκ

342 3162 347 3167 “
418 3155 550 3207 ἄλλο
583 3172 637 3206 τι
674 3153 843 3215 πάθος
870 3154 979 3204 τῶν
1007 3151 1318 3203 λυπούντων
1356 3149 1456 3220 τὴν
1480 3149 1658 3218 ψυχὴν
1690 3149 1996 3219 ἐνοχλήσει,

418 3246 558 3298 ἀλλὰ
587 3246 762 3298 πάντα
785 3244 993 3312 γίνεται
1024 3241 1172 3311 αύτῷ
1192 3243 1221 3294 ὁ
1236 3241 1388 3304 Θεός.
1411 3241 1509 3294 Διά
1527 3241 1684 3293 τούτο
1707 3241 2000 3312 προθύμως

421 3337 605 3391 δίδωσι
633 3336 710 3406 τῷ
748 3334 867 3407 Θεῷ
890 3335 981 3389 τὸν
1013 3334 1193 3388 παῖδα.
1221 3335 1285 3386 Τί
1322 3334 1376 3386 δὲ
1403 3335 1431 3385 ὁ
1471 3332 1642 3403 μέγας
1689 3333 1838 3396 Ἰὡῦ;
1871 3334 2000 3386 Ὅτε

423 3429 571 3499 αύτῴ
614 3427 954 3498 γυμνωθέντι
998 3426 1216 3479 πάντων
1259 3425 1365 3477 τῶν
1415 3424 1710 3495 περιόντων
1756 3422 1997 3493 ἁθρόως,

426 3523 555 3591 πρὶν
586 3522 679 3574 ἐπὶ
699 3524 819 3584 ταῖς
850 3518 1249 3590 προλαὸούσαις
1274 3518 1509 3588 πληγαῖς
1537 3518 1636 3588 τὴν
1656 3516 1837 3587 ψυχὴν
1868 3516 2001 3570 ἀνα-

424 3612 715 3678 λέξασθαι,
778 3612 811 3681 ἡ
852 3610 1139 3662 τελευταία
1186 3607 1536 3677 κατεμηνύθη
1594 3608 1811 3678 πληγὴ,
1854 3608 2000 3670 ὅπως

422 3704 642 3769 ἐδέξατο
684 3705 782 3773 τὴν
814 3704 907 3755 ἐπὶ
947 3704 1061 3766 τοῖς
1105 3702 1263 3755 παισὶ
1294 3701 1611 3771 consaepti»);
1650 3700 1810 3770 Τρεῖς
1853 3700 2002 3771 αὐτῷ

424 3797 721 3867 θυγατέρες
750 3792 911 3866 ἦσαν,
941 3794 1034 3848 καὶ
1056 3794 1242 3856 παῖδες
1266 3794 1436 3845 ἑπτά·
1458 3792 1789 3862 μακαριστὸς
1817 3787 1885 3863 ἦν
1904 3793 2002 3863 τῆς

421 3888 741 3951 εὐπαιδίας·
773 3888 1016 3941 τοσοῦτοι
1042 3887 1150 3957 γὰρ
1178 3885 1351 3948 ὄντες,
1377 3884 1456 3948 εἷς
1478 3881 1618 3956 ἦσαν
1640 3886 1688 3937 οἱ
1712 3885 1909 3947 πάντες
1934 3886 2000 3953 τῇ

425 3984 545 4052 μετ’
592 3980 840 4052 ἀλλήλων
883 3982 1121 4051 στοργῇ·
1160 3979 1222 4032 ού
1260 3978 1603 4050 δεηρημένως
1644 3976 1765 4030 καθ’
1811 3976 2002 4029 ἑαυτὸν

419 4072 650 4136 ἕκαστος
676 4072 1026 4142 βιοτεύοντες.
1055 4071 1193 4124 ἀλλά
1218 4070 1418 4134 πάντες
1444 4072 1572 4140 παρ’
1607 4068 1854 4139 ἀλλήλοις
1885 4084 2002 4136 φοιο

423 4165 642 4227 τῶντες,
689 4162 776 4217 διὰ
825 4164 925 4224 τῆς
967 4161 1256 4230 ἐγκυκλίου
1295 4159 1692 4230 φιλοφροσύνης
1736 4159 2001 4212 διετέλουν

422 4254 807 4326 εὐφραίνοντες
843 4252 1103 4322 ἀλλήλους
1137 4250 1296 4325 ἐντῷ
1335 4251 1490 4321 μέρει
1516 4251 1606 4303 καὶ
1642 4250 2004 4322 εὐφραινόμε-

423 4366 504 4402 νοι
522 4364 539 4381 ⁸
578 4348 673 4401 καὶ
697 4345 832 4417 δῆτα
859 4347 951 4399 καὶ
978 4346 1097 4398 τότε
1132 4344 1273 4398 κατά
1298 4345 1544 4413 περίοδον
1583 4344 1733 4413 παρὰ
1759 4343 1836 4413 τῷ
1876 4360 2003 4413 πρε-

426 4442 673 4513 σϐυτέρῳ
709 4438 816 4492 τῶν
853 4437 1094 4505 ἀδελφῶν
1142 4433 1209 4508 ἦν
1243 4437 1302 4489 τὸ
1337 4436 1669 4504 συμπόσιον·
1705 4435 1927 4504 πλήρεις
1952 4436 1999 4486 οί

422 4533 717 4604 κρατῆρες,
744 4532 957 4603 πλήρης
989 4530 1096 4582 τῶν
1120 4528 1451 4598 ὲδωδίμωνή
1481 4527 1760 4597 τράπεζα·
1790 4528 1847 4579 ἐν
1872 4543 1999 4595 χερ-

424 4628 509 4678 σὶν
546 4626 599 4677 αἱ
648 4623 896 4687 κύλικες*
926 4622 1202 4691 θεάματα,
1230 4619 1304 4681 ὡς
1332 4618 1497 4681 είκὺς,
1534 4618 1625 4669 ἐπὶ
1656 4616 1862 4678 τούτοις
1908 4617 2001 4668 καὶ

422 4715 767 4786 ἀκροάματα,
800 4713 894 4767 καὶ
924 4714 1089 4765 πᾶσαι
1130 4711 1388 4782 θυμηδίαι
1413 4707 1775 4781 συμποτικαί·
1800 4707 1999 4775 τρόπος

420 4804 533 4872 εἷς,
571 4806 990 4879 φιλοφροσύναι,
1030 4804 1288 4873 παίγνια,
1326 4804 1676 4874 μειδιάματα·
1705 4802 1879 4854 πάντα
1901 4801 2000 4852 ὅσα

421 4901 566 4963 είκὸς
608 4900 666 4952 ὲν
696 4898 899 4967 συνόδῳ
940 4897 1077 4950 νέων
1103 4896 1186 4962 ἐφ’
1217 4897 1399 4960 ἑστίας
1437 4893 1787 4966 ἁϐρύνεσθαι.
1816 4894 1880 4945 Τί
1905 4889 1998 4946 οὖν

422 4996 514 5046 ἐπὶ
551 4993 795 5055 τούτοις;
832 4989 921 5042 Ἑν
955 4990 1105 5059 ἀκμῇ
1134 4991 1233 5058 τῆς
1259 4988 1610 5051 ἀπολαύσεως
1629 4988 1738 5040 τῶν
1765 4987 1997 5056 ἡδίστων

421 5085 823 5146 ὲπισεισθέντος
862 5082 1046 5145 αὐτοῖς
1081 5081 1177 5134 τοῦ
1227 5082 1459 5149 ὀρόφου,
1506 5079 1678 5146 τάφος
1721 5078 1827 5131 τῶν
1868 5077 1998 5131 δέκα

424 5178 629 5230 παίδων
656 5176 716 5229 τὸ
766 5174 1066 5247 συμπόσιον
1096 5172 1324 5236 γίνεται.
1358 5172 1469 5224 Καὶ
1507 5174 1619 5235 τοῖς
1665 5171 1861 5239 αἵμασι
1891 5169 2000 5221 τῶν

422 5270 557 5320 νέων
582 5270 610 5321 ὁ
639 5268 852 5337 κρατὴρ
891 5266 1312 5336 καταμίγνυται,
1355 5264 1449 5316 καὶ
1481 5263 1549 5315 τὰ
1575 5261 1808 5331 ἐδώδιμα
1835 5261 1913 5331 τῷ
1935 5262 2000 5315 ἐκ

419 5361 528 5413 τῶν
551 5361 817 5430 σωμάτων
846 5358 1027 5429 λύθρῳ
1050 5355 1463 5427 κατεμολύνετο.
1494 5353 1763 5423 Τοιαύτης
1794 5370 1999 5421 συμφο-

425 5454 523 5524 ρᾶς
546 5452 623 5521 τῷ
666 5452 783 5504 ’1ὼό
826 5450 1184 5521 ἀγγελθείσης
1223 5448 1447 5517 (θέασαί
1492 5464 1580 5515 μοι
1609 5445 1686 5515 τῷ
1723 5446 1865 5514 λόγῳ
1903 5445 1995 5497 τὸν

422 5542 679 5612 ἀθλητὴν,
703 5543 799 5611 οὐχ
823 5542 910 5595 ἵνα
930 5541 1216 5613 θαυμάσῃς
1242 5539 1399 5607 μόνον
1420 5537 1770 5605 τδννικητήν·
1800 5535 1995 5604 μικρὸν

419 5637 532 5705 γὰρ
564 5635 623 5688 τδ
652 5636 715 5687 ἐκ
735 5630 828 5686 τοῦ
861 5633 1134 5703 θαύματος
1166 5631 1375 5703 κέρδος·
1403 5629 1515 5682 ἀλλ’
1550 5629 1635 5681 ἵνα
1665 5625 1915 5696 ζηλώσῃς
1936 5627 1994 5678 ἐν

420 5724 530 5791 τέἴς
556 5725 758 5795 ὁμοίοις
784 5724 872 5777 τὸν
898 5723 1085 5793 ἄνδρα,
1127 5723 1221 5776 καί
1261 5740 1341 5775 σοι
1377 5722 1601 5791 γένηται
1641 5718 1993 5789 παιδοτρίϐης

654 5821 927 5881 ΡΑτιιοι.
967 5820 1082 5880 (in.
1126 5817 1345 5878 XLVI.

2176 2326 2302 2381 "me
2339 2336 2394 2380 et
2423 2329 2692 2395 ejusmodi
2731 2328 2896 2382 Sarra
2943 2346 3175 2399 prorsus
3214 2332 3427 2384 dictura
3468 2331 3685 2395 fuisset,

2099 2418 2205 2471 nisi
2239 2420 2329 2470 illa
2361 2420 2537 2472 oculis
2573 2419 2801 2473 vidisset
2861 2435 2983 2489 quae
3020 2427 3267 2474 nostrum
3326 2422 3501 2475 visum
3548 2422 3687 2476 cllu-

2101 2509 2273 2576 giuut.
2309 2507 2545 2563 Noverat
2595 2511 2739 2564 enim
2769 2511 2914 2581 quod
2948 2512 3069 2566 finis
3099 2512 3225 2565 vitae
3281 2514 3523 2569 carnalis
3582 2516 3688 2569 ini-

2099 2602 2233 2654 tium
2264 2601 2601 2670 augustioris
2627 2602 2749 2655 vita:
2782 2602 3021 2657 instituti
3055 2604 3227 2674 (hinc)
3282 2606 3571 2661 translatis
3592 2622 3687 2662 ex-

2099 2691 2293 2754 sistat;
2328 2691 2590 2759 relinquit
2627 2693 2874 2755 umbras,
2900 2694 3214 2762 assequitur
3237 2696 3546 2760 veritatem,
3603 2699 3688 2751 di-

2108 2782 2271 2834 mittit
2301 2781 2525 2836 fraudes
2553 2790 2608 2836 et
2635 2798 2854 2837 errores
2903 2792 2957 2835 et
3010 2785 3325 2851 tumultus,
3380 2795 3434 2841 et
3479 2788 3687 2844 invenit

2104 2874 2197 2927 illa
2231 2874 2394 2935 bona,
2429 2890 2551 2943 qua:
2582 2884 2711 2928 sunt
2737 2892 2902 2945 supra
2927 2878 3174 2939 oculum,
3203 2886 3257 2932 et
3300 2880 3570 2947 auditmn,
3631 2891 3686 2936 et

2101 2981 2238 3023 cor:
2274 2982 2453 3036 neque
2482 2981 2636 3022 amor
2663 2984 2792 3022 eum
2829 2978 3011 3037 anget,
3058 2985 3235 3038 neque
3269 2972 3489 3026 sordida
3525 2975 3683 3043 cupi-

2106 3061 2249 3114 ditas
2275 3070 2569 3129 pervertet,
2600 3072 2765 3132 atque
2791 3062 3129 3131 (lepravabit,
3166 3082 3272 3119 non
3304 3068 3561 3137 superbia
3599 3069 3684 3124 iu-

2107 3151 2279 3216 tlabit,
2301 3167 2405 3204 non
2438 3152 2638 3221 aliquis
2660 3153 2802 3207 alius
2829 3152 3056 3209 allectus
3086 3158 3685 3227 animumangensmo-

2027 3230 2070 3283 ο
2105 3242 2275 3296 Ιιιειιιε
2310 3243 2435 3307 erit,
2467 3244 2563 3298 sed
2596 3246 2778 3297 omnia
2816 3245 2875 3298 fit
2901 3245 2948 3299 ei
2985 3245 3150 3302 lleus.
3209 3246 3419 3303 Idcirco
3450 3251 3684 3307 libenter

2105 3332 2215 3387 Deo
2252 3333 2423 3388 lilium
2454 3334 2568 3389 dat.
2621 3334 2763 3401 Quid
2820 3337 2945 3392 item
2983 3355 3214 3408 magnus
3263 3339 3402 3396 Job?
3458 3360 3582 3398 cum
3629 3347 3679 3399 ei

2102 3434 2325 3495 repente
2350 3427 2504 3493 quasi
2538 3443 2648 3481 uno
2680 3428 2882 3499 impetu
2911 3427 3154 3485 adversa:
3190 3431 3423 3488 fortunae
3447 3435 3682 3503 spoliato

2098 3518 2361 3572 omnibus
2380 3519 2544 3575 rebus
2563 3536 2627 3573 ac
2647 3521 2842 3590 copiis,
2864 3522 3064 3590 quibus
3079 3524 3472 3589 abtuulaverat,
3497 3528 3680 3596 prius-

2103 3623 2268 3678 quam
2303 3625 2330 3660 a
2363 3611 2744 3680 superioribus
2789 3612 2961 3681 plagis
2985 3621 3040 3667 et
3099 3614 3506 3670 calamitatibus
3561 3619 3682 3670 auio

2105 3716 2253 3755 mum
2284 3702 2631 3773 collegisset,
2672 3704 2859 3758 ultima
2901 3707 3149 3760 numiata
3181 3708 3365 3763 clades
3408 3717 3491 3764 cst
3526 3729 3538 3763 :
3571 3728 3683 3781 quo

2105 3793 2288 3847 animo
2307 3809 2493 3849 casum
2518 3796 2812 3850 liberorum
2847 3799 3091 3866 accepit?
3116 3798 3250 3854 Tres
3272 3800 3323 3855 ci
3352 3801 3473 3856 filia:
3490 3814 3642 3857 erant
3662 3844 3679 3870 ,

2104 3884 2201 3938 ﬁlii
2231 3893 2463 3951 septem,
2496 3888 2713 3941 nomine
2740 3886 3019 3943 felicitatis
3059 3891 3113 3943 in
3159 3891 3349 3946 liberis
3385 3910 3681 3962 procrean-

2104 3976 2226 4042 dis;
2257 3985 2313 4031 et
2347 3977 2419 4030 ob
2466 3978 2741 4047 egregiam
2807 3980 3044 4035 indolem
3102 3983 3417 4038 eorumdem
3479 3986 3678 4057 dignus

2102 4075 2222 4121 erat
2249 4068 2341 4136 qui
2370 4068 2763 4137 pracdicaretur
2794 4086 2859 4123 ac
2892 4073 3082 4128 beatus
3132 4075 3428 4129 haberetur
3468 4094 3481 4127 :
3548 4093 3673 4131 nam

2104 4172 2232 4209 cum
2263 4164 2341 4209 tot
2370 4165 2579 4218 essent,
2612 4168 2802 4211 mutuo
2829 4160 2972 4214 inter
3001 4177 3060 4214 se
3090 4178 3275 4217 amore
3308 4166 3464 4234 quasi
3532 4182 3674 4221 unus

2106 4248 2345 4302 universi
2370 4258 2571 4302 erant:
2609 4266 2716 4303 non
2750 4255 3042 4320 separatim
3099 4270 3165 4308 ac
3214 4255 3431 4311 divisim
3487 4275 3584 4328 per
3614 4280 3674 4315 se

2104 4340 2305 4408 singuli
2344 4340 2612 4404 viventes,
2665 4341 2757 4395 sed
2814 4357 3007 4398 omnes
3042 4355 3313 4399 scmntno
3366 4346 3676 4418 frequenter

2106 4431 2251 4484 inter
2284 4447 2343 4486 se
2372 4432 2691 4493 invisentea.
2732 4440 2887 4503 quasi
2931 4436 3394 4494 vicissitudinario
3439 4444 3676 4510 quodam

2105 4532 2161 4577 et
2193 4523 2395 4577 usitato
2443 4523 2621 4578 cilicio
2677 4536 2840 4596 atque
2896 4528 3153 4584 comitate
3210 4532 3472 4587 invitandi
3511 4543 3679 4605 atque

2107 4614 2412 4683 excipiendi
2458 4624 2721 4686 perpetuo
2746 4617 2884 4673 alter
2902 4619 3133 4675 alterum
3163 4623 3324 4677 modo
3349 4624 3674 4690 delectabat,

2108 4706 2271 4760 modo
2303 4706 2533 4761 invicem
2568 4707 2707 4763 alter
2744 4709 2814 4764 ab
2840 4711 3012 4765 altero
3040 4712 3470 4777 cxbilarabatur,
3514 4728 3678 4788 atque

2105 4798 2242 4853 adeo
2267 4799 2430 4853 etiam
2466 4807 2599 4855 tunc
2634 4802 3029 4860 vicissitudinis
3060 4805 3222 4861 oﬂieii
3268 4810 3401 4864 orbe
3444 4812 3677 4867 decurso

2106 4898 2271 4959 atque
2299 4902 2547 4961 peracto.
2581 4893 2723 4961 apud
2750 4893 2971 4949 fratrem
3005 4899 3301 4952 maximum
3354 4908 3484 4954 natu
3541 4917 3676 4956 con-

2104 4985 2307 5038 vivium
2338 4996 2488 5039 erat:
2525 4986 2669 5054 pleni
2694 4994 2938 5042 crateres
2962 5028 2976 5050 ,
3017 4988 3176 5058 plena
3207 5006 3393 5045 mensa
3416 4994 3674 5047 esculen-

2103 5085 2307 5139 torum,
2341 5076 2674 5130 inmanibus
2731 5078 2951 5142 calices,
3005 5082 3338 5147 spectacula,
3392 5091 3450 5135 ut
3483 5085 3674 5138 verisi-

2105 5168 2233 5221 mile
2259 5174 2365 5231 est,
2402 5167 2469 5221 ad
2503 5167 2619 5221 ltzec
2652 5167 2857 5222 festiva:
2909 5170 3269 5239 jucundaeque
3306 5176 3670 5241 narrationes,

2100 5268 2156 5310 et
2179 5261 2361 5311 omnia
2418 5260 2588 5314 animi
2643 5261 3039 5316 oblectamenta
3098 5265 3364 5319 conviviis
3426 5267 3673 5323 adhiberi

2099 5361 2400 5405 consueta:
2432 5368 2552 5407 mos
2584 5370 2747 5415 unus,
2780 5370 2888 5407 una
2927 5356 3086 5419 ratio,
3118 5372 3224 5409 uua
3261 5357 3547 5415 voluntas:
3578 5376 3673 5414 co-

2104 5444 2266 5497 mitas
2296 5450 2352 5496 et
2380 5443 2654 5508 hilaritas,
2711 5444 2943 5509 ludicra,
2984 5446 3161 5501 risus:
3194 5450 3377 5502 omnia
3414 5467 3672 5519 quamnu-

2100 5547 2207 5598 que
2240 5547 2341 5601 par
2368 5540 2453 5585 est
2500 5533 2553 5587 iu
2590 5543 2861 5589 conventu
2913 5535 3178 5604 juvcnum
3212 5538 3357 5599 domi
3421 5556 3536 5608 s_lt;t3
3574 5558 3673 5612 per

2101 5625 2289 5678 luxum
2324 5632 2487 5694 atque
2516 5626 2742 5682 delicias
2776 5629 2991 5698 agitari.
3046 5630 3185 5697 Quid
3244 5631 3412 5700 igitur
3476 5650 3672 5687 course-

2098 5729 2286 5771 cauum
2334 5720 2455 5774 est?
2496 5718 2632 5775 Cum
2666 5721 2753 5776 bis
2794 5720 3237 5793 rebusjucundis
3277 5723 3387 5786 jam
3440 5725 3670 5781 maxime

3234 5818 3314 5879 ΞΘ
