4132 6356
412 359 518 415 8ἱῖ

1459 352 1719 408 (ΗΜΤᾹΟ
1751 352 2097 408 FUNEBillS
2141 353 2228 408 DE
2255 354 2620 409 PLACILLA.

3571 366 3674 417 378

414 470 863 542 κατεσκευάσθη,
906 468 1004 523 τοῦ
1037 469 1094 522 δὲ
1125 469 1322 542 ἐχθροῦ
1357 470 1463 524 τῶν
1504 471 1690 543 ψυχῶν
1739 471 1894 544 ἡμῶν
1929 471 1981 526 δι,

2099 471 2280 526 sitatis
2303 471 2565 541 expiatio.
2593 471 3048 544 Quandoquidem
3083 477 3226 531 enim
3258 486 3453 531 natura
3487 491 3671 532 tmstrzt

410 568 625 637 ἀπάτης
657 567 789 636 ἡμῖν
812 563 873 617 τὸ
901 563 1072 616 κακὸν
1097 563 1502 634 παρεγχέαντος
1517 607 1534 631 ,
1559 565 1622 618 τὸ
1646 564 1850 633 ἀγαθὸν
1879 563 1987 634 χώ-

413 679 514 730 ραν
542 659 646 713 οὐκ
671 658 848 729 ἔσχεν·
902 654 1091 709 τούτου
1128 655 1334 719 ἕνεκεν,
1377 656 1454 720 ὡς
1491 657 1558 711 ἂν
1590 656 1666 729 μὴ
1712 655 1990 727 διαιωνίζῃ

412 752 542 821 ἡμῖν
570 751 602 819 ἡ
626 748 900 819 ἐμφυεῖαα
927 746 1116 810 κακία,
1140 746 1369 817 προνοίᾳ
1399 747 1665 818 κρείττονι
1696 745 1910 816 Θανάτῳ
1930 746 1992 799 τὸ

413 840 606 904 σκεῦος
626 839 762 910 πρὸς
789 837 984 909 καιρὸν
1001 836 1300 902 διαλύεται,
1321 838 1411 892 ἴνα
1436 838 1534 908 τῆς
1556 839 1752 900 κακίας
1777 836 1993 909 ἐκρυεί-

413 946 510 1000 eq;
534 926 850 998 ἀναπλασθῇ
878 926 939 978 τὸ
958 925 1054 980 ἀνθ
1064 923 1324 994 ρώπιναν,
1348 925 1444 980 καὶ
1474 925 1670 996 ἀμιγὲς
1693 925 1889 988 κακίας
1912 924 1991 995 τῷ

410 1019 471 1084 ἐξ
507 1019 682 1091 ἀρχῆς
718 1019 1068 1088 ἀποκαταστῇ
1107 1016 1224 1086 βίῳ.
1263 1015 1439 1069 Τοῦτο
1461 1016 1576 1086 γάρ
1609 1017 1758 1070 ἐστιν
1789 1017 1822 1086 ἡ
1855 1015 1990 1070 ἀνά-

412 1131 619 1176 στασις,
655 1114 688 1184 ὴ
719 1112 798 1176 εἰς
842 1111 902 1163 τὸ
927 1111 1151 1183 ἀρχαῖον
1183 1109 1283 1180 τῆς
1317 1107 1531 1178 φύσεως
1557 1109 1720 1180 ἡμῶν
1743 1110 1991 1164 ἀναστομ-

410 1205 652 1275 χείωσις.
706 1205 769 1258 Εἰ
815 1199 908 1256 οὖν
953 1201 1236 1273 ἀμήχανόν
1282 1202 1430 1254 ἐστιν
1470 1200 1990 1272 άναστοιχειωθῆναι

413 1296 550 1366 πρὸς
599 1296 660 1348 τὸ
692 1297 937 1369 κρεῖττον
973 1293 1069 1364 τὴν
1108 1292 1268 1362 φύσιν
1301 1291 1470 1364 χωρὶς
1498 1293 1864 1358 ἀναστάσεως·
1895 1292 1994 1346 θα-

414 1386 576 1439 νάτου
631 1386 690 1439 δὲ
737 1383 1228 1457 προηγησαμένου,
1280 1382 1577 1446 ἀνάστασις
1620 1382 1872 1452 γενέσθαι
1924 1384 1987 1437 οὐ

421 1478 644 1532 δύναται
667 1494 679 1506 ·
715 1477 919 1545 ἀγαθὸν
953 1477 1020 1531 ἂν
1066 1474 1151 1547 εἴη
1199 1476 1228 1528 ὁ
1275 1475 1500 1538 θάνατος
1523 1515 1536 1538 ,
1568 1475 1708 1546 ἀρχὴ
1749 1475 1842 1528 καὶ
1874 1475 1990 1538 ὁδὸς

410 1569 511 1638 τῆς
560 1569 695 1640 πρὸς
742 1569 801 1622 τὸ
846 1570 1093 1641 κρεῖττον
1143 1565 1449 1637 μεταϐολῆς
1492 1569 1626 1636 ἡμῖν
1679 1566 1986 1636 γινόμενος.

408 1658 620 1712 Οὐκοῦν
662 1658 1002 1728 ἐκϐάλωμεν,
1049 1657 1302 1726 ἀδελφοὶ,
1352 1657 1450 1726 τὴν
1496 1657 1674 1729 λύπην
1710 1659 1838 1729 περὶ
1883 1658 1991 1710 τῶν

407 1749 846 1822 κεκοιμημένων,
881 1749 948 1821 ἢν
997 1748 1148 1819 μόνοι
1181 1747 1543 1818 ὑπομένουσιν
1567 1747 1621 1799 οἱ
1651 1745 1727 1818 μὴ
1774 1747 1988 1817 ἔχοντες

2095 578 2126 618 a
2158 564 2268 620 Deo
2298 579 2525 620 summa
2573 580 2780 630 rerum,
2823 569 2989 623 veluti
3047 583 3145 624 vas
3177 569 3455 639 quoddam
3496 569 3676 626 bono-

2093 669 2216 711 rum
2247 671 2417 726 capax
2461 656 2532 711 ab
2562 656 2722 712 initio
2755 659 2974 712 condita
3031 667 3138 724 est,
3194 661 3289 715 sed
3325 661 3395 716 ab
3448 662 3676 718 inimico

2093 748 2402 802 animarum
2435 759 2747 805 nostrarum
2807 767 2901 821 per
2940 751 3186 806 fraudem
3241 755 3400 808 nobis
3431 754 3564 809 vitio
3590 753 3675 809 af.

2093 839 2240 906 fuso,
2269 841 2474 895 bonum
2511 842 2694 896 locum
2749 857 2857 896 non
2896 842 3122 898 habuit:
3157 844 3367 898 ideirco
3401 861 3466 901 ne
3518 847 3669 900 vitio-

2093 931 2230 986 sitas
2255 931 2419 986 nobis
2457 931 2735 987 inhaerens
2766 943 3026 1002 perpetuo
3083 934 3329 998 duraret,
3382 935 3673 1004 providen-

2092 1021 2165 1074 tia
2203 1022 2412 1076 meliori
2457 1034 2634 1078 morte
2669 1038 2762 1079 vas
2821 1024 2889 1078 ad
2945 1032 3164 1094 tempus
3203 1024 3552 1092 dissolvitur,
3609 1036 3672 1082 ut

2094 1113 2183 1166 ubi
2217 1113 2492 1170 vitiositas
2537 1115 2831 1178 eﬂluxeiit,
2873 1116 3201 1172 reformetur
3249 1132 3421 1187 genus
3475 1118 3676 1172 huma-

2090 1219 2246 1266 num,
2277 1211 2444 1275 atque
2471 1205 2746 1277 integrum
2788 1221 2853 1262 ac
2887 1223 3085 1277 purum
3111 1224 3140 1262 a
3182 1209 3537 1278 permistionc
3590 1211 3672 1262 vi-

2091 1295 2353 1351 tiositatis
2387 1296 2444 1349 in
2480 1297 2772 1367 pristinum
2799 1298 2923 1353 vitae
2966 1307 3167 1355 statum
3203 1299 3545 1354 restituatur.
3609 1299 3666 1354 Id

2089 1388 2240 1442 enim
2294 1388 2630 1444 resurrectio
2680 1397 2786 1453 est,
2841 1405 3038 1460 nempe
3090 1397 3301 1444 natum
3356 1397 3558 1445 nostra!
3617 1391 3700 1444 in-

2093 1478 2387 1548 pristinum
2423 1487 2626 1536 statum
2661 1481 2958 1550 reparatio.
2996 1479 3054 1535 Si
3092 1481 3258 1552 igitur
3293 1480 3410 1536 ﬁeri
3445 1496 3554 1536 non
3577 1495 3675 1550 po-

2091 1577 2217 1632 test,
2249 1578 2309 1623 ut
2344 1570 2555 1642 absque
2583 1571 2997 1628 resurrectione
3044 1580 3243 1627 natura
3275 1573 3340 1626 ad
3393 1573 3671 1628 meliorem

2095 1660 2326 1716 formam
2365 1670 2420 1716 et
2448 1670 2653 1720 statum
2688 1663 3004 1734 redigatur:
3039 1679 3104 1718 ac
3127 1663 3233 1718 nisi
3261 1679 3414 1719 mors
3442 1676 3673 1732 praees-

2098 1753 2253 1817 serit,
2281 1755 2620 1810 resurrectio
2656 1754 2770 1811 ﬁeri
2802 1769 2915 1810 non
2947 1763 3162 1826 potest:
3199 1756 3339 1810 bona
3369 1770 3459 1811 res
3506 1753 3672 1809 interit

413 1844 619 1898 ἐλπίδα.
675 1842 860 1906 Ἐλπὶς
904 1841 964 1896 δέ
1005 1842 1154 1894 ἐστιν
1197 1843 1227 1894 ό
1268 1839 1521 1914 Χριστός·
1568 1831 1613 1907 ᾧ
1647 1839 1680 1909 ἡ
1722 1839 1851 1906 δόξα
1893 1839 1981 1894 καὶ

2092 1859 2265 1907 mors,
2293 1853 2354 1900 ut
2392 1862 2516 1916 qua:
2550 1846 2770 1903 initium
2805 1861 2870 1902 ac
2897 1847 2981 1902 via
3011 1845 3337 1903 mutationis
3381 1846 3436 1901 in
3475 1844 3673 1905 melius

412 1937 645 2006 κράτος,
712 1934 846 2006 τιμὴ
893 1933 988 1986 καὶ
1030 1931 1399 2003 προσκύνησις
1444 1932 1524 1995 εἰς
1583 1930 1708 1993 τοὺς
1765 1929 1986 1994 αἰῶνας.

426 2028 481 2079 ’Δ
491 2027 596 2102 μήν
603 2069 616 2080 .

2098 1937 2254 1992 nobis
2285 1938 2536 1994 exsistat.
2564 1937 2802 1995 Proinde
2817 1955 2882 1996 ex
2906 1940 3420 2009 animoejiei—amus,
3450 1936 3671 2000 fratres.

2101 2029 2481 2098 aegritudinem
2509 2038 2564 2086 et
2595 2031 2838 2086 dolerem
2865 2032 3255 2088 dormientium
3297 2035 3520 2086 nomine
3535 2042 3672 2084 con-

408 2122 664 2181 tractum,
699 2133 858 2188 quem
889 2116 992 2174 soli
1041 2116 1334 2180 sustinent,
1371 2115 1464 2185 qui
1516 2130 1666 2185 spem
1715 2129 1824 2170 non
1876 2114 2097 2176 habent.
2147 2121 2285 2192 Spes
2313 2130 2495 2180 autem
2545 2130 2632 2178 est
2678 2122 2938 2179 Christus
2982 2139 2996 2177 :
3040 2126 3129 2180 cui
3170 2125 3346 2195 gloria
3384 2131 3440 2179 et
3498 2121 3670 2190 impe-

405 2213 568 2272 rium,
599 2210 773 2265 honos
792 2217 846 2266 et
867 2207 1116 2264 adoratio
1140 2207 1196 2262 in
1224 2207 1444 2263 saecula.
1479 2207 1672 2263 Amen.

402 2421 3629 2455 mm

1672 2577 1908 2664 ΤΟΥ
1999 2577 2376 2665 ΑΥΤΟΥ

1125 2767 2137 2902 ΕΠΙΤΑΦΙΟΣ
2295 2769 2930 2903 ΛΟΓΟΣ

1483 3001 1594 3054 ΕΙΣ
1637 2998 2046 3054 ΠΛΛΚΙΛΛΑΝ
2089 2995 2518 3051 ΒΑΣΙΛΙΣΣΑΝ.

1757 3345 1874 3434 EJ
1903 3346 2291 3435 USDEM

1284 3561 1886 3675 ORATIO
1991 3561 2768 3677 FUNEBRIS

1531 3784 1617 3838 DE
1658 3783 1994 3840 PLACILLA
2034 3781 2528 3840 IMPERATRICE.

1767 3940 1952 3990 Eodem
1999 3938 2303 4000 interprete.

474 4239 538 4294 '0
588 4239 774 4302 πιστὸς
813 4240 908 4292 καὶ
949 4239 1209 4310 φρόνιμος
1253 4238 1532 4310 οἰκονόμος
1573 4239 1669 4308 (ὲκ
1715 4237 1823 4309 γὰρ
1864 4238 1971 4292 τῶν

2143 4237 2346 4292 Fidelis
2378 4244 2434 4293 et
2473 4236 2714 4308 prudens
2749 4235 3098 4305 dispensator
3135 4235 3284 4304 (nam
3335 4237 3406 4290 ah
3439 4235 3510 4290 iis
3543 4250 3667 4305 qua

395 4330 822 4402 ἀνεγνωσμένων
847 4330 955 4384 ἀπὸ
981 4331 1074 4383 τοῦ
1095 4329 1241 4383 θείου
1264 4331 1598 4400 Εὐαγγελὶου
1624 4331 1977 4400 προοιμιάζο-

395 4422 550 4492 μαι),
577 4420 636 4474 ἒν
659 4419 990 4490 κατέστησεν
1017 4422 1046 4473 ό
1071 4419 1275 4491 Κύριος
1298 4422 1391 4474 ἐπὶ
1416 4422 1514 4492 τῆς
1546 4421 1723 4484 οἰκίας
1746 4421 1973 4492 ταύτης,

392 4513 486 4568 τοῦ
514 4513 710 4568 διδόναι
737 4516 794 4566 ἐν
827 4511 1006 4584 καιρῷ
1037 4516 1149 4577 τοῖς
1174 4513 1648 4584 οὶκονομουμένοις
1672 4513 1733 4566 τὸ
1757 4515 1976 4584 σιτομέ-

392 4622 566 4677 τριον,
598 4604 781 4668 καλῶς
809 4606 868 4659 ἐν
917 4603 992 4674 τῷ
1024 4604 1131 4674 πρὸ
1174 4603 1364 4657 τούτου
1403 4604 1582 4676 χρόνῳ
1609 4605 1976 4668 καταδικάσας

390 4697 489 4769 τὴν
536 4697 780 4765 ἀφωνίαν
826 4694 904 4765 τῷ
949 4695 1114 4766 λόγῳ,
1161 4697 1190 4748 ὁ
1220 4695 1402 4760 καλῶς
1443 4695 1537 4748 τοῦ
1576 4685 1844 4765 μεγέθους
1876 4697 1976 4766 τῆς

393 4788 678 4858 συμφορᾶς
703 4786 1094 4858 ἐπαισθόμενος
1116 4827 1132 4850 ,
1169 4789 1264 4841 καὶ
1290 4788 1528 4858 τιμήσας
1572 4790 1638 4857 τῇ
1672 4788 1876 4858 ἡσυχία
1914 4789 1975 4841 τδ

390 4880 586 4943 πένθος
611 4922 625 4944 ,
657 4880 757 4932 οὒκ
783 4874 879 4932 οἷδ’
904 4880 1052 4943 ὅπως
1079 4883 1136 4932 ἐν
1177 4878 1254 4950 τῷ
1278 4879 1505 4950 παρόντι
1536 4880 1778 4950 συλλόγῳ
1813 4880 1973 4934 πάλιν

390 4971 653 5040 ἐπανάγει
676 4972 741 5041 τῇ
779 4969 1076 5040 Ἐκκλησία
1095 4970 1186 5023 τὸν
1212 4969 1389 5037 λόγον,
1414 4970 1576 5034 αὐτὸς
1600 4971 1848 5024 ἀναλύων
1876 4973 1974 5031 τὴν

395 5063 531 5117 ἰδίαν
565 5063 707 5118 κατὰ
728 5062 820 5115 τοῦ
847 5061 1004 5130 λόγου
1031 5061 1212 5132 ψῆφον
1233 5079 1248 5094 ο
1290 5063 1466 5115 καίτοι
1503 5079 1567 5130 γε
1607 5063 1812 5133 σφόδρα
1842 5063 1971 5117 θαυ-

395 5151 582 5222 μάζων
615 5151 713 5222 τῆς
758 5150 1027 5213 συνέσεως
1058 5151 1116 5202 ὲν
1164 5150 1378 5214 πολλοῖς
1405 5151 1496 5204 τὸν
1537 5151 1879 5216 διδάσκαλον,
1914 5156 1972 5205 ἐν

389 5244 564 5314 τούτῳ
610 5242 842 5313 μάλιστα
892 5242 1051 5294 πλέον
1084 5241 1512 5312 ὑπερεθαύμασα
1536 5282 1551 5306 ,
1589 5244 1662 5306 ὡς
1697 5243 1881 5302 καλῶς
1913 5245 1970 5295 ἐν

390 5337 457 5405 τῇ
479 5334 734 5404 συμφορᾷ
761 5333 852 5386 τὸν
875 5331 1035 5401 λόγον
1058 5334 1518 5402 κατασιγάσαντα.
1555 5335 1840 5406 Προσφυὲς
1860 5337 1969 5405 γάρ

395 5440 485 5494 μοι
515 5423 774 5476 δοκεῖκαὶ
798 5424 1133 5494 κατάλληλον
1157 5420 1295 5479 εἶναι
1331 5428 1443 5488 τοῖς
1473 5425 1724 5480 πενθοῦσι
1757 5428 1970 5497 φάρμα-

391 5533 485 5569 κον
523 5516 559 5585 ἡ
603 5515 748 5585 σιγὴ,
779 5516 840 5568 τὸ
863 5515 1090 5572 διοιδοῦν
1127 5519 1225 5589 τῆς
1254 5517 1430 5588 ψυχῆς
1458 5518 1633 5590 χρόνῳ
1661 5520 1755 5571 καὶ
1799 5537 1967 5590 κατηο

2081 4346 2146 4384 ex
2191 4329 2376 4383 divino
2433 4327 2726 4398 Evangelio
2764 4328 2987 4382 recitata
3016 4327 3203 4390 sunt‘,
3237 4325 3467 4393 ordior),
3500 4343 3664 4397 quem

2082 4419 2324 4491 prrefeeit
2365 4420 2627 4474 Dominus
2661 4417 2791 4473 huic
2845 4415 3082 4482 familiae,
3135 4424 3195 4471 ut
3224 4417 3316 4472 det
3341 4417 3394 4472 in
3419 4425 3665 4488 tempore

2080 4511 2180 4565 sibi
2210 4509 2523 4566 commissis
2551 4509 2801 4564 dimensa
2845 4522 2908 4561 ac
2941 4517 3058 4562 rata
3095 4509 3321 4574 cibaria,
3352 4525 3476 4564 cum
3508 4519 3655 4565 ante-

2083 4602 2183 4658 hac
2210 4609 2358 4657 recte
2401 4600 2794 4656 continentiam
2841 4600 2992 4655 vocis
3030 4601 3268 4654 orationi
3301 4609 3464 4671 atque
3491 4602 3664 4657 silen-

2081 4694 2214 4748 tium
2251 4693 2537 4748 indixisset
2569 4711 2581 4746 :
2616 4699 2676 4746 ut
2727 4691 2820 4761 qui
2879 4698 3028 4745 recte
3066 4691 3444 4762 magnitudine
3491 4693 3663 4748 cladis

2081 4787 2480 4848 animadversa,
2543 4785 2751 4838 luctum
2816 4782 3036 4839 silentio
3095 4783 3368 4838 honorare
3421 4785 3586 4838 vellet
3642 4801 3658 4837 :

2081 4878 2267 4932 nescio
2292 4875 2566 4947 quomodo
2595 4877 2648 4930 in
2684 4877 2939 4945 praesenti
2974 4883 3245 4930 conventu
3280 4874 3460 4928 denuo
3501 4875 3660 4928 redu-

2079 4969 2153 5022 cit
2180 4967 2435 5024 Ecclesia:
2483 4981 2812 5030 sermonem,
2863 4967 2981 5036 ipse
3019 4980 3175 5021 suam
3223 4964 3490 5019 adversus
3529 4980 3658 5019 ora-

2080 5062 2282 5115 tionem
2321 5060 2650 5115 sententiam
2695 5057 3018 5113 rescindens
3049 5074 3061 5110 :
3091 5067 3146 5110 et
3185 5055 3404 5125 quidem
3445 5070 3569 5111 cum
3601 5058 3659 5114 in

2079 5153 2265 5207 multis
2295 5154 2460 5207 rebus
2507 5152 2858 5205 vehementer
2887 5149 3130 5203 admiror
3161 5147 3504 5218 prudentiam
3538 5163 3658 5201 ma-

2077 5247 2256 5313 gistri,
2305 5252 2418 5297 tum
2456 5245 2508 5296 in
2540 5243 2643 5296 hoc
2700 5242 2937 5295 maxime
2972 5255 3138 5310 supra
3170 5242 3389 5295 modum
3417 5241 3653 5296 admira-

2079 5347 2168 5391 tus
2195 5351 2337 5398 sum,
2384 5334 2529 5403 quod
2581 5332 2789 5386 recenti
2841 5330 2997 5386 clade
3030 5330 3266 5386 orationi
3299 5341 3447 5386 recte
3488 5333 3658 5388 silen-

2077 5429 2212 5481 tium
2260 5427 2541 5480 indixerit.
2578 5425 2780 5494 Aptum
2841 5423 2985 5478 enim
3021 5423 3153 5478 mihi
3211 5431 3263 5478 et
3324 5425 3656 5480 conveniens

2076 5517 2392 5590 lugentibus
2446 5515 2791 5582 remedium,
2861 5515 3141 5570 silentium
3203 5530 3327 5570 esse
3393 5515 3650 5581 videtur,

389 5608 519 5678 esi;
545 5606 611 5660 δι’
645 5607 874 5677 ἡσυχίας
913 5607 1276 5666 ἐκπέπτουσα.
1331 5611 1418 5676 Ὠς
1460 5612 1513 5664 ετ
1537 5611 1600 5680 γέ
1623 5628 1708 5674 τις
1748 5611 1827 5665 ἔτι
1867 5612 1965 5682 τὴν

2087 5611 2274 5681 ιιιὶριιο
2318 5609 2508 5664 dolore
2564 5615 2882 5664 aestuantem
2938 5618 2993 5664 et
3046 5607 3491 5664 effervescentem
3526 5607 3655 5663 ani-.-

493 5787 513 5821 ⁸
555 5784 744 5843 Matth.
779 5802 908 5856 xxv,
933 5788 1006 5842 9.0
1037 5803 1159 5858 sqq.
