  <div class='ocr_page' id='page_1' title='image "/cluster/home/n/w/nwhite01/storage/ocr_20150623/46/nnc1.0046978380/447.png"; bbox 0 0 4132 6356; ppageno 0'>
   <div class='ocr_carea' id='block_1_1' title="bbox 441 351 550 406">
    <p class='ocr_par' dir='ltr' id='par_1_1' title="bbox 441 351 550 406">
     <span class='ocr_line' id='line_1_1' title="bbox 441 351 550 406; baseline 0.009 -1"><span class='ocrx_word' id='word_1_1' title='bbox 441 351 550 406; x_wconf 65' lang='lat' dir='ltr'><strong>U9</strong></span> 
     </span>
    </p>
   </div>
   <div class='ocr_carea' id='block_1_2' title="bbox 1679 329 2420 390">
    <p class='ocr_par' dir='ltr' id='par_1_2' title="bbox 1679 329 2420 390">
     <span class='ocr_line' id='line_1_2' title="bbox 1679 329 2420 390; baseline -0.008 0"><span class='ocrx_word' id='word_1_2' title='bbox 1679 338 1733 389; x_wconf 89' lang='lat' dir='ltr'><strong>S.</strong></span> <span class='ocrx_word' id='word_1_3' title='bbox 1773 330 2100 390; x_wconf 77' lang='lat' dir='ltr'><strong>GREGORII</strong></span> <span class='ocrx_word' id='word_1_4' title='bbox 2127 329 2420 387; x_wconf 64' lang='lat' dir='ltr'><strong>NYSSENI</strong></span> 
     </span>
    </p>
   </div>
   <div class='ocr_carea' id='block_1_3' title="bbox 3627 328 3736 387">
    <p class='ocr_par' dir='ltr' id='par_1_3' title="bbox 3627 328 3736 387">
     <span class='ocr_line' id='line_1_3' title="bbox 3627 328 3736 387; baseline -0.009 0"><span class='ocrx_word' id='word_1_5' title='bbox 3627 328 3736 387; x_wconf 82' lang='lat'><strong>880</strong></span> 
     </span>
    </p>
   </div>
   <div class='ocr_carea' id='block_1_4' title="bbox 440 441 2052 530">
    <p class='ocr_par' dir='ltr' id='par_1_4' title="bbox 440 449 2033 530">
     <span class='ocr_line' id='line_1_4' title="bbox 440 449 2033 530; baseline -0.011 -13"><span class='ocrx_word' id='word_1_6' title='bbox 440 474 590 517; x_wconf 86' lang='lat' dir='ltr'><strong>mum</strong></span> <span class='ocrx_word' id='word_1_7' title='bbox 623 457 803 530; x_wconf 86' lang='lat' dir='ltr'><strong>spatio</strong></span> <span class='ocrx_word' id='word_1_8' title='bbox 827 455 1092 525; x_wconf 88' lang='lat' dir='ltr'><strong>temporis</strong></span> <span class='ocrx_word' id='word_1_9' title='bbox 1137 467 1201 507; x_wconf 91' lang='lat' dir='ltr'><strong>ac</strong></span> <span class='ocrx_word' id='word_1_10' title='bbox 1237 466 1478 506; x_wconf 73' lang='lat' dir='ltr'><strong>nimi-ore</strong></span> <span class='ocrx_word' id='word_1_11' title='bbox 1521 449 1895 504; x_wconf 73' lang='lat' dir='ltr'><strong>intercedente</strong></span> <span class='ocrx_word' id='word_1_12' title='bbox 1937 461 2033 516; x_wconf 87' lang='lat' dir='ltr'><strong>per</strong></span> 
     </span>
    </p>
   </div>
   <div class='ocr_carea' id='block_1_5' title="bbox 2155 441 3736 530">
    <p class='ocr_par' dir='ltr' id='par_1_5' title="bbox 2155 441 3736 516">
     <span class='ocr_line' id='line_1_5' title="bbox 2155 441 3736 516; baseline 0.002 -19"><span class='ocrx_word' id='word_1_13' title='bbox 2155 444 2311 516; x_wconf 52' lang='grc' dir='ltr'>μυχὴν</span> <span class='ocrx_word' id='word_1_14' title='bbox 2336 444 2429 499; x_wconf 78' lang='grc' dir='ltr'>τοῦ</span> <span class='ocrx_word' id='word_1_15' title='bbox 2458 441 2663 508; x_wconf 80' lang='grc' dir='ltr'>πάθους</span> <span class='ocrx_word' id='word_1_16' title='bbox 2691 444 3190 516; x_wconf 77' lang='grc' dir='ltr'>ὑποθερμαίνοντος</span> <span class='ocrx_word' id='word_1_17' title='bbox 3225 443 3510 516; x_wconf 88' lang='grc' dir='ltr'>ανακινοίη</span> <span class='ocrx_word' id='word_1_18' title='bbox 3529 444 3618 499; x_wconf 67' lang='grc' dir='ltr'><strong>τὸν</strong></span> <span class='ocrx_word' id='word_1_19' title='bbox 3645 446 3736 501; x_wconf 62' lang='grc' dir='ltr'><strong>λόά</strong></span> 
     </span>
    </p>
   </div>
   <div class='ocr_carea' id='block_1_6' title="bbox 438 537 2042 623">
    <p class='ocr_par' dir='ltr' id='par_1_6' title="bbox 438 537 2042 623">
     <span class='ocr_line' id='line_1_6' title="bbox 438 537 2042 623; baseline -0.009 -15"><span class='ocrx_word' id='word_1_20' title='bbox 438 551 683 623; x_wconf 68' lang='lat' dir='ltr'><strong>quietem</strong></span> <span class='ocrx_word' id='word_1_21' title='bbox 743 555 798 603; x_wconf 86' lang='lat' dir='ltr'><strong>et</strong></span> <span class='ocrx_word' id='word_1_22' title='bbox 861 545 1294 601; x_wconf 91' lang='lat' dir='ltr'><strong>taciturnitatem</strong></span> <span class='ocrx_word' id='word_1_23' title='bbox 1342 542 1580 612; x_wconf 74' lang='lat' dir='ltr'><strong>mitigat.</strong></span> <span class='ocrx_word' id='word_1_24' title='bbox 1626 537 1763 594; x_wconf 86' lang='lat' dir='ltr'><strong>Nam</strong></span> <span class='ocrx_word' id='word_1_25' title='bbox 1814 538 1861 595; x_wconf 94' lang='lat' dir='ltr'><strong>si</strong></span> <span class='ocrx_word' id='word_1_26' title='bbox 1915 537 2042 609; x_wconf 89' lang='lat' dir='ltr'><strong>quis</strong></span> 
     </span>
    </p>
   </div>
   <div class='ocr_carea' id='block_1_7' title="bbox 439 629 2040 699">
    <p class='ocr_par' dir='ltr' id='par_1_7' title="bbox 439 629 2040 699">
     <span class='ocr_line' id='line_1_7' title="bbox 439 629 2040 699; baseline -0.011 -1"><span class='ocrx_word' id='word_1_27' title='bbox 439 641 760 699; x_wconf 76' lang='lat' dir='ltr'><strong>calamitate</strong></span> <span class='ocrx_word' id='word_1_28' title='bbox 801 637 968 693; x_wconf 80' lang='lat' dir='ltr'><strong>etiam</strong></span> <span class='ocrx_word' id='word_1_29' title='bbox 1003 649 1153 690; x_wconf 88' lang='lat' dir='ltr'><strong>nunc</strong></span> <span class='ocrx_word' id='word_1_30' title='bbox 1183 633 1430 688; x_wconf 85' lang='lat' dir='ltr'><strong>animum</strong></span> <span class='ocrx_word' id='word_1_31' title='bbox 1466 629 1796 686; x_wconf 85' lang='lat' dir='ltr'><strong>incendente</strong></span> <span class='ocrx_word' id='word_1_32' title='bbox 1826 643 2040 684; x_wconf 91' lang='lat' dir='ltr'><strong>sermo-</strong></span> 
     </span>
    </p>
   </div>
   <div class='ocr_carea' id='block_1_8' title="bbox 442 719 2040 792">
    <p class='ocr_par' dir='ltr' id='par_1_8' title="bbox 442 719 2040 792">
     <span class='ocr_line' id='line_1_8' title="bbox 442 719 2040 792; baseline -0.011 -5"><span class='ocrx_word' id='word_1_33' title='bbox 442 746 567 787; x_wconf 73' lang='lat' dir='ltr'><strong>nem</strong></span> <span class='ocrx_word' id='word_1_34' title='bbox 609 728 831 792; x_wconf 82' lang='lat' dir='ltr'><strong>inierat,</strong></span> <span class='ocrx_word' id='word_1_35' title='bbox 866 725 1121 780; x_wconf 70' lang='lat' dir='ltr'><strong>ntmroris</strong></span> <span class='ocrx_word' id='word_1_36' title='bbox 1151 723 1353 778; x_wconf 81' lang='lat' dir='ltr'><strong>vulnus</strong></span> <span class='ocrx_word' id='word_1_37' title='bbox 1381 729 1576 775; x_wconf 90' lang='lat' dir='ltr'><strong>curatu</strong></span> <span class='ocrx_word' id='word_1_38' title='bbox 1611 719 1890 775; x_wconf 78' lang='lat' dir='ltr'><strong>difficilius</strong></span> <span class='ocrx_word' id='word_1_39' title='bbox 1928 719 2040 784; x_wconf 87' lang='lat' dir='ltr'><strong>fiet,</strong></span> 
     </span>
    </p>
   </div>
   <div class='ocr_carea' id='block_1_9' title="bbox 443 809 2044 881">
    <p class='ocr_par' dir='ltr' id='par_1_9' title="bbox 443 809 2044 881">
     <span class='ocr_line' id='line_1_9' title="bbox 443 809 2044 881; baseline -0.009 -3"><span class='ocrx_word' id='word_1_40' title='bbox 443 823 722 878; x_wconf 82' lang='lat' dir='ltr'><strong>mentione</strong></span> <span class='ocrx_word' id='word_1_41' title='bbox 771 833 955 875; x_wconf 89' lang='lat' dir='ltr'><strong>rerum</strong></span> <span class='ocrx_word' id='word_1_42' title='bbox 999 815 1325 871; x_wconf 86' lang='lat' dir='ltr'><strong>acerbarum</strong></span> <span class='ocrx_word' id='word_1_43' title='bbox 1378 811 1550 867; x_wconf 72' lang='lat' dir='ltr'><strong>veluti</strong></span> <span class='ocrx_word' id='word_1_44' title='bbox 1599 811 1776 881; x_wconf 84' lang='lat' dir='ltr'><strong>spinis</strong></span> <span class='ocrx_word' id='word_1_45' title='bbox 1815 809 2044 881; x_wconf 85' lang='lat' dir='ltr'><strong>quibus-</strong></span> 
     </span>
    </p>
   </div>
   <div class='ocr_carea' id='block_1_10' title="bbox 440 901 2041 968">
    <p class='ocr_par' dir='ltr' id='par_1_10' title="bbox 440 901 2041 968">
     <span class='ocr_line' id='line_1_10' title="bbox 440 901 2041 968; baseline -0.009 0"><span class='ocrx_word' id='word_1_46' title='bbox 440 914 568 968; x_wconf 80' lang='lat' dir='ltr'><strong>dam</strong></span> <span class='ocrx_word' id='word_1_47' title='bbox 603 912 902 966; x_wconf 79' lang='lat' dir='ltr'><strong>laceratum</strong></span> <span class='ocrx_word' id='word_1_48' title='bbox 936 905 1359 963; x_wconf 79' lang='lat' dir='ltr'><strong>recrudescens.</strong></span> <span class='ocrx_word' id='word_1_49' title='bbox 1412 903 1491 958; x_wconf 84' lang='lat' dir='ltr'><strong>Ac</strong></span> <span class='ocrx_word' id='word_1_50' title='bbox 1535 901 1643 958; x_wconf 87' lang='lat' dir='ltr'><strong>nisi</strong></span> <span class='ocrx_word' id='word_1_51' title='bbox 1691 905 2041 956; x_wconf 84' lang='lat' dir='ltr'><strong>temerarium</strong></span> 
     </span>
    </p>
   </div>
   <div class='ocr_carea' id='block_1_11' title="bbox 444 993 2045 1070">
    <p class='ocr_par' dir='ltr' id='par_1_11' title="bbox 444 993 2045 1070">
     <span class='ocr_line' id='line_1_11' title="bbox 444 993 2045 1070; baseline -0.008 -10"><span class='ocrx_word' id='word_1_52' title='bbox 444 1005 609 1060; x_wconf 86' lang='lat' dir='ltr'><strong>nimis</strong></span> <span class='ocrx_word' id='word_1_53' title='bbox 637 1009 744 1066; x_wconf 90' lang='lat' dir='ltr'><strong>est,</strong></span> <span class='ocrx_word' id='word_1_54' title='bbox 783 1000 830 1055; x_wconf 88' lang='lat' dir='ltr'><strong>si</strong></span> <span class='ocrx_word' id='word_1_55' title='bbox 855 1014 957 1070; x_wconf 80' lang='lat' dir='ltr'><strong>ego</strong></span> <span class='ocrx_word' id='word_1_56' title='bbox 991 1011 1211 1069; x_wconf 87' lang='lat' dir='ltr'><strong>qttoque</strong></span> <span class='ocrx_word' id='word_1_57' title='bbox 1241 1001 1636 1067; x_wconf 62' lang='lat' dir='ltr'><strong>praeceptorem</strong></span> <span class='ocrx_word' id='word_1_58' title='bbox 1675 993 1730 1048; x_wconf 92' lang='lat' dir='ltr'><strong>in</strong></span> <span class='ocrx_word' id='word_1_59' title='bbox 1774 994 1955 1064; x_wconf 84' lang='lat' dir='ltr'><strong>aliqua</strong></span> <span class='ocrx_word' id='word_1_60' title='bbox 1986 1008 2045 1048; x_wconf 91' lang='lat' dir='ltr'><strong>re</strong></span> 
     </span>
    </p>
   </div>
   <div class='ocr_carea' id='block_1_12' title="bbox 443 1085 2044 1164">
    <p class='ocr_par' dir='ltr' id='par_1_12' title="bbox 443 1085 2044 1164">
     <span class='ocr_line' id='line_1_12' title="bbox 443 1085 2044 1164; baseline -0.008 -11"><span class='ocrx_word' id='word_1_61' title='bbox 443 1097 723 1164; x_wconf 67' lang='lat' dir='ltr'><strong>corrigere</strong></span> <span class='ocrx_word' id='word_1_62' title='bbox 769 1107 962 1154; x_wconf 91' lang='lat' dir='ltr'><strong>coner,</strong></span> <span class='ocrx_word' id='word_1_63' title='bbox 1001 1090 1232 1146; x_wconf 78' lang='lat' dir='ltr'><strong>forsitan</strong></span> <span class='ocrx_word' id='word_1_64' title='bbox 1282 1088 1426 1144; x_wconf 79' lang='lat' dir='ltr'><strong>haud</strong></span> <span class='ocrx_word' id='word_1_65' title='bbox 1458 1085 1868 1142; x_wconf 87' lang='lat' dir='ltr'><strong>incommodum</strong></span> <span class='ocrx_word' id='word_1_66' title='bbox 1904 1085 2044 1141; x_wconf 87' lang='lat' dir='ltr'><strong>fuis-</strong></span> 
     </span>
    </p>
   </div>
   <div class='ocr_carea' id='block_1_13' title="bbox 445 1177 2042 1257">
    <p class='ocr_par' dir='ltr' id='par_1_13' title="bbox 445 1177 2042 1257">
     <span class='ocr_line' id='line_1_13' title="bbox 445 1177 2042 1257; baseline -0.008 -13"><span class='ocrx_word' id='word_1_67' title='bbox 445 1199 551 1253; x_wconf 89' lang='lat' dir='ltr'><strong>set,</strong></span> <span class='ocrx_word' id='word_1_68' title='bbox 581 1201 757 1257; x_wconf 84' lang='lat' dir='ltr'><strong>usque</strong></span> <span class='ocrx_word' id='word_1_69' title='bbox 787 1185 969 1240; x_wconf 83' lang='lat' dir='ltr'><strong>adhuc</strong></span> <span class='ocrx_word' id='word_1_70' title='bbox 997 1181 1278 1239; x_wconf 88' lang='lat' dir='ltr'><strong>silentium</strong></span> <span class='ocrx_word' id='word_1_71' title='bbox 1311 1187 1561 1236; x_wconf 80' lang='lat' dir='ltr'><strong>nostrum</strong></span> <span class='ocrx_word' id='word_1_72' title='bbox 1585 1177 1837 1233; x_wconf 77' lang='lat' dir='ltr'><strong>obtinere</strong></span> <span class='ocrx_word' id='word_1_73' title='bbox 1873 1186 2042 1247; x_wconf 89' lang='lat' dir='ltr'><strong>atque</strong></span> 
     </span>
    </p>
   </div>
   <div class='ocr_carea' id='block_1_14' title="bbox 444 1269 2044 1343">
    <p class='ocr_par' dir='ltr' id='par_1_14' title="bbox 444 1269 2044 1343">
     <span class='ocr_line' id='line_1_14' title="bbox 444 1269 2044 1343; baseline -0.007 -9"><span class='ocrx_word' id='word_1_74' title='bbox 444 1280 672 1343; x_wconf 66' lang='lat' dir='ltr'><strong>durare,</strong></span> <span class='ocrx_word' id='word_1_75' title='bbox 704 1291 773 1331; x_wconf 90' lang='lat' dir='ltr'><strong>ne</strong></span> <span class='ocrx_word' id='word_1_76' title='bbox 807 1273 875 1330; x_wconf 87' lang='lat' dir='ltr'><strong>ad</strong></span> <span class='ocrx_word' id='word_1_77' title='bbox 909 1273 1278 1329; x_wconf 76' lang='lat' dir='ltr'><strong>calamitatem</strong></span> <span class='ocrx_word' id='word_1_78' title='bbox 1331 1269 1512 1324; x_wconf 86' lang='lat' dir='ltr'><strong>oratio</strong></span> <span class='ocrx_word' id='word_1_79' title='bbox 1542 1269 1784 1325; x_wconf 89' lang='lat' dir='ltr'><strong>demissa</strong></span> <span class='ocrx_word' id='word_1_80' title='bbox 1814 1270 2044 1324; x_wconf 78' lang='lat' dir='ltr'><strong>auribus</strong></span> 
     </span>
    </p>
   </div>
   <div class='ocr_carea' id='block_1_15' title="bbox 445 1361 2044 1432">
    <p class='ocr_par' dir='ltr' id='par_1_15' title="bbox 445 1361 2044 1432">
     <span class='ocr_line' id='line_1_15' title="bbox 445 1361 2044 1432; baseline -0.004 -10"><span class='ocrx_word' id='word_1_81' title='bbox 445 1368 678 1423; x_wconf 88' lang='lat' dir='ltr'><strong>molesta</strong></span> <span class='ocrx_word' id='word_1_82' title='bbox 738 1371 906 1422; x_wconf 82' lang='lat' dir='ltr'><strong>esset.</strong></span> <span class='ocrx_word' id='word_1_83' title='bbox 940 1361 1192 1418; x_wconf 84' lang='lat' dir='ltr'><strong>Nondum</strong></span> <span class='ocrx_word' id='word_1_84' title='bbox 1221 1362 1368 1418; x_wconf 90' lang='lat' dir='ltr'><strong>enim</strong></span> <span class='ocrx_word' id='word_1_85' title='bbox 1401 1368 1614 1416; x_wconf 88' lang='lat' dir='ltr'><strong>tantum</strong></span> <span class='ocrx_word' id='word_1_86' title='bbox 1657 1362 1925 1432; x_wconf 87' lang='lat' dir='ltr'><strong>temporis</strong></span> <span class='ocrx_word' id='word_1_87' title='bbox 1961 1361 2044 1416; x_wconf 91' lang='lat' dir='ltr'><strong>in-</strong></span> 
     </span>
    </p>
   </div>
   <div class='ocr_carea' id='block_1_16' title="bbox 447 1456 2043 1532">
    <p class='ocr_par' dir='ltr' id='par_1_16' title="bbox 447 1456 2043 1532">
     <span class='ocr_line' id='line_1_16' title="bbox 447 1456 2043 1532; baseline -0.004 -15"><span class='ocrx_word' id='word_1_88' title='bbox 447 1461 724 1528; x_wconf 83' lang='lat' dir='ltr'><strong>tercessit,</strong></span> <span class='ocrx_word' id='word_1_89' title='bbox 753 1474 869 1532; x_wconf 83' lang='lat' dir='ltr'><strong>quo</strong></span> <span class='ocrx_word' id='word_1_90' title='bbox 896 1475 1050 1516; x_wconf 86' lang='lat' dir='ltr'><strong>mens</strong></span> <span class='ocrx_word' id='word_1_91' title='bbox 1075 1459 1144 1513; x_wconf 89' lang='lat' dir='ltr'><strong>ad</strong></span> <span class='ocrx_word' id='word_1_92' title='bbox 1184 1457 1387 1512; x_wconf 90' lang='lat' dir='ltr'><strong>malum</strong></span> <span class='ocrx_word' id='word_1_93' title='bbox 1429 1472 1752 1513; x_wconf 88' lang='lat' dir='ltr'><strong>assuescere</strong></span> <span class='ocrx_word' id='word_1_94' title='bbox 1782 1456 2043 1528; x_wconf 78' lang='lat' dir='ltr'><strong>potuerit,</strong></span> 
     </span>
    </p>
   </div>
   <div class='ocr_carea' id='block_1_17' title="bbox 448 1546 2043 1609">
    <p class='ocr_par' dir='ltr' id='par_1_17' title="bbox 448 1546 2043 1609">
     <span class='ocr_line' id='line_1_17' title="bbox 448 1546 2043 1609; baseline -0.004 -1"><span class='ocrx_word' id='word_1_95' title='bbox 448 1555 642 1609; x_wconf 83' lang='lat' dir='ltr'><strong>Adhuc</strong></span> <span class='ocrx_word' id='word_1_96' title='bbox 674 1567 871 1608; x_wconf 83' lang='lat' dir='ltr'><strong>recens</strong></span> <span class='ocrx_word' id='word_1_97' title='bbox 925 1553 982 1606; x_wconf 88' lang='lat' dir='ltr'><strong>in</strong></span> <span class='ocrx_word' id='word_1_98' title='bbox 1028 1551 1215 1606; x_wconf 90' lang='lat' dir='ltr'><strong>animo</strong></span> <span class='ocrx_word' id='word_1_99' title='bbox 1249 1548 1436 1604; x_wconf 87' lang='lat' dir='ltr'><strong>clades</strong></span> <span class='ocrx_word' id='word_1_100' title='bbox 1467 1559 1552 1604; x_wconf 91' lang='lat' dir='ltr'><strong>cst</strong></span> <span class='ocrx_word' id='word_1_101' title='bbox 1614 1566 1627 1603; x_wconf 87' lang='lat'><strong>:</strong></span> <span class='ocrx_word' id='word_1_102' title='bbox 1688 1563 1753 1602; x_wconf 92' lang='lat' dir='ltr'><strong>ac</strong></span> <span class='ocrx_word' id='word_1_103' title='bbox 1813 1546 2043 1603; x_wconf 79' lang='lat' dir='ltr'><strong>forsitan</strong></span> 
     </span>
    </p>
   </div>
   <div class='ocr_carea' id='block_1_18' title="bbox 447 1637 2040 1713">
    <p class='ocr_par' dir='ltr' id='par_1_18' title="bbox 447 1637 2040 1713">
     <span class='ocr_line' id='line_1_18' title="bbox 447 1637 2040 1713; baseline -0.005 -13"><span class='ocrx_word' id='word_1_104' title='bbox 447 1645 618 1701; x_wconf 84' lang='lat' dir='ltr'><strong>etiam</strong></span> <span class='ocrx_word' id='word_1_105' title='bbox 669 1657 889 1713; x_wconf 86' lang='lat' dir='ltr'><strong>semper</strong></span> <span class='ocrx_word' id='word_1_106' title='bbox 934 1655 1132 1697; x_wconf 85' lang='lat' dir='ltr'><strong>recens</strong></span> <span class='ocrx_word' id='word_1_107' title='bbox 1189 1639 1295 1696; x_wconf 90' lang='lat' dir='ltr'><strong>erit</strong></span> <span class='ocrx_word' id='word_1_108' title='bbox 1349 1640 1494 1694; x_wconf 72' lang='lat' dir='ltr'><strong>aetati</strong></span> <span class='ocrx_word' id='word_1_109' title='bbox 1541 1639 1791 1710; x_wconf 72' lang='lat' dir='ltr'><strong>(nostrm)</strong></span> <span class='ocrx_word' id='word_1_110' title='bbox 1843 1637 2040 1693; x_wconf 89' lang='lat' dir='ltr'><strong>dolor:</strong></span> 
     </span>
    </p>
   </div>
   <div class='ocr_carea' id='block_1_19' title="bbox 450 1732 2046 1792">
    <p class='ocr_par' dir='ltr' id='par_1_19' title="bbox 450 1732 2046 1792">
     <span class='ocr_line' id='line_1_19' title="bbox 450 1732 2046 1792; baseline -0.004 -1"><span class='ocrx_word' id='word_1_111' title='bbox 450 1737 636 1792; x_wconf 81' lang='lat' dir='ltr'><strong>adhuc</strong></span> <span class='ocrx_word' id='word_1_112' title='bbox 699 1736 954 1791; x_wconf 79' lang='lat' dir='ltr'><strong>turbatur</strong></span> <span class='ocrx_word' id='word_1_113' title='bbox 1005 1749 1103 1788; x_wconf 88' lang='lat' dir='ltr'><strong>cur</strong></span> <span class='ocrx_word' id='word_1_114' title='bbox 1187 1743 1437 1788; x_wconf 88' lang='lat' dir='ltr'><strong>nostrum</strong></span> <span class='ocrx_word' id='word_1_115' title='bbox 1501 1751 1518 1787; x_wconf 87' lang='lat'><strong>:</strong></span> <span class='ocrx_word' id='word_1_116' title='bbox 1569 1748 1632 1786; x_wconf 91' lang='lat' dir='ltr'><strong>ac</strong></span> <span class='ocrx_word' id='word_1_117' title='bbox 1674 1732 1842 1786; x_wconf 76' lang='lat' dir='ltr'><strong>veluti</strong></span> <span class='ocrx_word' id='word_1_118' title='bbox 1897 1747 2046 1786; x_wconf 81' lang='lat' dir='ltr'><strong>mare</strong></span> 
     </span>
    </p>
   </div>
   <div class='ocr_carea' id='block_1_20' title="bbox 452 1799 2118 1899">
    <p class='ocr_par' dir='ltr' id='par_1_20' title="bbox 452 1799 2118 1899">
     <span class='ocr_line' id='line_1_20' title="bbox 452 1799 2118 1899; baseline -0.004 -17"><span class='ocrx_word' id='word_1_119' title='bbox 452 1828 730 1899; x_wconf 79' lang='lat' dir='ltr'><strong>quoddam</strong></span> <span class='ocrx_word' id='word_1_120' title='bbox 780 1825 1002 1880; x_wconf 79' lang='lat' dir='ltr'><strong>turbine</strong></span> <span class='ocrx_word' id='word_1_121' title='bbox 1054 1825 1385 1880; x_wconf 83' lang='lat' dir='ltr'><strong>calamitatis</strong></span> <span class='ocrx_word' id='word_1_122' title='bbox 1429 1831 1764 1878; x_wconf 90' lang='lat' dir='ltr'><strong>commotum</strong></span> <span class='ocrx_word' id='word_1_123' title='bbox 1815 1825 1886 1878; x_wconf 89' lang='lat' dir='ltr'><strong>ab</strong></span> <span class='ocrx_word' id='word_1_124' title='bbox 1935 1824 2049 1877; x_wconf 88' lang='lat' dir='ltr'><strong>imo</strong></span> <span class='ocrx_word' id='word_1_125' title='bbox 2079 1799 2118 1854; x_wconf 72' lang='grc' dir='ltr'>Β</span> 
     </span>
    </p>
   </div>
   <div class='ocr_carea' id='block_1_21' title="bbox 453 1915 2044 1986">
    <p class='ocr_par' dir='ltr' id='par_1_21' title="bbox 453 1915 2044 1986">
     <span class='ocr_line' id='line_1_21' title="bbox 453 1915 2044 1986; baseline -0.005 -10"><span class='ocrx_word' id='word_1_126' title='bbox 453 1922 625 1976; x_wconf 84' lang='lat' dir='ltr'><strong>fundo</strong></span> <span class='ocrx_word' id='word_1_127' title='bbox 676 1919 965 1981; x_wconf 80' lang='lat' dir='ltr'><strong>evertitur,</strong></span> <span class='ocrx_word' id='word_1_128' title='bbox 1033 1917 1214 1972; x_wconf 86' lang='lat' dir='ltr'><strong>adhuc</strong></span> <span class='ocrx_word' id='word_1_129' title='bbox 1282 1924 1521 1971; x_wconf 69' lang='lat' dir='ltr'><strong>aestuant</strong></span> <span class='ocrx_word' id='word_1_130' title='bbox 1572 1915 1938 1986; x_wconf 68' lang='lat' dir='ltr'><strong>cogitationes</strong></span> <span class='ocrx_word' id='word_1_131' title='bbox 1978 1915 2044 1968; x_wconf 88' lang='lat' dir='ltr'><strong>ad</strong></span> 
     </span>
    </p>
   </div>
   <div class='ocr_carea' id='block_1_22' title="bbox 453 2008 2048 2078">
    <p class='ocr_par' dir='ltr' id='par_1_22' title="bbox 453 2008 2048 2078">
     <span class='ocr_line' id='line_1_22' title="bbox 453 2008 2048 2078; baseline -0.004 -9"><span class='ocrx_word' id='word_1_132' title='bbox 453 2013 786 2069; x_wconf 78' lang='lat' dir='ltr'><strong>mentionem</strong></span> <span class='ocrx_word' id='word_1_133' title='bbox 851 2011 1124 2066; x_wconf 90' lang='lat' dir='ltr'><strong>malorum</strong></span> <span class='ocrx_word' id='word_1_134' title='bbox 1179 2008 1626 2065; x_wconf 73' lang='lat' dir='ltr'><strong>effervescentes.</strong></span> <span class='ocrx_word' id='word_1_135' title='bbox 1679 2008 1818 2062; x_wconf 87' lang='lat' dir='ltr'><strong>Cum</strong></span> <span class='ocrx_word' id='word_1_136' title='bbox 1882 2009 2048 2078; x_wconf 82' lang='lat' dir='ltr'><strong>igitur</strong></span> 
     </span>
    </p>
   </div>
   <div class='ocr_carea' id='block_1_23' title="bbox 453 2103 2048 2176">
    <p class='ocr_par' dir='ltr' id='par_1_23' title="bbox 453 2103 2048 2176">
     <span class='ocr_line' id='line_1_23' title="bbox 453 2103 2048 2176; baseline -0.005 -14"><span class='ocrx_word' id='word_1_137' title='bbox 453 2106 724 2175; x_wconf 81' lang='lat' dir='ltr'><strong>ejusmodi</strong></span> <span class='ocrx_word' id='word_1_138' title='bbox 775 2111 1100 2176; x_wconf 89' lang='lat' dir='ltr'><strong>tempestate</strong></span> <span class='ocrx_word' id='word_1_139' title='bbox 1163 2104 1383 2158; x_wconf 88' lang='lat' dir='ltr'><strong>animus</strong></span> <span class='ocrx_word' id='word_1_140' title='bbox 1438 2109 1750 2157; x_wconf 89' lang='lat' dir='ltr'><strong>commotus</strong></span> <span class='ocrx_word' id='word_1_141' title='bbox 1794 2103 1894 2166; x_wconf 86' lang='lat' dir='ltr'><strong>sit,</strong></span> <span class='ocrx_word' id='word_1_142' title='bbox 1951 2103 2048 2172; x_wconf 82' lang='lat' dir='ltr'><strong>qui</strong></span> 
     </span>
    </p>
   </div>
   <div class='ocr_carea' id='block_1_24' title="bbox 467 2191 2048 2269">
    <p class='ocr_par' dir='ltr' id='par_1_24' title="bbox 467 2191 2048 2269">
     <span class='ocr_line' id='line_1_24' title="bbox 467 2191 2048 2269; baseline -0.003 -17"><span class='ocrx_word' id='word_1_143' title='bbox 467 2196 585 2254; x_wconf 83' lang='lat' dir='ltr'><strong>fieri</strong></span> <span class='ocrx_word' id='word_1_144' title='bbox 643 2207 821 2269; x_wconf 84' lang='lat' dir='ltr'><strong>potest</strong></span> <span class='ocrx_word' id='word_1_145' title='bbox 874 2205 933 2251; x_wconf 91' lang='lat' dir='ltr'><strong>ut</strong></span> <span class='ocrx_word' id='word_1_146' title='bbox 982 2203 1136 2251; x_wconf 90' lang='lat' dir='ltr'><strong>recto</strong></span> <span class='ocrx_word' id='word_1_147' title='bbox 1174 2209 1340 2250; x_wconf 86' lang='lat' dir='ltr'><strong>cursu</strong></span> <span class='ocrx_word' id='word_1_148' title='bbox 1379 2194 1556 2247; x_wconf 89' lang='lat' dir='ltr'><strong>oratio</strong></span> <span class='ocrx_word' id='word_1_149' title='bbox 1590 2194 1852 2263; x_wconf 87' lang='lat' dir='ltr'><strong>procedat</strong></span> <span class='ocrx_word' id='word_1_150' title='bbox 1881 2191 2048 2247; x_wconf 81' lang='lat' dir='ltr'><strong>vclnti</strong></span> 
     </span>
    </p>
   </div>
   <div class='ocr_carea' id='block_1_25' title="bbox 456 2285 2050 2359">
    <p class='ocr_par' dir='ltr' id='par_1_25' title="bbox 456 2285 2050 2359">
     <span class='ocr_line' id='line_1_25' title="bbox 456 2285 2050 2359; baseline -0.004 -17"><span class='ocrx_word' id='word_1_151' title='bbox 456 2291 694 2358; x_wconf 86' lang='lat' dir='ltr'><strong>procella</strong></span> <span class='ocrx_word' id='word_1_152' title='bbox 743 2289 1003 2359; x_wconf 83' lang='lat' dir='ltr'><strong>quadam,</strong></span> <span class='ocrx_word' id='word_1_153' title='bbox 1032 2286 1230 2343; x_wconf 76' lang='lat' dir='ltr'><strong>aﬂectu</strong></span> <span class='ocrx_word' id='word_1_154' title='bbox 1261 2286 1470 2340; x_wconf 86' lang='lat' dir='ltr'><strong>doloris</strong></span> <span class='ocrx_word' id='word_1_155' title='bbox 1495 2285 1736 2355; x_wconf 87' lang='lat' dir='ltr'><strong>jactata?</strong></span> <span class='ocrx_word' id='word_1_156' title='bbox 1773 2285 1878 2339; x_wconf 85' lang='lat' dir='ltr'><strong>Sed</strong></span> <span class='ocrx_word' id='word_1_157' title='bbox 1913 2299 2050 2355; x_wconf 88' lang='lat' dir='ltr'><strong>quo-</strong></span> 
     </span>
    </p>
   </div>
   <div class='ocr_carea' id='block_1_26' title="bbox 458 2379 2052 2452">
    <p class='ocr_par' dir='ltr' id='par_1_26' title="bbox 458 2379 2052 2452">
     <span class='ocr_line' id='line_1_26' title="bbox 458 2379 2052 2452; baseline -0.004 -15"><span class='ocrx_word' id='word_1_158' title='bbox 458 2383 601 2437; x_wconf 82' lang='lat' dir='ltr'><strong>niam</strong></span> <span class='ocrx_word' id='word_1_159' title='bbox 627 2381 842 2452; x_wconf 87' lang='lat' dir='ltr'><strong>jubenti</strong></span> <span class='ocrx_word' id='word_1_160' title='bbox 888 2381 1273 2449; x_wconf 81' lang='lat' dir='ltr'><strong>obtemperare</strong></span> <span class='ocrx_word' id='word_1_161' title='bbox 1316 2386 1556 2448; x_wconf 87' lang='lat' dir='ltr'><strong>oportet,</strong></span> <span class='ocrx_word' id='word_1_162' title='bbox 1595 2379 1783 2433; x_wconf 87' lang='lat' dir='ltr'><strong>nescio</strong></span> <span class='ocrx_word' id='word_1_163' title='bbox 1813 2392 1921 2447; x_wconf 89' lang='lat' dir='ltr'><strong>quo</strong></span> <span class='ocrx_word' id='word_1_164' title='bbox 1961 2392 2052 2447; x_wconf 78' lang='lat' dir='ltr'><strong>ge-</strong></span> 
     </span>
    </p>
   </div>
   <div class='ocr_carea' id='block_1_27' title="bbox 456 2467 2051 2538">
    <p class='ocr_par' dir='ltr' id='par_1_27' title="bbox 456 2467 2051 2538">
     <span class='ocr_line' id='line_1_27' title="bbox 456 2467 2051 2538; baseline -0.005 -10"><span class='ocrx_word' id='word_1_165' title='bbox 456 2488 586 2528; x_wconf 90' lang='lat' dir='ltr'><strong>nere</strong></span> <span class='ocrx_word' id='word_1_166' title='bbox 633 2482 757 2527; x_wconf 91' lang='lat' dir='ltr'><strong>utar</strong></span> <span class='ocrx_word' id='word_1_167' title='bbox 812 2471 1101 2526; x_wconf 91' lang='lat' dir='ltr'><strong>orationis.</strong></span> <span class='ocrx_word' id='word_1_168' title='bbox 1166 2467 1286 2523; x_wconf 79' lang='lat' dir='ltr'><strong>Non</strong></span> <span class='ocrx_word' id='word_1_169' title='bbox 1349 2468 1494 2522; x_wconf 84' lang='lat' dir='ltr'><strong>enim</strong></span> <span class='ocrx_word' id='word_1_170' title='bbox 1554 2468 1867 2538; x_wconf 75' lang='lat' dir='ltr'><strong>excogitare</strong></span> <span class='ocrx_word' id='word_1_171' title='bbox 1924 2482 2051 2538; x_wconf 87' lang='lat' dir='ltr'><strong>pos-</strong></span> 
     </span>
    </p>
   </div>
   <div class='ocr_carea' id='block_1_28' title="bbox 459 2561 2046 2633">
    <p class='ocr_par' dir='ltr' id='par_1_28' title="bbox 459 2561 2046 2633">
     <span class='ocr_line' id='line_1_28' title="bbox 459 2561 2046 2633; baseline -0.003 -16"><span class='ocrx_word' id='word_1_172' title='bbox 459 2579 580 2618; x_wconf 85' lang='lat' dir='ltr'><strong>sum</strong></span> <span class='ocrx_word' id='word_1_173' title='bbox 641 2561 843 2633; x_wconf 82' lang='lat' dir='ltr'><strong>quibus</strong></span> <span class='ocrx_word' id='word_1_174' title='bbox 895 2561 1232 2630; x_wconf 86' lang='lat' dir='ltr'><strong>conjecturis</strong></span> <span class='ocrx_word' id='word_1_175' title='bbox 1264 2572 1528 2628; x_wconf 86' lang='lat' dir='ltr'><strong>assequar</strong></span> <span class='ocrx_word' id='word_1_176' title='bbox 1561 2570 1794 2614; x_wconf 87' lang='lat' dir='ltr'><strong>mentem</strong></span> <span class='ocrx_word' id='word_1_177' title='bbox 1846 2574 2046 2628; x_wconf 62' lang='grc' dir='ltr'><strong>ιιι-ποθι</strong></span> 
     </span>
    </p>
   </div>
   <div class='ocr_carea' id='block_1_29' title="bbox 457 2647 2048 2722">
    <p class='ocr_par' dir='ltr' id='par_1_29' title="bbox 457 2647 2048 2722">
     <span class='ocr_line' id='line_1_29' title="bbox 457 2647 2048 2722; baseline -0.003 -16"><span class='ocrx_word' id='word_1_178' title='bbox 457 2652 653 2722; x_wconf 73' lang='lat' dir='ltr'><strong>ptoris.</strong></span> <span class='ocrx_word' id='word_1_179' title='bbox 687 2652 769 2704; x_wconf 83' lang='lat' dir='ltr'><strong>An</strong></span> <span class='ocrx_word' id='word_1_180' title='bbox 816 2649 1046 2705; x_wconf 83' lang='lat' dir='ltr'><strong>forsitan</strong></span> <span class='ocrx_word' id='word_1_181' title='bbox 1079 2649 1242 2703; x_wconf 90' lang='lat' dir='ltr'><strong>etiam</strong></span> <span class='ocrx_word' id='word_1_182' title='bbox 1281 2647 1486 2717; x_wconf 90' lang='lat' dir='ltr'><strong>aliquid</strong></span> <span class='ocrx_word' id='word_1_183' title='bbox 1524 2648 1836 2718; x_wconf 60' lang='lat' dir='ltr'><strong>aegritudini</strong></span> <span class='ocrx_word' id='word_1_184' title='bbox 1867 2649 2048 2703; x_wconf 90' lang='lat' dir='ltr'><strong>indul-</strong></span> 
     </span>
    </p>
   </div>
   <div class='ocr_carea' id='block_1_30' title="bbox 459 2739 2048 2814">
    <p class='ocr_par' dir='ltr' id='par_1_30' title="bbox 459 2739 2048 2814">
     <span class='ocr_line' id='line_1_30' title="bbox 459 2739 2048 2814; baseline -0.004 -16"><span class='ocrx_word' id='word_1_185' title='bbox 459 2758 586 2814; x_wconf 75' lang='lat' dir='ltr'><strong>gere</strong></span> <span class='ocrx_word' id='word_1_186' title='bbox 635 2742 773 2804; x_wconf 82' lang='lat' dir='ltr'><strong>vult,</strong></span> <span class='ocrx_word' id='word_1_187' title='bbox 811 2756 876 2796; x_wconf 92' lang='lat' dir='ltr'><strong>ac</strong></span> <span class='ocrx_word' id='word_1_188' title='bbox 918 2741 1102 2796; x_wconf 90' lang='lat' dir='ltr'><strong>verbis</strong></span> <span class='ocrx_word' id='word_1_189' title='bbox 1151 2740 1219 2794; x_wconf 86' lang='lat' dir='ltr'><strong>ad</strong></span> <span class='ocrx_word' id='word_1_190' title='bbox 1275 2739 1507 2795; x_wconf 78' lang='lat' dir='ltr'><strong>allectus</strong></span> <span class='ocrx_word' id='word_1_191' title='bbox 1563 2739 1922 2795; x_wconf 90' lang='lat' dir='ltr'><strong>concitandos</strong></span> <span class='ocrx_word' id='word_1_192' title='bbox 1957 2756 2048 2793; x_wconf 83' lang='lat' dir='ltr'><strong>ac-</strong></span> 
     </span>
    </p>
   </div>
   <div class='ocr_carea' id='block_1_31' title="bbox 459 2833 2047 2905">
    <p class='ocr_par' dir='ltr' id='par_1_31' title="bbox 459 2833 2047 2905">
     <span class='ocr_line' id='line_1_31' title="bbox 459 2833 2047 2905; baseline -0.003 -13"><span class='ocrx_word' id='word_1_193' title='bbox 459 2834 823 2892; x_wconf 81' lang='lat' dir='ltr'><strong>commodatis</strong></span> <span class='ocrx_word' id='word_1_194' title='bbox 853 2834 1109 2890; x_wconf 87' lang='lat' dir='ltr'><strong>concioni</strong></span> <span class='ocrx_word' id='word_1_195' title='bbox 1160 2833 1432 2905; x_wconf 86' lang='lat' dir='ltr'><strong>lacrymas</strong></span> <span class='ocrx_word' id='word_1_196' title='bbox 1471 2833 1858 2887; x_wconf 83' lang='lat' dir='ltr'><strong>commovere?</strong></span> <span class='ocrx_word' id='word_1_197' title='bbox 1889 2835 1966 2887; x_wconf 78' lang='lat' dir='ltr'><strong>Ac</strong></span> <span class='ocrx_word' id='word_1_198' title='bbox 2001 2835 2047 2887; x_wconf 85' lang='lat' dir='ltr'><strong>si</strong></span> 
     </span>
    </p>
   </div>
   <div class='ocr_carea' id='block_1_32' title="bbox 461 2913 2048 2994">
    <p class='ocr_par' dir='ltr' id='par_1_32' title="bbox 461 2913 2048 2994">
     <span class='ocr_line' id='line_1_32' title="bbox 461 2913 2048 2994; baseline -0.001 -12"><span class='ocrx_word' id='word_1_199' title='bbox 461 2929 537 2982; x_wconf 90' lang='lat' dir='ltr'><strong>ita</strong></span> <span class='ocrx_word' id='word_1_200' title='bbox 567 2926 758 2988; x_wconf 82' lang='lat' dir='ltr'><strong>sentit,</strong></span> <span class='ocrx_word' id='word_1_201' title='bbox 800 2933 972 2987; x_wconf 86' lang='lat' dir='ltr'><strong>recte,</strong></span> <span class='ocrx_word' id='word_1_202' title='bbox 1030 2939 1154 2980; x_wconf 78' lang='lat' dir='ltr'><strong>tneo</strong></span> <span class='ocrx_word' id='word_1_203' title='bbox 1207 2923 1428 2994; x_wconf 84' lang='lat' dir='ltr'><strong>quidem</strong></span> <span class='ocrx_word' id='word_1_204' title='bbox 1481 2913 1714 2992; x_wconf 85' lang='lat' dir='ltr'><strong>judicio,</strong></span> <span class='ocrx_word' id='word_1_205' title='bbox 1754 2925 1918 2979; x_wconf 90' lang='lat' dir='ltr'><strong>etiam</strong></span> <span class='ocrx_word' id='word_1_206' title='bbox 1949 2925 2048 2980; x_wconf 75' lang='lat' dir='ltr'><strong>hoc</strong></span> 
     </span>
    </p>
   </div>
   <div class='ocr_carea' id='block_1_33' title="bbox 2144 535 3734 608">
    <p class='ocr_par' dir='ltr' id='par_1_33' title="bbox 2144 535 3734 608">
     <span class='ocr_line' id='line_1_33' title="bbox 2144 535 3734 608; baseline -0.001 -16"><span class='ocrx_word' id='word_1_207' title='bbox 2144 555 2261 607; x_wconf 84' lang='grc' dir='ltr'>γον,</span> <span class='ocrx_word' id='word_1_208' title='bbox 2296 536 2722 608; x_wconf 77' lang='grc' dir='ltr'>δυσαλθέστερον</span> <span class='ocrx_word' id='word_1_209' title='bbox 2751 536 2812 589; x_wconf 80' lang='grc' dir='ltr'>τὸ</span> <span class='ocrx_word' id='word_1_210' title='bbox 2843 539 2944 608; x_wconf 80' lang='grc' dir='ltr'>τῆς</span> <span class='ocrx_word' id='word_1_211' title='bbox 2971 535 3149 606; x_wconf 81' lang='grc' dir='ltr'>λύπης</span> <span class='ocrx_word' id='word_1_212' title='bbox 3177 535 3398 607; x_wconf 85' lang='grc' dir='ltr'><strong>τραῦμα</strong></span> <span class='ocrx_word' id='word_1_213' title='bbox 3418 537 3734 608; x_wconf 80' lang='grc' dir='ltr'>γενήσεται,</span> 
     </span>
    </p>
   </div>
   <div class='ocr_carea' id='block_1_34' title="bbox 2143 625 3738 703">
    <p class='ocr_par' dir='ltr' id='par_1_34' title="bbox 2143 625 3738 703">
     <span class='ocr_line' id='line_1_34' title="bbox 2143 625 3738 703; baseline 0 -19"><span class='ocrx_word' id='word_1_214' title='bbox 2143 635 2210 702; x_wconf 80' lang='grc' dir='ltr'><strong>τῇ</strong></span> <span class='ocrx_word' id='word_1_215' title='bbox 2249 631 2438 703; x_wconf 80' lang='grc' dir='ltr'><strong>μνήμῃ</strong></span> <span class='ocrx_word' id='word_1_216' title='bbox 2474 631 2582 684; x_wconf 82' lang='grc' dir='ltr'><strong>τῶν</strong></span> <span class='ocrx_word' id='word_1_217' title='bbox 2611 629 2879 699; x_wconf 78' lang='grc' dir='ltr'><strong>ἀλγεινῶν</strong></span> <span class='ocrx_word' id='word_1_218' title='bbox 2912 625 3022 683; x_wconf 72' lang='grc' dir='ltr'><strong>οἷόν</strong></span> <span class='ocrx_word' id='word_1_219' title='bbox 3049 646 3192 682; x_wconf 91' lang='grc' dir='ltr'><strong>τισιν</strong></span> <span class='ocrx_word' id='word_1_220' title='bbox 3225 629 3493 694; x_wconf 77' lang='grc' dir='ltr'><strong>ἀκάνθαις</strong></span> <span class='ocrx_word' id='word_1_221' title='bbox 3523 631 3738 696; x_wconf 73' lang='grc' dir='ltr'><strong>ἐπιξαι·</strong></span> 
     </span>
    </p>
   </div>
   <div class='ocr_carea' id='block_1_35' title="bbox 2144 720 3737 793">
    <p class='ocr_par' dir='ltr' id='par_1_35' title="bbox 2144 720 3737 793">
     <span class='ocr_line' id='line_1_35' title="bbox 2144 720 3737 793; baseline 0.001 -19"><span class='ocrx_word' id='word_1_222' title='bbox 2144 724 2388 793; x_wconf 79' lang='grc' dir='ltr'>νόμενον.</span> <span class='ocrx_word' id='word_1_223' title='bbox 2437 723 2502 776; x_wconf 77' lang='grc' dir='ltr'><strong>Εἰ</strong></span> <span class='ocrx_word' id='word_1_224' title='bbox 2528 721 2586 775; x_wconf 80' lang='grc' dir='ltr'><strong>δὲ</strong></span> <span class='ocrx_word' id='word_1_225' title='bbox 2629 721 2705 792; x_wconf 85' lang='grc' dir='ltr'><strong>μὴ</strong></span> <span class='ocrx_word' id='word_1_226' title='bbox 2741 721 2860 774; x_wconf 81' lang='grc' dir='ltr'>λίαν</span> <span class='ocrx_word' id='word_1_227' title='bbox 2890 720 3008 774; x_wconf 77' lang='grc' dir='ltr'><strong>ἐστὶ</strong></span> <span class='ocrx_word' id='word_1_228' title='bbox 3039 720 3312 792; x_wconf 79' lang='grc' dir='ltr'><strong>τολμηρὸν</strong></span> <span class='ocrx_word' id='word_1_229' title='bbox 3345 720 3492 792; x_wconf 83' lang='grc' dir='ltr'>κάμέ</span> <span class='ocrx_word' id='word_1_230' title='bbox 3533 739 3588 774; x_wconf 86' lang='grc' dir='ltr'><strong>τι</strong></span> <span class='ocrx_word' id='word_1_231' title='bbox 3623 721 3737 776; x_wconf 80' lang='grc' dir='ltr'><strong>τῶν</strong></span> 
     </span>
    </p>
   </div>
   <div class='ocr_carea' id='block_1_36' title="bbox 2143 811 3738 886">
    <p class='ocr_par' dir='ltr' id='par_1_36' title="bbox 2143 811 3738 886">
     <span class='ocr_line' id='line_1_36' title="bbox 2143 811 3738 886; baseline 0 -17"><span class='ocrx_word' id='word_1_232' title='bbox 2143 815 2238 869; x_wconf 79' lang='grc' dir='ltr'><strong>τοῦ</strong></span> <span class='ocrx_word' id='word_1_233' title='bbox 2265 814 2588 869; x_wconf 75' lang='grc' dir='ltr'><strong>διδασκάλου</strong></span> <span class='ocrx_word' id='word_1_234' title='bbox 2616 811 3174 885; x_wconf 72' lang='grc' dir='ltr'>προσδιορθὼσασθαι,</span> <span class='ocrx_word' id='word_1_235' title='bbox 3207 813 3350 884; x_wconf 87' lang='grc' dir='ltr'><strong>τάχα</strong></span> <span class='ocrx_word' id='word_1_236' title='bbox 3369 813 3552 879; x_wconf 85' lang='grc' dir='ltr'>καλῶς</span> <span class='ocrx_word' id='word_1_237' title='bbox 3578 814 3738 886; x_wconf 77' lang='grc' dir='ltr'><strong>ἔσχεν</strong></span> 
     </span>
    </p>
   </div>
   <div class='ocr_carea' id='block_1_37' title="bbox 2149 902 3738 978">
    <p class='ocr_par' dir='ltr' id='par_1_37' title="bbox 2149 902 3738 978">
     <span class='ocr_line' id='line_1_37' title="bbox 2149 902 3738 978; baseline -0.01 -19"><span class='ocrx_word' id='word_1_238' title='bbox 2149 904 2313 978; x_wconf 87' lang='grc' dir='ltr'><strong>μέχρι</strong></span> <span class='ocrx_word' id='word_1_239' title='bbox 2347 902 2442 958; x_wconf 82' lang='grc' dir='ltr'><strong>τοῦ</strong></span> <span class='ocrx_word' id='word_1_240' title='bbox 2483 903 2580 959; x_wconf 77' lang='grc' dir='ltr'><strong>νῦν</strong></span> <span class='ocrx_word' id='word_1_241' title='bbox 2627 907 2995 975; x_wconf 75' lang='grc' dir='ltr'><strong>κατακρατεῖν</strong></span> <span class='ocrx_word' id='word_1_242' title='bbox 3028 905 3187 976; x_wconf 75' lang='grc' dir='ltr'><strong>ἡμῶν</strong></span> <span class='ocrx_word' id='word_1_243' title='bbox 3225 905 3326 976; x_wconf 74' lang='grc' dir='ltr'><strong>τὴν</strong></span> <span class='ocrx_word' id='word_1_244' title='bbox 3364 905 3614 977; x_wconf 57' lang='grc' dir='ltr'>ἡσυχίαν,</span> <span class='ocrx_word' id='word_1_245' title='bbox 3658 908 3738 972; x_wconf 59' lang='grc' dir='ltr'><strong>ὡς</strong></span> 
     </span>
    </p>
   </div>
   <div class='ocr_carea' id='block_1_38' title="bbox 2148 993 3737 1072">
    <p class='ocr_par' dir='ltr' id='par_1_38' title="bbox 2148 993 3737 1072">
     <span class='ocr_line' id='line_1_38' title="bbox 2148 993 3737 1072; baseline 0.002 -20"><span class='ocrx_word' id='word_1_246' title='bbox 2148 999 2216 1052; x_wconf 84' lang='grc' dir='ltr'><strong>ἂν</strong></span> <span class='ocrx_word' id='word_1_247' title='bbox 2246 997 2321 1070; x_wconf 86' lang='grc' dir='ltr'><strong>μὴ</strong></span> <span class='ocrx_word' id='word_1_248' title='bbox 2343 997 2481 1069; x_wconf 84' lang='grc' dir='ltr'>πρδς</span> <span class='ocrx_word' id='word_1_249' title='bbox 2500 998 2561 1050; x_wconf 82' lang='grc' dir='ltr'>τὸ</span> <span class='ocrx_word' id='word_1_250' title='bbox 2591 997 2762 1062; x_wconf 84' lang='grc' dir='ltr'>πάθος</span> <span class='ocrx_word' id='word_1_251' title='bbox 2787 1000 2815 1051; x_wconf 77' lang='grc' dir='ltr'><strong><em>ὁ</em></strong></span> <span class='ocrx_word' id='word_1_252' title='bbox 2838 998 2994 1067; x_wconf 85' lang='grc' dir='ltr'>λόγος</span> <span class='ocrx_word' id='word_1_253' title='bbox 3014 997 3425 1062; x_wconf 73' lang='grc' dir='ltr'>καθελκυσθεὶς,</span> <span class='ocrx_word' id='word_1_254' title='bbox 3449 998 3547 1071; x_wconf 75' lang='grc' dir='ltr'><strong>τὴν</strong></span> <span class='ocrx_word' id='word_1_255' title='bbox 3566 993 3737 1072; x_wconf 80' lang='grc' dir='ltr'><strong>ἀκοὴν</strong></span> 
     </span>
    </p>
   </div>
   <div class='ocr_carea' id='block_1_39' title="bbox 2145 1087 3733 1163">
    <p class='ocr_par' dir='ltr' id='par_1_39' title="bbox 2145 1087 3733 1163">
     <span class='ocr_line' id='line_1_39' title="bbox 2145 1087 3733 1163; baseline 0.003 -21"><span class='ocrx_word' id='word_1_256' title='bbox 2145 1090 2435 1144; x_wconf 85' lang='grc' dir='ltr'><strong>ἀνιάσειεν.</strong></span> <span class='ocrx_word' id='word_1_257' title='bbox 2463 1087 2632 1142; x_wconf 76' lang='grc' dir='ltr'><strong>Οὔπω</strong></span> <span class='ocrx_word' id='word_1_258' title='bbox 2656 1089 2768 1160; x_wconf 75' lang='grc' dir='ltr'><strong>γὰρ</strong></span> <span class='ocrx_word' id='word_1_259' title='bbox 2791 1087 3044 1152; x_wconf 76' lang='grc' dir='ltr'>τοσοῦτος</span> <span class='ocrx_word' id='word_1_260' title='bbox 3083 1089 3112 1142; x_wconf 84' lang='grc' dir='ltr'>ὁ</span> <span class='ocrx_word' id='word_1_261' title='bbox 3142 1091 3200 1144; x_wconf 80' lang='grc' dir='ltr'><strong>ὲν</strong></span> <span class='ocrx_word' id='word_1_262' title='bbox 3223 1088 3302 1159; x_wconf 80' lang='grc' dir='ltr'><strong>τῷ</strong></span> <span class='ocrx_word' id='word_1_263' title='bbox 3333 1090 3486 1161; x_wconf 84' lang='grc' dir='ltr'>μέσῳ</span> <span class='ocrx_word' id='word_1_264' title='bbox 3511 1092 3733 1163; x_wconf 74' lang='grc' dir='ltr'><strong>χρόνος,</strong></span> 
     </span>
    </p>
   </div>
   <div class='ocr_carea' id='block_1_40' title="bbox 2145 1179 3739 1252">
    <p class='ocr_par' dir='ltr' id='par_1_40' title="bbox 2145 1179 3739 1252">
     <span class='ocr_line' id='line_1_40' title="bbox 2145 1179 3739 1252; baseline 0.001 -18"><span class='ocrx_word' id='word_1_265' title='bbox 2145 1180 2285 1235; x_wconf 81' lang='grc' dir='ltr'>ὥστε</span> <span class='ocrx_word' id='word_1_266' title='bbox 2313 1180 2638 1252; x_wconf 87' lang='grc' dir='ltr'>προσεθίσαι</span> <span class='ocrx_word' id='word_1_267' title='bbox 2659 1180 2740 1251; x_wconf 80' lang='grc' dir='ltr'><strong>τῷ</strong></span> <span class='ocrx_word' id='word_1_268' title='bbox 2765 1179 2917 1250; x_wconf 83' lang='grc' dir='ltr'>καλῷ</span> <span class='ocrx_word' id='word_1_269' title='bbox 2947 1179 3050 1250; x_wconf 81' lang='grc' dir='ltr'><strong>τὴν</strong></span> <span class='ocrx_word' id='word_1_270' title='bbox 3092 1180 3352 1238; x_wconf 81' lang='grc' dir='ltr'><strong>διάνοιαν.</strong></span> <span class='ocrx_word' id='word_1_271' title='bbox 3380 1180 3502 1236; x_wconf 88' lang='grc' dir='ltr'><strong>Ἔτι</strong></span> <span class='ocrx_word' id='word_1_272' title='bbox 3533 1183 3650 1237; x_wconf 83' lang='grc' dir='ltr'>νέον</span> <span class='ocrx_word' id='word_1_273' title='bbox 3677 1186 3739 1236; x_wconf 77' lang='grc' dir='ltr'><strong>ἐν</strong></span> 
     </span>
    </p>
   </div>
   <div class='ocr_carea' id='block_1_41' title="bbox 2145 1273 3737 1346">
    <p class='ocr_par' dir='ltr' id='par_1_41' title="bbox 2145 1273 3737 1346">
     <span class='ocr_line' id='line_1_41' title="bbox 2145 1273 3737 1346; baseline -0.001 -18"><span class='ocrx_word' id='word_1_274' title='bbox 2145 1278 2212 1346; x_wconf 77' lang='grc' dir='ltr'><strong>τῇ</strong></span> <span class='ocrx_word' id='word_1_275' title='bbox 2241 1275 2386 1345; x_wconf 76' lang='grc' dir='ltr'><strong>ψυχῇ</strong></span> <span class='ocrx_word' id='word_1_276' title='bbox 2411 1275 2473 1328; x_wconf 81' lang='grc' dir='ltr'><strong>τὸ</strong></span> <span class='ocrx_word' id='word_1_277' title='bbox 2495 1273 2667 1338; x_wconf 82' lang='grc' dir='ltr'>πάθος</span> <span class='ocrx_word' id='word_1_278' title='bbox 2687 1313 2703 1337; x_wconf 88' lang='grc'><em>,</em></span> <span class='ocrx_word' id='word_1_279' title='bbox 2729 1273 2870 1343; x_wconf 82' lang='grc' dir='ltr'>τάχα</span> <span class='ocrx_word' id='word_1_280' title='bbox 2897 1273 2954 1326; x_wconf 85' lang='grc' dir='ltr'>δὲ</span> <span class='ocrx_word' id='word_1_281' title='bbox 2979 1273 3074 1328; x_wconf 82' lang='grc' dir='ltr'><strong>καὶ</strong></span> <span class='ocrx_word' id='word_1_282' title='bbox 3099 1274 3184 1328; x_wconf 77' lang='grc' dir='ltr'><strong>ἀεὶ</strong></span> <span class='ocrx_word' id='word_1_283' title='bbox 3209 1274 3329 1328; x_wconf 86' lang='grc' dir='ltr'>νέον</span> <span class='ocrx_word' id='word_1_284' title='bbox 3354 1273 3507 1329; x_wconf 76' lang='grc' dir='ltr'><strong>ἔσται</strong></span> <span class='ocrx_word' id='word_1_285' title='bbox 3531 1275 3610 1346; x_wconf 83' lang='grc' dir='ltr'><strong>τῷ</strong></span> <span class='ocrx_word' id='word_1_286' title='bbox 3637 1275 3737 1346; x_wconf 80' lang='grc' dir='ltr'><strong>βίῳ</strong></span> 
     </span>
    </p>
   </div>
   <div class='ocr_carea' id='block_1_42' title="bbox 2144 1365 3736 1438">
    <p class='ocr_par' dir='ltr' id='par_1_42' title="bbox 2144 1365 3736 1438">
     <span class='ocr_line' id='line_1_42' title="bbox 2144 1365 3736 1438; baseline 0 -18"><span class='ocrx_word' id='word_1_287' title='bbox 2144 1367 2207 1420; x_wconf 85' lang='grc' dir='ltr'><strong>τὸ</strong></span> <span class='ocrx_word' id='word_1_288' title='bbox 2241 1367 2483 1438; x_wconf 79' lang='grc' dir='ltr'><strong>ἄλγημα·</strong></span> <span class='ocrx_word' id='word_1_289' title='bbox 2545 1365 2627 1419; x_wconf 73' lang='grc' dir='ltr'><strong>ἔτι</strong></span> <span class='ocrx_word' id='word_1_290' title='bbox 2693 1366 3032 1438; x_wconf 80' lang='grc' dir='ltr'><strong>ταράσσεται</strong></span> <span class='ocrx_word' id='word_1_291' title='bbox 3089 1365 3304 1436; x_wconf 78' lang='grc' dir='ltr'><strong>ἡμῶνή</strong></span> <span class='ocrx_word' id='word_1_292' title='bbox 3359 1366 3578 1437; x_wconf 82' lang='grc' dir='ltr'>καρδία,</span> <span class='ocrx_word' id='word_1_293' title='bbox 3642 1370 3736 1422; x_wconf 81' lang='grc' dir='ltr'><strong>καὶ</strong></span> 
     </span>
    </p>
   </div>
   <div class='ocr_carea' id='block_1_43' title="bbox 2151 1457 3738 1532">
    <p class='ocr_par' dir='ltr' id='par_1_43' title="bbox 2151 1457 3738 1532">
     <span class='ocr_line' id='line_1_43' title="bbox 2151 1457 3738 1532; baseline -0.001 -18"><span class='ocrx_word' id='word_1_294' title='bbox 2151 1458 2402 1532; x_wconf 82' lang='grc' dir='ltr'>καθάπερ</span> <span class='ocrx_word' id='word_1_295' title='bbox 2448 1475 2534 1523; x_wconf 87' lang='grc' dir='ltr'><strong>τις</strong></span> <span class='ocrx_word' id='word_1_296' title='bbox 2573 1459 2817 1514; x_wconf 73' lang='grc' dir='ltr'>θάλασσα</span> <span class='ocrx_word' id='word_1_297' title='bbox 2845 1457 3236 1530; x_wconf 81' lang='grc' dir='ltr'>κυματουμένη</span> <span class='ocrx_word' id='word_1_298' title='bbox 3265 1461 3332 1530; x_wconf 80' lang='grc' dir='ltr'><strong>τῇ</strong></span> <span class='ocrx_word' id='word_1_299' title='bbox 3369 1458 3594 1512; x_wconf 86' lang='grc' dir='ltr'>λαίλαπι</span> <span class='ocrx_word' id='word_1_300' title='bbox 3637 1460 3738 1531; x_wconf 80' lang='grc' dir='ltr'>τῆς</span> 
     </span>
    </p>
   </div>
   <div class='ocr_carea' id='block_1_44' title="bbox 2149 1549 3741 1622">
    <p class='ocr_par' dir='ltr' id='par_1_44' title="bbox 2149 1549 3741 1622">
     <span class='ocr_line' id='line_1_44' title="bbox 2149 1549 3741 1622; baseline -0.001 -17"><span class='ocrx_word' id='word_1_301' title='bbox 2149 1553 2432 1622; x_wconf 66' lang='grc' dir='ltr'>συμφορᾶς</span> <span class='ocrx_word' id='word_1_302' title='bbox 2478 1552 2542 1604; x_wconf 84' lang='grc' dir='ltr'><strong>ὲκ</strong></span> <span class='ocrx_word' id='word_1_303' title='bbox 2571 1550 2747 1620; x_wconf 75' lang='grc' dir='ltr'>βυθῶν</span> <span class='ocrx_word' id='word_1_304' title='bbox 2777 1551 3176 1620; x_wconf 67' lang='grc' dir='ltr'><strong>ἀναστρέφεται</strong></span> <span class='ocrx_word' id='word_1_305' title='bbox 3197 1566 3212 1582; x_wconf 73' lang='grc' dir='ltr'><strong><em>ο</em></strong></span> <span class='ocrx_word' id='word_1_306' title='bbox 3257 1549 3338 1604; x_wconf 77' lang='grc' dir='ltr'>ἔτι</span> <span class='ocrx_word' id='word_1_307' title='bbox 3366 1549 3654 1604; x_wconf 85' lang='grc' dir='ltr'>διοιδοῦσιν</span> <span class='ocrx_word' id='word_1_308' title='bbox 3685 1552 3741 1604; x_wconf 70' lang='grc' dir='ltr'><strong>οξ</strong></span> 
     </span>
    </p>
   </div>
   <div class='ocr_carea' id='block_1_45' title="bbox 2146 1640 3736 1713">
    <p class='ocr_par' dir='ltr' id='par_1_45' title="bbox 2146 1640 3736 1713">
     <span class='ocr_line' id='line_1_45' title="bbox 2146 1640 3736 1713; baseline 0.001 -17"><span class='ocrx_word' id='word_1_309' title='bbox 2146 1642 2438 1712; x_wconf 78' lang='grc' dir='ltr'>λογισμοὶ,</span> <span class='ocrx_word' id='word_1_310' title='bbox 2466 1641 2604 1713; x_wconf 69' lang='grc' dir='ltr'>πρὸς</span> <span class='ocrx_word' id='word_1_311' title='bbox 2641 1641 2741 1712; x_wconf 81' lang='grc' dir='ltr'><strong>τὴν</strong></span> <span class='ocrx_word' id='word_1_312' title='bbox 2775 1643 2997 1712; x_wconf 83' lang='grc' dir='ltr'><strong>μνήμην</strong></span> <span class='ocrx_word' id='word_1_313' title='bbox 3029 1640 3144 1695; x_wconf 81' lang='grc' dir='ltr'><strong>τῶν</strong></span> <span class='ocrx_word' id='word_1_314' title='bbox 3177 1641 3365 1696; x_wconf 83' lang='grc' dir='ltr'>κακῶν</span> <span class='ocrx_word' id='word_1_315' title='bbox 3396 1641 3736 1708; x_wconf 79' lang='grc' dir='ltr'><strong>ἀναζέοντες.</strong></span> 
     </span>
    </p>
   </div>
   <div class='ocr_carea' id='block_1_46' title="bbox 2160 1731 3738 1809">
    <p class='ocr_par' dir='ltr' id='par_1_46' title="bbox 2160 1731 3738 1809">
     <span class='ocr_line' id='line_1_46' title="bbox 2160 1731 3738 1809; baseline 0.001 -20"><span class='ocrx_word' id='word_1_316' title='bbox 2160 1735 2527 1808; x_wconf 78' lang='grc' dir='ltr'>Ἀστατουσης</span> <span class='ocrx_word' id='word_1_317' title='bbox 2571 1731 2664 1790; x_wconf 78' lang='grc' dir='ltr'>οὖν</span> <span class='ocrx_word' id='word_1_318' title='bbox 2705 1735 2784 1806; x_wconf 79' lang='grc' dir='ltr'>τῷ</span> <span class='ocrx_word' id='word_1_319' title='bbox 2828 1735 3055 1807; x_wconf 79' lang='grc' dir='ltr'><strong>τοιούτῳ</strong></span> <span class='ocrx_word' id='word_1_320' title='bbox 3101 1735 3333 1791; x_wconf 80' lang='grc' dir='ltr'><strong>κλύδωνι</strong></span> <span class='ocrx_word' id='word_1_321' title='bbox 3378 1738 3476 1808; x_wconf 83' lang='grc' dir='ltr'>τῆς</span> <span class='ocrx_word' id='word_1_322' title='bbox 3521 1737 3738 1809; x_wconf 73' lang='grc' dir='ltr'>ψυχῆς,</span> 
     </span>
    </p>
   </div>
   <div class='ocr_carea' id='block_1_47' title="bbox 2149 1825 3740 1900">
    <p class='ocr_par' dir='ltr' id='par_1_47' title="bbox 2149 1825 3740 1900">
     <span class='ocr_line' id='line_1_47' title="bbox 2149 1825 3740 1900; baseline 0.002 -18"><span class='ocrx_word' id='word_1_323' title='bbox 2149 1828 2266 1893; x_wconf 84' lang='grc' dir='ltr'><strong>πῶς</strong></span> <span class='ocrx_word' id='word_1_324' title='bbox 2293 1827 2406 1882; x_wconf 83' lang='grc' dir='ltr'><strong>ἔστι</strong></span> <span class='ocrx_word' id='word_1_325' title='bbox 2433 1831 2770 1900; x_wconf 78' lang='grc' dir='ltr'><strong>προαγαγεῖν</strong></span> <span class='ocrx_word' id='word_1_326' title='bbox 2801 1829 2890 1882; x_wconf 74' lang='grc' dir='ltr'><strong>ἐπ’</strong></span> <span class='ocrx_word' id='word_1_327' title='bbox 2921 1827 3138 1892; x_wconf 81' lang='grc' dir='ltr'>εὐθείας</span> <span class='ocrx_word' id='word_1_328' title='bbox 3170 1828 3259 1882; x_wconf 78' lang='grc' dir='ltr'><strong>τὸν</strong></span> <span class='ocrx_word' id='word_1_329' title='bbox 3285 1829 3460 1898; x_wconf 86' lang='grc' dir='ltr'>λόγον,</span> <span class='ocrx_word' id='word_1_330' title='bbox 3491 1825 3603 1884; x_wconf 78' lang='grc' dir='ltr'><strong>οἶόν</strong></span> <span class='ocrx_word' id='word_1_331' title='bbox 3631 1848 3740 1886; x_wconf 88' lang='grc' dir='ltr'><strong>τινι</strong></span> 
     </span>
    </p>
   </div>
   <div class='ocr_carea' id='block_1_48' title="bbox 2148 1919 3737 1994">
    <p class='ocr_par' dir='ltr' id='par_1_48' title="bbox 2148 1919 3737 1994">
     <span class='ocr_line' id='line_1_48' title="bbox 2148 1919 3737 1994; baseline 0 -19"><span class='ocrx_word' id='word_1_332' title='bbox 2148 1920 2424 1990; x_wconf 83' lang='grc' dir='ltr'>καταιγίδι</span> <span class='ocrx_word' id='word_1_333' title='bbox 2489 1919 2567 1992; x_wconf 82' lang='grc' dir='ltr'>τῷ</span> <span class='ocrx_word' id='word_1_334' title='bbox 2620 1920 2782 1976; x_wconf 84' lang='grc' dir='ltr'>πάθει</span> <span class='ocrx_word' id='word_1_335' title='bbox 2849 1920 2949 1992; x_wconf 83' lang='grc' dir='ltr'><strong>τῆς</strong></span> <span class='ocrx_word' id='word_1_336' title='bbox 2997 1919 3174 1992; x_wconf 81' lang='grc' dir='ltr'>λύπης</span> <span class='ocrx_word' id='word_1_337' title='bbox 3239 1921 3737 1994; x_wconf 73' lang='grc' dir='ltr'>ὲγχειμαζόμενονς</span> 
     </span>
    </p>
   </div>
   <div class='ocr_carea' id='block_1_49' title="bbox 2162 2009 3741 2085">
    <p class='ocr_par' dir='ltr' id='par_1_49' title="bbox 2162 2009 3741 2085">
     <span class='ocr_line' id='line_1_49' title="bbox 2162 2009 3741 2085; baseline 0.003 -21"><span class='ocrx_word' id='word_1_338' title='bbox 2162 2012 2302 2065; x_wconf 82' lang='grc' dir='ltr'><strong>Ἀλλ’</strong></span> <span class='ocrx_word' id='word_1_339' title='bbox 2337 2011 2524 2083; x_wconf 74' lang='grc' dir='ltr'>ἐπειδὴ</span> <span class='ocrx_word' id='word_1_340' title='bbox 2545 2013 2651 2085; x_wconf 81' lang='grc' dir='ltr'><strong>χρὴ</strong></span> <span class='ocrx_word' id='word_1_341' title='bbox 2681 2011 2958 2066; x_wconf 84' lang='grc' dir='ltr'>κελεύοντι</span> <span class='ocrx_word' id='word_1_342' title='bbox 2983 2011 3289 2075; x_wconf 85' lang='grc' dir='ltr'>πείθεσθαι,</span> <span class='ocrx_word' id='word_1_343' title='bbox 3315 2013 3416 2066; x_wconf 81' lang='grc' dir='ltr'>οὐκ</span> <span class='ocrx_word' id='word_1_344' title='bbox 3443 2009 3561 2068; x_wconf 83' lang='grc' dir='ltr'>οἶδα</span> <span class='ocrx_word' id='word_1_345' title='bbox 3590 2015 3741 2079; x_wconf 82' lang='grc' dir='ltr'>ὅπως</span> 
     </span>
    </p>
   </div>
   <div class='ocr_carea' id='block_1_50' title="bbox 2148 2102 3738 2178">
    <p class='ocr_par' dir='ltr' id='par_1_50' title="bbox 2148 2102 3738 2178">
     <span class='ocr_line' id='line_1_50' title="bbox 2148 2102 3738 2178; baseline 0.003 -22"><span class='ocrx_word' id='word_1_346' title='bbox 2148 2102 2224 2175; x_wconf 79' lang='grc' dir='ltr'><strong>τῷ</strong></span> <span class='ocrx_word' id='word_1_347' title='bbox 2250 2104 2393 2176; x_wconf 86' lang='grc' dir='ltr'>λόγῳ</span> <span class='ocrx_word' id='word_1_348' title='bbox 2421 2105 2719 2177; x_wconf 76' lang='grc' dir='ltr'><strong>χρήσομαι.</strong></span> <span class='ocrx_word' id='word_1_349' title='bbox 2751 2105 2825 2157; x_wconf 79' lang='grc' dir='ltr'><strong>Οὐ</strong></span> <span class='ocrx_word' id='word_1_350' title='bbox 2851 2105 2959 2177; x_wconf 84' lang='grc' dir='ltr'><strong>γὰρ</strong></span> <span class='ocrx_word' id='word_1_351' title='bbox 2988 2105 3230 2176; x_wconf 76' lang='grc' dir='ltr'><strong>εὑρίσκω</strong></span> <span class='ocrx_word' id='word_1_352' title='bbox 3257 2106 3354 2178; x_wconf 84' lang='grc' dir='ltr'>τῆς</span> <span class='ocrx_word' id='word_1_353' title='bbox 3380 2106 3620 2170; x_wconf 79' lang='grc' dir='ltr'><strong>διανοίας</strong></span> <span class='ocrx_word' id='word_1_354' title='bbox 3645 2107 3738 2161; x_wconf 81' lang='grc' dir='ltr'><strong>τοῦ</strong></span> 
     </span>
    </p>
   </div>
   <div class='ocr_carea' id='block_1_51' title="bbox 2150 2197 3742 2269">
    <p class='ocr_par' dir='ltr' id='par_1_51' title="bbox 2150 2197 3742 2269">
     <span class='ocr_line' id='line_1_51' title="bbox 2150 2197 3742 2269; baseline 0.001 -17"><span class='ocrx_word' id='word_1_355' title='bbox 2150 2197 2468 2252; x_wconf 65' lang='grc' dir='ltr'><strong>διδασκάλου</strong></span> <span class='ocrx_word' id='word_1_356' title='bbox 2505 2197 3040 2268; x_wconf 73' lang='grc' dir='ltr'>καταποχάσασθαι.</span> <span class='ocrx_word' id='word_1_357' title='bbox 3097 2199 3169 2250; x_wconf 82' lang='grc' dir='ltr'><em>Ἢ</em></span> <span class='ocrx_word' id='word_1_358' title='bbox 3198 2197 3341 2269; x_wconf 77' lang='grc' dir='ltr'>τάχα</span> <span class='ocrx_word' id='word_1_359' title='bbox 3387 2197 3638 2268; x_wconf 67' lang='grc' dir='ltr'>βούλεταί</span> <span class='ocrx_word' id='word_1_360' title='bbox 3685 2216 3742 2253; x_wconf 83' lang='grc' dir='ltr'><strong>τι</strong></span> 
     </span>
    </p>
   </div>
   <div class='ocr_carea' id='block_1_52' title="bbox 2152 2289 3742 2362">
    <p class='ocr_par' dir='ltr' id='par_1_52' title="bbox 2152 2289 3742 2362">
     <span class='ocr_line' id='line_1_52' title="bbox 2152 2289 3742 2362; baseline 0.001 -19"><span class='ocrx_word' id='word_1_361' title='bbox 2152 2290 2246 2343; x_wconf 70' lang='grc' dir='ltr'><strong>καὶ</strong></span> <span class='ocrx_word' id='word_1_362' title='bbox 2285 2289 2362 2360; x_wconf 79' lang='grc' dir='ltr'>τῷ</span> <span class='ocrx_word' id='word_1_363' title='bbox 2407 2289 2569 2343; x_wconf 82' lang='grc' dir='ltr'>πάθει</span> <span class='ocrx_word' id='word_1_364' title='bbox 2617 2289 2986 2360; x_wconf 84' lang='grc' dir='ltr'><strong>χαρίσασθαι,</strong></span> <span class='ocrx_word' id='word_1_365' title='bbox 3031 2290 3125 2343; x_wconf 70' lang='grc' dir='ltr'><strong>καὶ</strong></span> <span class='ocrx_word' id='word_1_366' title='bbox 3163 2292 3276 2354; x_wconf 86' lang='grc' dir='ltr'>τοῖς</span> <span class='ocrx_word' id='word_1_367' title='bbox 3309 2289 3742 2362; x_wconf 78' lang='grc' dir='ltr'>ἐμπαθεστέροις</span> 
     </span>
    </p>
   </div>
   <div class='ocr_carea' id='block_1_53' title="bbox 2151 2380 3742 2453">
    <p class='ocr_par' dir='ltr' id='par_1_53' title="bbox 2151 2380 3742 2453">
     <span class='ocr_line' id='line_1_53' title="bbox 2151 2380 3742 2453; baseline 0.001 -19"><span class='ocrx_word' id='word_1_368' title='bbox 2151 2380 2260 2434; x_wconf 83' lang='grc' dir='ltr'><strong>τῶν</strong></span> <span class='ocrx_word' id='word_1_369' title='bbox 2289 2381 2466 2450; x_wconf 84' lang='grc' dir='ltr'>λόγων</span> <span class='ocrx_word' id='word_1_370' title='bbox 2493 2381 2823 2452; x_wconf 77' lang='grc' dir='ltr'><strong>ἀνακινῆσαι</strong></span> <span class='ocrx_word' id='word_1_371' title='bbox 2848 2385 2914 2452; x_wconf 83' lang='grc' dir='ltr'><strong>τῇ</strong></span> <span class='ocrx_word' id='word_1_372' title='bbox 2943 2381 3210 2453; x_wconf 72' lang='grc' dir='ltr'>ἐκκλησίᾳ</span> <span class='ocrx_word' id='word_1_373' title='bbox 3237 2381 3299 2434; x_wconf 81' lang='grc' dir='ltr'><strong>τὸ</strong></span> <span class='ocrx_word' id='word_1_374' title='bbox 3326 2382 3595 2452; x_wconf 78' lang='grc' dir='ltr'><strong>δάκρυονς</strong></span> <span class='ocrx_word' id='word_1_375' title='bbox 3632 2385 3742 2436; x_wconf 68' lang='grc' dir='ltr'><strong>Καὶ</strong></span> 
     </span>
    </p>
   </div>
   <div class='ocr_carea' id='block_1_54' title="bbox 2154 2472 3740 2547">
    <p class='ocr_par' dir='ltr' id='par_1_54' title="bbox 2154 2472 3740 2547">
     <span class='ocr_line' id='line_1_54' title="bbox 2154 2472 3740 2547; baseline 0.002 -22"><span class='ocrx_word' id='word_1_376' title='bbox 2154 2474 2203 2526; x_wconf 82' lang='grc' dir='ltr'><strong>εί</strong></span> <span class='ocrx_word' id='word_1_377' title='bbox 2230 2472 2403 2526; x_wconf 81' lang='grc' dir='ltr'><strong>ταῦτα</strong></span> <span class='ocrx_word' id='word_1_378' title='bbox 2426 2473 2740 2537; x_wconf 80' lang='grc' dir='ltr'><strong>διανοεῖται,</strong></span> <span class='ocrx_word' id='word_1_379' title='bbox 2769 2473 2968 2546; x_wconf 82' lang='grc' dir='ltr'>ὀρθῶς,</span> <span class='ocrx_word' id='word_1_380' title='bbox 2995 2475 3138 2528; x_wconf 89' lang='grc' dir='ltr'><strong>κατὰ</strong></span> <span class='ocrx_word' id='word_1_381' title='bbox 3161 2491 3223 2542; x_wconf 91' lang='grc' dir='ltr'><strong>γε</strong></span> <span class='ocrx_word' id='word_1_382' title='bbox 3245 2475 3346 2546; x_wconf 77' lang='grc' dir='ltr'><strong>τὴν</strong></span> <span class='ocrx_word' id='word_1_383' title='bbox 3368 2475 3507 2546; x_wconf 81' lang='grc' dir='ltr'><strong>ἐμὴν</strong></span> <span class='ocrx_word' id='word_1_384' title='bbox 3535 2475 3740 2547; x_wconf 83' lang='grc' dir='ltr'><strong>κρίσιν,</strong></span> 
     </span>
    </p>
   </div>
   <div class='ocr_carea' id='block_1_55' title="bbox 2157 2563 3745 2638">
    <p class='ocr_par' dir='ltr' id='par_1_55' title="bbox 2157 2563 3745 2638">
     <span class='ocr_line' id='line_1_55' title="bbox 2157 2563 3745 2638; baseline 0.002 -20"><span class='ocrx_word' id='word_1_385' title='bbox 2157 2563 2423 2618; x_wconf 75' lang='grc' dir='ltr'>καὶτοῦτο</span> <span class='ocrx_word' id='word_1_386' title='bbox 2446 2568 2608 2618; x_wconf 78' lang='grc' dir='ltr'>ποιεῖ’</span> <span class='ocrx_word' id='word_1_387' title='bbox 2625 2565 2710 2618; x_wconf 86' lang='grc' dir='ltr'>δεῖ</span> <span class='ocrx_word' id='word_1_388' title='bbox 2727 2565 2836 2637; x_wconf 85' lang='grc' dir='ltr'><strong>γὰρ</strong></span> <span class='ocrx_word' id='word_1_389' title='bbox 2857 2566 3094 2632; x_wconf 79' lang='grc' dir='ltr'>πάντως,</span> <span class='ocrx_word' id='word_1_390' title='bbox 3119 2565 3312 2635; x_wconf 83' lang='grc' dir='ltr'>ὥσπερ</span> <span class='ocrx_word' id='word_1_391' title='bbox 3330 2567 3427 2638; x_wconf 79' lang='grc' dir='ltr'>την</span> <span class='ocrx_word' id='word_1_392' title='bbox 3444 2568 3745 2621; x_wconf 81' lang='grc' dir='ltr'><strong>ἀπόλαυσιν</strong></span> 
     </span>
    </p>
   </div>
   <div class='ocr_carea' id='block_1_56' title="bbox 2153 2653 3741 2729">
    <p class='ocr_par' dir='ltr' id='par_1_56' title="bbox 2153 2653 3741 2729">
     <span class='ocr_line' id='line_1_56' title="bbox 2153 2653 3741 2729; baseline 0.003 -23"><span class='ocrx_word' id='word_1_393' title='bbox 2153 2653 2262 2707; x_wconf 83' lang='grc' dir='ltr'><strong>τῶν</strong></span> <span class='ocrx_word' id='word_1_394' title='bbox 2295 2653 2512 2722; x_wconf 80' lang='grc' dir='ltr'>ἀγαθῶν</span> <span class='ocrx_word' id='word_1_395' title='bbox 2552 2653 2980 2726; x_wconf 78' lang='grc' dir='ltr'>προθυμούμεθα</span> <span class='ocrx_word' id='word_1_396' title='bbox 3004 2694 3020 2719; x_wconf 83' lang='grc'><em>,</em></span> <span class='ocrx_word' id='word_1_397' title='bbox 3072 2655 3215 2709; x_wconf 75' lang='grc' dir='ltr'>οὕτω</span> <span class='ocrx_word' id='word_1_398' title='bbox 3256 2658 3352 2711; x_wconf 72' lang='grc' dir='ltr'><strong>καὶ</strong></span> <span class='ocrx_word' id='word_1_399' title='bbox 3383 2658 3522 2729; x_wconf 76' lang='grc' dir='ltr'>πρὸς</span> <span class='ocrx_word' id='word_1_400' title='bbox 3552 2658 3618 2712; x_wconf 78' lang='grc' dir='ltr'><strong>τὰ</strong></span> <span class='ocrx_word' id='word_1_401' title='bbox 3645 2658 3741 2711; x_wconf 83' lang='grc' dir='ltr'><strong>λυ-</strong></span> 
     </span>
    </p>
   </div>
   <div class='ocr_carea' id='block_1_57' title="bbox 2156 2743 3744 2820">
    <p class='ocr_par' dir='ltr' id='par_1_57' title="bbox 2156 2743 3744 2820">
     <span class='ocr_line' id='line_1_57' title="bbox 2156 2743 3744 2820; baseline 0.002 -22"><span class='ocrx_word' id='word_1_402' title='bbox 2156 2743 2306 2816; x_wconf 81' lang='grc' dir='ltr'>πηρά</span> <span class='ocrx_word' id='word_1_403' title='bbox 2343 2744 2450 2799; x_wconf 85' lang='grc' dir='ltr'><strong>τῶν</strong></span> <span class='ocrx_word' id='word_1_404' title='bbox 2495 2746 2917 2816; x_wconf 84' lang='grc' dir='ltr'><strong>συμπιπτόντων</strong></span> <span class='ocrx_word' id='word_1_405' title='bbox 2953 2746 3183 2810; x_wconf 74' lang='grc' dir='ltr'>ὀἰκείως</span> <span class='ocrx_word' id='word_1_406' title='bbox 3219 2746 3384 2817; x_wconf 81' lang='grc' dir='ltr'><strong>ἔχειν.</strong></span> <span class='ocrx_word' id='word_1_407' title='bbox 3433 2748 3605 2803; x_wconf 79' lang='grc' dir='ltr'>Τοῦτο</span> <span class='ocrx_word' id='word_1_408' title='bbox 3633 2749 3744 2820; x_wconf 65' lang='grc' dir='ltr'><strong>γὰρ</strong></span> 
     </span>
    </p>
   </div>
   <div class='ocr_carea' id='block_1_58' title="bbox 2156 2836 3741 2914">
    <p class='ocr_par' dir='ltr' id='par_1_58' title="bbox 2156 2836 3741 2914">
     <span class='ocr_line' id='line_1_58' title="bbox 2156 2836 3741 2914; baseline 0.004 -26"><span class='ocrx_word' id='word_1_409' title='bbox 2156 2836 2250 2890; x_wconf 76' lang='grc' dir='ltr'><strong>καὶ</strong></span> <span class='ocrx_word' id='word_1_410' title='bbox 2277 2837 2306 2888; x_wconf 80' lang='grc' dir='ltr'><strong><em>ὁ</em></strong></span> <span class='ocrx_word' id='word_1_411' title='bbox 2370 2836 2803 2908; x_wconf 81' lang='grc' dir='ltr'>Ἐκκλησιαστὴς</span> <span class='ocrx_word' id='word_1_412' title='bbox 2849 2839 3229 2910; x_wconf 75' lang='grc' dir='ltr'>συμϐουλεύει.</span> <span class='ocrx_word' id='word_1_413' title='bbox 3275 2842 3528 2910; x_wconf 76' lang='grc' dir='ltr'>Κιιιρύς,</span> <span class='ocrx_word' id='word_1_414' title='bbox 3574 2844 3741 2914; x_wconf 73' lang='grc' dir='ltr'>φησὶ,</span> 
     </span>
    </p>
   </div>
   <div class='ocr_carea' id='block_1_59' title="bbox 2155 2927 3388 2999">
    <p class='ocr_par' dir='ltr' id='par_1_59' title="bbox 2155 2927 3388 2999">
     <span class='ocr_line' id='line_1_59' title="bbox 2155 2927 3388 2999; baseline 0.006 -18"><span class='ocrx_word' id='word_1_415' title='bbox 2155 2927 2263 2982; x_wconf 80' lang='grc' dir='ltr'><strong>τοῦ</strong></span> <span class='ocrx_word' id='word_1_416' title='bbox 2289 2927 2566 2999; x_wconf 72' lang='grc' dir='ltr'>γελάσαι,</span> <span class='ocrx_word' id='word_1_417' title='bbox 2599 2929 2698 2984; x_wconf 78' lang='grc' dir='ltr'><strong>καὶ</strong></span> <span class='ocrx_word' id='word_1_418' title='bbox 2733 2932 2941 2999; x_wconf 80' lang='grc' dir='ltr'>καιρὸς</span> <span class='ocrx_word' id='word_1_419' title='bbox 2972 2931 3077 2986; x_wconf 85' lang='grc' dir='ltr'><strong>τοῦ</strong></span> <span class='ocrx_word' id='word_1_420' title='bbox 3108 2933 3388 2988; x_wconf 78' lang='grc' dir='ltr'><strong>κλαῦσαι.</strong></span> 
     </span>
    </p>
   </div>
   <div class='ocr_carea' id='block_1_60' title="bbox 464 3018 3743 3094">
    <p class='ocr_par' dir='ltr' id='par_1_60' title="bbox 464 3018 3743 3094">
     <span class='ocr_line' id='line_1_60' title="bbox 464 3018 3743 3094; baseline 0.002 -17"><span class='ocrx_word' id='word_1_421' title='bbox 464 3024 592 3077; x_wconf 81' lang='lat' dir='ltr'><strong>facit</strong></span> <span class='ocrx_word' id='word_1_422' title='bbox 633 3042 647 3078; x_wconf 91' lang='lat'><strong>:</strong></span> <span class='ocrx_word' id='word_1_423' title='bbox 689 3028 906 3092; x_wconf 82' lang='lat' dir='ltr'><strong>oportet</strong></span> <span class='ocrx_word' id='word_1_424' title='bbox 937 3019 1086 3075; x_wconf 90' lang='lat' dir='ltr'><strong>enim</strong></span> <span class='ocrx_word' id='word_1_425' title='bbox 1131 3035 1359 3090; x_wconf 87' lang='lat' dir='ltr'><strong>prorsus</strong></span> <span class='ocrx_word' id='word_1_426' title='bbox 1403 3018 1552 3074; x_wconf 85' lang='lat' dir='ltr'><strong>sicut</strong></span> <span class='ocrx_word' id='word_1_427' title='bbox 1616 3019 1886 3074; x_wconf 88' lang='lat' dir='ltr'><strong>oblcctari</strong></span> <span class='ocrx_word' id='word_1_428' title='bbox 1935 3025 2213 3090; x_wconf 73' lang='lat' dir='ltr'><strong>cupimus,</strong></span> <span class='ocrx_word' id='word_1_429' title='bbox 2263 3031 2318 3076; x_wconf 85' lang='lat' dir='ltr'><strong>et</strong></span> <span class='ocrx_word' id='word_1_430' title='bbox 2373 3023 2675 3078; x_wconf 87' lang='lat' dir='ltr'><strong>commodis</strong></span> <span class='ocrx_word' id='word_1_431' title='bbox 2721 3023 2886 3079; x_wconf 85' lang='lat' dir='ltr'><strong>rebus</strong></span> <span class='ocrx_word' id='word_1_432' title='bbox 2934 3022 3171 3080; x_wconf 89' lang='lat' dir='ltr'><strong>fruimur</strong></span> <span class='ocrx_word' id='word_1_433' title='bbox 3241 3027 3494 3094; x_wconf 86' lang='lat' dir='ltr'><strong>libenter,</strong></span> <span class='ocrx_word' id='word_1_434' title='bbox 3555 3029 3628 3084; x_wconf 91' lang='lat' dir='ltr'><strong>ita</strong></span> <span class='ocrx_word' id='word_1_435' title='bbox 3676 3030 3743 3082; x_wconf 37' lang='lat' dir='ltr'><strong>ail</strong></span> 
     </span>
    </p>
   </div>
   <div class='ocr_carea' id='block_1_61' title="bbox 463 3116 3742 3195">
    <p class='ocr_par' dir='ltr' id='par_1_61' title="bbox 463 3116 3742 3195">
     <span class='ocr_line' id='line_1_61' title="bbox 463 3116 3742 3195; baseline 0.001 -22"><span class='ocrx_word' id='word_1_436' title='bbox 463 3120 648 3174; x_wconf 82' lang='lat' dir='ltr'><strong>tristes</strong></span> <span class='ocrx_word' id='word_1_437' title='bbox 679 3126 734 3173; x_wconf 91' lang='lat' dir='ltr'><strong>et</strong></span> <span class='ocrx_word' id='word_1_438' title='bbox 764 3116 992 3172; x_wconf 85' lang='lat' dir='ltr'><strong>acerbos</strong></span> <span class='ocrx_word' id='word_1_439' title='bbox 1031 3131 1250 3186; x_wconf 89' lang='lat' dir='ltr'><strong>quoque</strong></span> <span class='ocrx_word' id='word_1_440' title='bbox 1301 3131 1466 3171; x_wconf 90' lang='lat' dir='ltr'><strong>casus</strong></span> <span class='ocrx_word' id='word_1_441' title='bbox 1522 3131 1626 3171; x_wconf 92' lang='lat' dir='ltr'><strong>nos</strong></span> <span class='ocrx_word' id='word_1_442' title='bbox 1673 3117 2117 3172; x_wconf 86' lang='lat' dir='ltr'><strong>accommodare.</strong></span> <span class='ocrx_word' id='word_1_443' title='bbox 2161 3119 2216 3172; x_wconf 87' lang='lat' dir='ltr'><strong>ld</strong></span> <span class='ocrx_word' id='word_1_444' title='bbox 2247 3119 2391 3174; x_wconf 90' lang='lat' dir='ltr'><strong>enim</strong></span> <span class='ocrx_word' id='word_1_445' title='bbox 2452 3119 2616 3175; x_wconf 87' lang='lat' dir='ltr'><strong>etiam</strong></span> <span class='ocrx_word' id='word_1_446' title='bbox 2662 3120 2904 3176; x_wconf 86' lang='lat' dir='ltr'><strong>consulit</strong></span> <span class='ocrx_word' id='word_1_447' title='bbox 2934 3121 3322 3186; x_wconf 82' lang='lat' dir='ltr'><strong>Ecclesiastes,</strong></span> <span class='ocrx_word' id='word_1_448' title='bbox 3383 3122 3610 3195; x_wconf 83' lang='lat' dir='ltr'><strong>Tempus</strong></span> <span class='ocrx_word' id='word_1_449' title='bbox 3664 3139 3742 3178; x_wconf 79' lang='lat' dir='ltr'><strong>est</strong></span> 
     </span>
    </p>
   </div>
   <div class='ocr_carea' id='block_1_62' title="bbox 465 3207 1698 3281">
    <p class='ocr_par' dir='ltr' id='par_1_62' title="bbox 465 3207 1698 3281">
     <span class='ocr_line' id='line_1_62' title="bbox 465 3207 1698 3281; baseline -0.003 -17"><span class='ocrx_word' id='word_1_450' title='bbox 465 3210 664 3281; x_wconf 87' lang='lat' dir='ltr'><strong>inquit,</strong></span> <span class='ocrx_word' id='word_1_451' title='bbox 701 3207 930 3273; x_wconf 78' lang='lat' dir='ltr'><strong>ridendi,</strong></span> <span class='ocrx_word' id='word_1_452' title='bbox 968 3216 1169 3278; x_wconf 81' lang='lat' dir='ltr'><strong>tempus</strong></span> <span class='ocrx_word' id='word_1_453' title='bbox 1192 3217 1270 3263; x_wconf 84' lang='lat' dir='ltr'><strong>est</strong></span> <span class='ocrx_word' id='word_1_454' title='bbox 1308 3209 1434 3262; x_wconf 82' lang='lat' dir='ltr'><strong>item</strong></span> <span class='ocrx_word' id='word_1_455' title='bbox 1463 3207 1629 3276; x_wconf 82' lang='lat' dir='ltr'><strong>ﬂendi</strong></span> <span class='ocrx_word' id='word_1_456' title='bbox 1653 3207 1698 3260; x_wconf 77' lang='lat'><strong>’.</strong></span> 
     </span>
    </p>
   </div>
   <div class='ocr_carea' id='block_1_63' title="bbox 535 3301 2052 3380">
    <p class='ocr_par' dir='ltr' id='par_1_63' title="bbox 535 3301 2052 3373">
     <span class='ocr_line' id='line_1_63' title="bbox 535 3301 2052 3373; baseline -0.003 -16"><span class='ocrx_word' id='word_1_457' title='bbox 535 3303 638 3359; x_wconf 85' lang='lat' dir='ltr'><strong>Per</strong></span> <span class='ocrx_word' id='word_1_458' title='bbox 672 3303 785 3356; x_wconf 63' lang='lat' dir='ltr'><strong>haec</strong></span> <span class='ocrx_word' id='word_1_459' title='bbox 815 3301 962 3355; x_wconf 88' lang='lat' dir='ltr'><strong>enim</strong></span> <span class='ocrx_word' id='word_1_460' title='bbox 994 3301 1289 3366; x_wconf 80' lang='lat' dir='ltr'><strong>discimus,</strong></span> <span class='ocrx_word' id='word_1_461' title='bbox 1346 3303 1493 3373; x_wconf 84' lang='lat' dir='ltr'><strong>quod</strong></span> <span class='ocrx_word' id='word_1_462' title='bbox 1531 3301 1597 3356; x_wconf 88' lang='lat' dir='ltr'><strong>ad</strong></span> <span class='ocrx_word' id='word_1_463' title='bbox 1635 3317 1749 3356; x_wconf 91' lang='lat' dir='ltr'><strong>rem</strong></span> <span class='ocrx_word' id='word_1_464' title='bbox 1815 3316 2052 3372; x_wconf 59' lang='lat' dir='ltr'><strong>prasen-</strong></span> 
     </span>
    </p>
   </div>
   <div class='ocr_carea' id='block_1_64' title="bbox 2155 3301 3744 3380">
    <p class='ocr_par' dir='ltr' id='par_1_64' title="bbox 2233 3301 3744 3380">
     <span class='ocr_line' id='line_1_64' title="bbox 2233 3301 3744 3380; baseline 0.005 -24"><span class='ocrx_word' id='word_1_465' title='bbox 2233 3301 2593 3372; x_wconf 80' lang='grc' dir='ltr'><strong>Μανθάνομεν</strong></span> <span class='ocrx_word' id='word_1_466' title='bbox 2628 3301 2737 3375; x_wconf 82' lang='grc' dir='ltr'>γὰρ</span> <span class='ocrx_word' id='word_1_467' title='bbox 2769 3301 2856 3356; x_wconf 78' lang='grc' dir='ltr'>διὰ</span> <span class='ocrx_word' id='word_1_468' title='bbox 2892 3301 3118 3368; x_wconf 76' lang='grc' dir='ltr'><strong>τούτων,</strong></span> <span class='ocrx_word' id='word_1_469' title='bbox 3152 3303 3235 3357; x_wconf 72' lang='grc' dir='ltr'><strong>ὅτι</strong></span> <span class='ocrx_word' id='word_1_470' title='bbox 3276 3305 3358 3358; x_wconf 77' lang='grc' dir='ltr'><strong>δεῖ</strong></span> <span class='ocrx_word' id='word_1_471' title='bbox 3393 3307 3744 3380; x_wconf 79' lang='grc' dir='ltr'>καταλλήλιος</span> 
     </span>
    </p>
   </div>
   <div class='ocr_carea' id='block_1_65' title="bbox 466 3392 2058 3466">
    <p class='ocr_par' dir='ltr' id='par_1_65' title="bbox 466 3392 2058 3466">
     <span class='ocr_line' id='line_1_65' title="bbox 466 3392 2058 3466; baseline -0.002 -16"><span class='ocrx_word' id='word_1_472' title='bbox 466 3406 575 3451; x_wconf 89' lang='lat' dir='ltr'><strong>tem</strong></span> <span class='ocrx_word' id='word_1_473' title='bbox 619 3400 870 3466; x_wconf 89' lang='lat' dir='ltr'><strong>oporteat</strong></span> <span class='ocrx_word' id='word_1_474' title='bbox 911 3393 1082 3448; x_wconf 90' lang='lat' dir='ltr'><strong>etiam</strong></span> <span class='ocrx_word' id='word_1_475' title='bbox 1135 3395 1380 3448; x_wconf 89' lang='lat' dir='ltr'><strong>animum</strong></span> <span class='ocrx_word' id='word_1_476' title='bbox 1436 3395 1874 3448; x_wconf 87' lang='lat' dir='ltr'><strong>accommodare.</strong></span> <span class='ocrx_word' id='word_1_477' title='bbox 1923 3392 2058 3447; x_wconf 85' lang='lat' dir='ltr'><strong>Pro-</strong></span> 
     </span>
    </p>
   </div>
   <div class='ocr_carea' id='block_1_66' title="bbox 465 3487 2058 3560">
    <p class='ocr_par' dir='ltr' id='par_1_66' title="bbox 465 3487 2058 3560">
     <span class='ocr_line' id='line_1_66' title="bbox 465 3487 2058 3560; baseline -0.001 -17"><span class='ocrx_word' id='word_1_478' title='bbox 465 3505 625 3560; x_wconf 72' lang='lat' dir='ltr'><strong>spere</strong></span> <span class='ocrx_word' id='word_1_479' title='bbox 653 3503 741 3544; x_wconf 88' lang='lat' dir='ltr'><strong>res</strong></span> <span class='ocrx_word' id='word_1_480' title='bbox 770 3487 1080 3542; x_wconf 90' lang='lat' dir='ltr'><strong>succedunt</strong></span> <span class='ocrx_word' id='word_1_481' title='bbox 1107 3530 1122 3555; x_wconf 93' lang='lat'><strong>,</strong></span> <span class='ocrx_word' id='word_1_482' title='bbox 1151 3487 1541 3558; x_wconf 74' lang='lat' dir='ltr'><strong>tempestivum</strong></span> <span class='ocrx_word' id='word_1_483' title='bbox 1571 3496 1656 3542; x_wconf 89' lang='lat' dir='ltr'><strong>est</strong></span> <span class='ocrx_word' id='word_1_484' title='bbox 1688 3489 1859 3542; x_wconf 67' lang='lat' dir='ltr'><strong>lactari</strong></span> <span class='ocrx_word' id='word_1_485' title='bbox 1910 3504 1924 3540; x_wconf 91' lang='lat'><strong>:</strong></span> <span class='ocrx_word' id='word_1_486' title='bbox 1972 3504 2058 3542; x_wconf 85' lang='lat' dir='ltr'><strong>re-</strong></span> 
     </span>
    </p>
   </div>
   <div class='ocr_carea' id='block_1_67' title="bbox 465 3577 2060 3645">
    <p class='ocr_par' dir='ltr' id='par_1_67' title="bbox 465 3577 2060 3645">
     <span class='ocr_line' id='line_1_67' title="bbox 465 3577 2060 3645; baseline -0.002 -10"><span class='ocrx_word' id='word_1_487' title='bbox 465 3583 627 3636; x_wconf 86' lang='lat' dir='ltr'><strong>dacta</strong></span> <span class='ocrx_word' id='word_1_488' title='bbox 662 3587 747 3635; x_wconf 90' lang='lat' dir='ltr'><strong>est</strong></span> <span class='ocrx_word' id='word_1_489' title='bbox 791 3578 1053 3633; x_wconf 89' lang='lat' dir='ltr'><strong>alacritas</strong></span> <span class='ocrx_word' id='word_1_490' title='bbox 1106 3578 1277 3632; x_wconf 86' lang='lat' dir='ltr'><strong>animi</strong></span> <span class='ocrx_word' id='word_1_491' title='bbox 1336 3577 1404 3632; x_wconf 84' lang='lat' dir='ltr'><strong>ad</strong></span> <span class='ocrx_word' id='word_1_492' title='bbox 1452 3577 1877 3645; x_wconf 76' lang='lat' dir='ltr'><strong>demissionem;</strong></span> <span class='ocrx_word' id='word_1_493' title='bbox 1927 3594 2060 3642; x_wconf 81' lang='lat' dir='ltr'><strong>con-</strong></span> 
     </span>
    </p>
   </div>
   <div class='ocr_carea' id='block_1_68' title="bbox 467 3670 2054 3741">
    <p class='ocr_par' dir='ltr' id='par_1_68' title="bbox 467 3670 2054 3741">
     <span class='ocr_line' id='line_1_68' title="bbox 467 3670 2054 3741; baseline -0.003 -14"><span class='ocrx_word' id='word_1_494' title='bbox 467 3673 604 3727; x_wconf 77' lang='lat' dir='ltr'><strong>verti</strong></span> <span class='ocrx_word' id='word_1_495' title='bbox 628 3673 792 3728; x_wconf 87' lang='lat' dir='ltr'><strong>etiam</strong></span> <span class='ocrx_word' id='word_1_496' title='bbox 825 3672 1082 3726; x_wconf 83' lang='lat' dir='ltr'><strong>convenit</strong></span> <span class='ocrx_word' id='word_1_497' title='bbox 1142 3670 1386 3724; x_wconf 83' lang='lat' dir='ltr'><strong>laetitiam</strong></span> <span class='ocrx_word' id='word_1_498' title='bbox 1425 3670 1480 3724; x_wconf 94' lang='lat' dir='ltr'><strong>in</strong></span> <span class='ocrx_word' id='word_1_499' title='bbox 1535 3670 1828 3741; x_wconf 83' lang='lat' dir='ltr'><strong>lacrymas.</strong></span> <span class='ocrx_word' id='word_1_500' title='bbox 1853 3670 2054 3737; x_wconf 79' lang='lat' dir='ltr'><strong>Quem-</strong></span> 
     </span>
    </p>
   </div>
   <div class='ocr_carea' id='block_1_69' title="bbox 469 3760 2059 3832">
    <p class='ocr_par' dir='ltr' id='par_1_69' title="bbox 469 3760 2059 3832">
     <span class='ocr_line' id='line_1_69' title="bbox 469 3760 2059 3832; baseline 0 -14"><span class='ocrx_word' id='word_1_501' title='bbox 469 3763 758 3820; x_wconf 86' lang='lat' dir='ltr'><strong>admodum</strong></span> <span class='ocrx_word' id='word_1_502' title='bbox 807 3763 950 3818; x_wconf 91' lang='lat' dir='ltr'><strong>cnim</strong></span> <span class='ocrx_word' id='word_1_503' title='bbox 995 3764 1144 3817; x_wconf 89' lang='lat' dir='ltr'><strong>risus</strong></span> <span class='ocrx_word' id='word_1_504' title='bbox 1195 3762 1412 3832; x_wconf 80' lang='lat' dir='ltr'><strong>signum</strong></span> <span class='ocrx_word' id='word_1_505' title='bbox 1478 3760 1534 3815; x_wconf 92' lang='lat' dir='ltr'><strong>in</strong></span> <span class='ocrx_word' id='word_1_506' title='bbox 1593 3762 1776 3815; x_wconf 83' lang='lat' dir='ltr'><strong>animo</strong></span> <span class='ocrx_word' id='word_1_507' title='bbox 1837 3762 2059 3818; x_wconf 87' lang='lat' dir='ltr'><strong>latentis</strong></span> 
     </span>
    </p>
   </div>
   <div class='ocr_carea' id='block_1_70' title="bbox 469 3851 2061 3910">
    <p class='ocr_par' dir='ltr' id='par_1_70' title="bbox 469 3851 2061 3910">
     <span class='ocr_line' id='line_1_70' title="bbox 469 3851 2061 3910; baseline -0.001 0"><span class='ocrx_word' id='word_1_508' title='bbox 469 3855 769 3910; x_wconf 88' lang='lat' dir='ltr'><strong>alacritatis</strong></span> <span class='ocrx_word' id='word_1_509' title='bbox 828 3863 914 3909; x_wconf 87' lang='lat' dir='ltr'><strong>est</strong></span> <span class='ocrx_word' id='word_1_510' title='bbox 957 3872 969 3908; x_wconf 90' lang='lat'>:</span> <span class='ocrx_word' id='word_1_511' title='bbox 1011 3854 1086 3907; x_wconf 87' lang='lat' dir='ltr'><strong>ita</strong></span> <span class='ocrx_word' id='word_1_512' title='bbox 1131 3853 1296 3907; x_wconf 90' lang='lat' dir='ltr'><strong>etiam</strong></span> <span class='ocrx_word' id='word_1_513' title='bbox 1343 3851 1501 3906; x_wconf 89' lang='lat' dir='ltr'><strong>dolor</strong></span> <span class='ocrx_word' id='word_1_514' title='bbox 1548 3853 1604 3906; x_wconf 87' lang='lat' dir='ltr'><strong>in</strong></span> <span class='ocrx_word' id='word_1_515' title='bbox 1653 3853 1823 3908; x_wconf 88' lang='lat' dir='ltr'><strong>corde</strong></span> <span class='ocrx_word' id='word_1_516' title='bbox 1873 3853 2061 3908; x_wconf 90' lang='lat' dir='ltr'><strong>delite-</strong></span> 
     </span>
    </p>
   </div>
   <div class='ocr_carea' id='block_1_71' title="bbox 471 3943 2058 4016">
    <p class='ocr_par' dir='ltr' id='par_1_71' title="bbox 471 3943 2058 4016">
     <span class='ocr_line' id='line_1_71' title="bbox 471 3943 2058 4016; baseline -0.002 -15"><span class='ocrx_word' id='word_1_517' title='bbox 471 3962 632 4001; x_wconf 84' lang='lat' dir='ltr'><strong>scens</strong></span> <span class='ocrx_word' id='word_1_518' title='bbox 670 3961 768 4016; x_wconf 94' lang='lat' dir='ltr'><strong>per</strong></span> <span class='ocrx_word' id='word_1_519' title='bbox 815 3944 974 4000; x_wconf 80' lang='lat' dir='ltr'><strong>fletus</strong></span> <span class='ocrx_word' id='word_1_520' title='bbox 1012 3953 1068 3999; x_wconf 91' lang='lat' dir='ltr'><strong>et.</strong></span> <span class='ocrx_word' id='word_1_521' title='bbox 1118 3943 1552 4008; x_wconf 60' lang='lat' dir='ltr'><strong>lamentationesj</strong></span> <span class='ocrx_word' id='word_1_522' title='bbox 1575 3943 1915 4014; x_wconf 77' lang='lat' dir='ltr'><strong>significatur</strong></span> <span class='ocrx_word' id='word_1_523' title='bbox 1949 3962 1963 4000; x_wconf 89' lang='lat'><strong>:</strong></span> <span class='ocrx_word' id='word_1_524' title='bbox 1994 3959 2058 3998; x_wconf 84' lang='lat' dir='ltr'><strong>ac</strong></span> 
     </span>
    </p>
   </div>
   <div class='ocr_carea' id='block_1_72' title="bbox 471 4035 2055 4107">
    <p class='ocr_par' dir='ltr' id='par_1_72' title="bbox 471 4035 2055 4107">
     <span class='ocr_line' id='line_1_72' title="bbox 471 4035 2055 4107; baseline -0.002 -15"><span class='ocrx_word' id='word_1_525' title='bbox 471 4041 756 4094; x_wconf 72' lang='lat' dir='ltr'><strong>vulnerum</strong></span> <span class='ocrx_word' id='word_1_526' title='bbox 811 4037 979 4092; x_wconf 82' lang='lat' dir='ltr'><strong>animi</strong></span> <span class='ocrx_word' id='word_1_527' title='bbox 1021 4045 1283 4105; x_wconf 91' lang='lat' dir='ltr'><strong>tanquam</strong></span> <span class='ocrx_word' id='word_1_528' title='bbox 1343 4036 1571 4107; x_wconf 74' lang='lat' dir='ltr'><strong>sanguis</strong></span> <span class='ocrx_word' id='word_1_529' title='bbox 1627 4035 1881 4107; x_wconf 72' lang='lat' dir='ltr'><strong>lacrymae</strong></span> <span class='ocrx_word' id='word_1_530' title='bbox 1909 4048 2055 4091; x_wconf 73' lang='lat' dir='ltr'><strong>sunt.</strong></span> 
     </span>
    </p>
   </div>
   <div class='ocr_carea' id='block_1_73' title="bbox 473 4122 2059 4183">
    <p class='ocr_par' dir='ltr' id='par_1_73' title="bbox 473 4122 2059 4183">
     <span class='ocr_line' id='line_1_73' title="bbox 473 4122 2059 4183; baseline -0.002 0"><span class='ocrx_word' id='word_1_531' title='bbox 473 4126 530 4183; x_wconf 85' lang='lat' dir='ltr'><strong>ld</strong></span> <span class='ocrx_word' id='word_1_532' title='bbox 568 4127 730 4180; x_wconf 80' lang='lat' dir='ltr'><strong>etiam</strong></span> <span class='ocrx_word' id='word_1_533' title='bbox 760 4122 1117 4179; x_wconf 84' lang='lat' dir='ltr'><strong>Proverbium</strong></span> <span class='ocrx_word' id='word_1_534' title='bbox 1152 4123 1468 4180; x_wconf 87' lang='lat' dir='ltr'><strong>Salomonis</strong></span> <span class='ocrx_word' id='word_1_535' title='bbox 1496 4125 1573 4178; x_wconf 92' lang='lat' dir='ltr'><strong>ait</strong></span> <span class='ocrx_word' id='word_1_536' title='bbox 1609 4125 1836 4180; x_wconf 86' lang='lat' dir='ltr'><strong>:Cordis</strong></span> <span class='ocrx_word' id='word_1_537' title='bbox 1871 4127 2059 4181; x_wconf 70' lang='lat' dir='ltr'><strong>latas:-</strong></span> 
     </span>
    </p>
   </div>
   <div class='ocr_carea' id='block_1_74' title="bbox 473 4215 2058 4287">
    <p class='ocr_par' dir='ltr' id='par_1_74' title="bbox 473 4215 2058 4287">
     <span class='ocr_line' id='line_1_74' title="bbox 473 4215 2058 4287; baseline 0.003 -17"><span class='ocrx_word' id='word_1_538' title='bbox 473 4217 541 4272; x_wconf 87' lang='lat' dir='ltr'><strong>tis</strong></span> <span class='ocrx_word' id='word_1_539' title='bbox 571 4217 745 4271; x_wconf 79' lang='lat' dir='ltr'><strong>vultus</strong></span> <span class='ocrx_word' id='word_1_540' title='bbox 785 4216 939 4284; x_wconf 76' lang='lat' dir='ltr'><strong>ﬂoret</strong></span> <span class='ocrx_word' id='word_1_541' title='bbox 990 4231 1009 4268; x_wconf 90' lang='lat'><strong><em>:</em></strong></span> <span class='ocrx_word' id='word_1_542' title='bbox 1036 4215 1204 4269; x_wconf 82' lang='lat' dir='ltr'><strong>animi</strong></span> <span class='ocrx_word' id='word_1_543' title='bbox 1239 4231 1360 4269; x_wconf 80' lang='lat' dir='ltr'><strong>vero</strong></span> <span class='ocrx_word' id='word_1_544' title='bbox 1411 4217 1638 4271; x_wconf 82' lang='lat' dir='ltr'><strong>tristitia</strong></span> <span class='ocrx_word' id='word_1_545' title='bbox 1671 4218 1848 4287; x_wconf 69' lang='lat' dir='ltr'><strong>aﬂizcti</strong></span> <span class='ocrx_word' id='word_1_546' title='bbox 1886 4219 2058 4274; x_wconf 78' lang='lat' dir='ltr'><strong>vultus</strong></span> 
     </span>
    </p>
   </div>
   <div class='ocr_carea' id='block_1_75' title="bbox 473 4305 2060 4380">
    <p class='ocr_par' dir='ltr' id='par_1_75' title="bbox 473 4305 2060 4380">
     <span class='ocr_line' id='line_1_75' title="bbox 473 4305 2060 4380; baseline 0.003 -18"><span class='ocrx_word' id='word_1_547' title='bbox 473 4318 686 4362; x_wconf 68' lang='lat' dir='ltr'><strong>maestus</strong></span> <span class='ocrx_word' id='word_1_548' title='bbox 716 4325 780 4362; x_wconf 85' lang='lat' dir='ltr'><strong>ac</strong></span> <span class='ocrx_word' id='word_1_549' title='bbox 809 4307 1071 4362; x_wconf 85' lang='lat' dir='ltr'><strong>demissus</strong></span> <span class='ocrx_word' id='word_1_550' title='bbox 1117 4317 1193 4360; x_wconf 85' lang='lat' dir='ltr'><strong>est</strong></span> <span class='ocrx_word' id='word_1_551' title='bbox 1215 4307 1254 4359; x_wconf 85' lang='grc'><strong>³.</strong></span> <span class='ocrx_word' id='word_1_552' title='bbox 1293 4305 1534 4362; x_wconf 90' lang='lat' dir='ltr'><strong>Proinde</strong></span> <span class='ocrx_word' id='word_1_553' title='bbox 1567 4324 1800 4380; x_wconf 86' lang='lat' dir='ltr'><strong>prorsus</strong></span> <span class='ocrx_word' id='word_1_554' title='bbox 1833 4325 2060 4367; x_wconf 87' lang='lat' dir='ltr'><strong>necesse</strong></span> 
     </span>
    </p>
   </div>
   <div class='ocr_carea' id='block_1_76' title="bbox 472 4398 2061 4472">
    <p class='ocr_par' dir='ltr' id='par_1_76' title="bbox 472 4398 2061 4472">
     <span class='ocr_line' id='line_1_76' title="bbox 472 4398 2061 4472; baseline 0.004 -19"><span class='ocrx_word' id='word_1_555' title='bbox 472 4409 558 4456; x_wconf 86' lang='lat' dir='ltr'><strong>est</strong></span> <span class='ocrx_word' id='word_1_556' title='bbox 596 4415 723 4455; x_wconf 88' lang='lat' dir='ltr'><strong>cum</strong></span> <span class='ocrx_word' id='word_1_557' title='bbox 767 4399 1056 4455; x_wconf 85' lang='lat' dir='ltr'><strong>all&#39;eetione</strong></span> <span class='ocrx_word' id='word_1_558' title='bbox 1093 4398 1276 4453; x_wconf 91' lang='lat' dir='ltr'><strong>cordis</strong></span> <span class='ocrx_word' id='word_1_559' title='bbox 1329 4414 1438 4454; x_wconf 89' lang='lat' dir='ltr'><strong>una</strong></span> <span class='ocrx_word' id='word_1_560' title='bbox 1495 4403 1746 4456; x_wconf 84' lang='lat' dir='ltr'><strong>contrahi</strong></span> <span class='ocrx_word' id='word_1_561' title='bbox 1781 4411 1946 4472; x_wconf 87' lang='lat' dir='ltr'><strong>atque</strong></span> <span class='ocrx_word' id='word_1_562' title='bbox 1973 4404 2061 4459; x_wconf 91' lang='lat' dir='ltr'><strong>de-</strong></span> 
     </span>
    </p>
   </div>
   <div class='ocr_carea' id='block_1_77' title="bbox 476 4487 2080 4565">
    <p class='ocr_par' dir='ltr' id='par_1_77' title="bbox 476 4487 2080 4565">
     <span class='ocr_line' id='line_1_77' title="bbox 476 4487 2080 4565; baseline 0.004 -21"><span class='ocrx_word' id='word_1_563' title='bbox 476 4491 612 4546; x_wconf 87' lang='lat' dir='ltr'><strong>mitti</strong></span> <span class='ocrx_word' id='word_1_564' title='bbox 654 4491 981 4545; x_wconf 88' lang='lat' dir='ltr'><strong>orationem.</strong></span> <span class='ocrx_word' id='word_1_565' title='bbox 1045 4487 1223 4558; x_wconf 87' lang='lat' dir='ltr'><strong>Atque</strong></span> <span class='ocrx_word' id='word_1_566' title='bbox 1267 4493 1476 4545; x_wconf 89' lang='lat' dir='ltr'><strong>utinam</strong></span> <span class='ocrx_word' id='word_1_567' title='bbox 1533 4492 1766 4548; x_wconf 73' lang='lat' dir='ltr'><strong>inveniri</strong></span> <span class='ocrx_word' id='word_1_568' title='bbox 1837 4507 2080 4565; x_wconf 88' lang='lat' dir='ltr'><strong>possent.</strong></span> 
     </span>
    </p>
   </div>
   <div class='ocr_carea' id='block_1_78' title="bbox 473 4579 2054 4655">
    <p class='ocr_par' dir='ltr' id='par_1_78' title="bbox 473 4579 2054 4655">
     <span class='ocr_line' id='line_1_78' title="bbox 473 4579 2054 4655; baseline 0.003 -20"><span class='ocrx_word' id='word_1_569' title='bbox 473 4581 743 4648; x_wconf 78' lang='lat' dir='ltr'><strong>ejusmodi</strong></span> <span class='ocrx_word' id='word_1_570' title='bbox 772 4581 955 4650; x_wconf 88' lang='lat' dir='ltr'><strong>aliqua</strong></span> <span class='ocrx_word' id='word_1_571' title='bbox 1008 4579 1200 4642; x_wconf 82' lang='lat' dir='ltr'><strong>verba,</strong></span> <span class='ocrx_word' id='word_1_572' title='bbox 1241 4581 1446 4650; x_wconf 87' lang='lat' dir='ltr'><strong>quibus</strong></span> <span class='ocrx_word' id='word_1_573' title='bbox 1497 4597 1728 4653; x_wconf 76' lang='lat' dir='ltr'><strong>magnus</strong></span> <span class='ocrx_word' id='word_1_574' title='bbox 1778 4585 2054 4655; x_wconf 90' lang='lat' dir='ltr'><strong>quondam</strong></span> 
     </span>
    </p>
   </div>
   <div class='ocr_carea' id='block_1_79' title="bbox 2161 3393 3743 3465">
    <p class='ocr_par' dir='ltr' id='par_1_79' title="bbox 2161 3393 3743 3465">
     <span class='ocr_line' id='line_1_79' title="bbox 2161 3393 3743 3465; baseline 0.006 -19"><span class='ocrx_word' id='word_1_575' title='bbox 2161 3393 2240 3461; x_wconf 81' lang='grc' dir='ltr'>τῷ</span> <span class='ocrx_word' id='word_1_576' title='bbox 2273 3393 2616 3463; x_wconf 83' lang='grc' dir='ltr'>ὑποκειμένῳ</span> <span class='ocrx_word' id='word_1_577' title='bbox 2663 3395 2756 3446; x_wconf 70' lang='grc' dir='ltr'>καὶ</span> <span class='ocrx_word' id='word_1_578' title='bbox 2807 3393 2905 3464; x_wconf 79' lang='grc' dir='ltr'><strong>τὴν</strong></span> <span class='ocrx_word' id='word_1_579' title='bbox 2952 3393 3132 3465; x_wconf 78' lang='grc' dir='ltr'>ψυχὴν</span> <span class='ocrx_word' id='word_1_580' title='bbox 3181 3395 3532 3451; x_wconf 78' lang='grc' dir='ltr'>διατίθεσθαι.</span> <span class='ocrx_word' id='word_1_581' title='bbox 3588 3402 3743 3455; x_wconf 65' lang='grc' dir='ltr'>Κατὰ</span> 
     </span>
    </p>
   </div>
   <div class='ocr_carea' id='block_1_80' title="bbox 2163 3484 3743 3560">
    <p class='ocr_par' dir='ltr' id='par_1_80' title="bbox 2163 3484 3743 3560">
     <span class='ocr_line' id='line_1_80' title="bbox 2163 3484 3743 3560; baseline 0.005 -23"><span class='ocrx_word' id='word_1_582' title='bbox 2163 3484 2292 3555; x_wconf 71' lang='grc' dir='ltr'><strong>ῥοῦν</strong></span> <span class='ocrx_word' id='word_1_583' title='bbox 2324 3484 2392 3538; x_wconf 77' lang='grc' dir='ltr'><strong>τὰ</strong></span> <span class='ocrx_word' id='word_1_584' title='bbox 2423 3486 2720 3556; x_wconf 84' lang='grc' dir='ltr'>πράγματα</span> <span class='ocrx_word' id='word_1_585' title='bbox 2755 3485 3017 3556; x_wconf 74' lang='grc' dir='ltr'>φέρεταις</span> <span class='ocrx_word' id='word_1_586' title='bbox 3065 3484 3321 3558; x_wconf 75' lang='grc' dir='ltr'><strong>εὔκαιρον</strong></span> <span class='ocrx_word' id='word_1_587' title='bbox 3358 3488 3420 3541; x_wconf 82' lang='grc' dir='ltr'><strong>τὸ</strong></span> <span class='ocrx_word' id='word_1_588' title='bbox 3460 3490 3743 3560; x_wconf 63' lang='grc' dir='ltr'>εὐφραίνει</span> 
     </span>
    </p>
   </div>
   <div class='ocr_carea' id='block_1_81' title="bbox 2162 3574 3744 3651">
    <p class='ocr_par' dir='ltr' id='par_1_81' title="bbox 2162 3574 3744 3651">
     <span class='ocr_line' id='line_1_81' title="bbox 2162 3574 3744 3651; baseline 0.007 -25"><span class='ocrx_word' id='word_1_589' title='bbox 2162 3574 2286 3627; x_wconf 89' lang='grc' dir='ltr'><strong>σθαι</strong></span> <span class='ocrx_word' id='word_1_590' title='bbox 2304 3591 2320 3606; x_wconf 76' lang='grc' dir='ltr'>ο</span> <span class='ocrx_word' id='word_1_591' title='bbox 2365 3575 2630 3645; x_wconf 81' lang='grc' dir='ltr'>μετέπεσε</span> <span class='ocrx_word' id='word_1_592' title='bbox 2657 3574 2720 3629; x_wconf 68' lang='grc' dir='ltr'>τὸ</span> <span class='ocrx_word' id='word_1_593' title='bbox 2747 3576 2968 3648; x_wconf 69' lang='grc' dir='ltr'><strong>φαιδρὸν</strong></span> <span class='ocrx_word' id='word_1_594' title='bbox 2991 3577 3070 3641; x_wconf 87' lang='grc' dir='ltr'><strong>είς</strong></span> <span class='ocrx_word' id='word_1_595' title='bbox 3102 3579 3435 3650; x_wconf 79' lang='grc' dir='ltr'>κατήφειαν;</span> <span class='ocrx_word' id='word_1_596' title='bbox 3471 3583 3744 3651; x_wconf 66' lang='grc' dir='ltr'>μεταϐἀλι</span> 
     </span>
    </p>
   </div>
   <div class='ocr_carea' id='block_1_82' title="bbox 2160 3663 3746 3746">
    <p class='ocr_par' dir='ltr' id='par_1_82' title="bbox 2160 3663 3746 3746">
     <span class='ocr_line' id='line_1_82' title="bbox 2160 3663 3746 3746; baseline 0.007 -29"><span class='ocrx_word' id='word_1_597' title='bbox 2160 3663 2275 3718; x_wconf 85' lang='grc' dir='ltr'>λειν</span> <span class='ocrx_word' id='word_1_598' title='bbox 2307 3666 2692 3737; x_wconf 74' lang='grc' dir='ltr'><strong>προσήκεικαὶ</strong></span> <span class='ocrx_word' id='word_1_599' title='bbox 2717 3666 2817 3736; x_wconf 78' lang='grc' dir='ltr'><strong>τὴν</strong></span> <span class='ocrx_word' id='word_1_600' title='bbox 2846 3666 3113 3737; x_wconf 80' lang='grc' dir='ltr'>εὐθυμίαν</span> <span class='ocrx_word' id='word_1_601' title='bbox 3142 3669 3221 3732; x_wconf 86' lang='grc' dir='ltr'><strong>είς</strong></span> <span class='ocrx_word' id='word_1_602' title='bbox 3249 3669 3504 3743; x_wconf 83' lang='grc' dir='ltr'>δάκρυον.</span> <span class='ocrx_word' id='word_1_603' title='bbox 3533 3673 3746 3746; x_wconf 83' lang='grc' dir='ltr'>Ὥσπερ</span> 
     </span>
    </p>
   </div>
   <div class='ocr_carea' id='block_1_83' title="bbox 2161 3755 3740 3833">
    <p class='ocr_par' dir='ltr' id='par_1_83' title="bbox 2161 3755 3740 3833">
     <span class='ocr_line' id='line_1_83' title="bbox 2161 3755 3740 3833; baseline 0.006 -24"><span class='ocrx_word' id='word_1_604' title='bbox 2161 3755 2268 3827; x_wconf 86' lang='grc' dir='ltr'>γὰρ</span> <span class='ocrx_word' id='word_1_605' title='bbox 2296 3759 2326 3810; x_wconf 84' lang='grc' dir='ltr'><strong>ὀ</strong></span> <span class='ocrx_word' id='word_1_606' title='bbox 2349 3756 2522 3824; x_wconf 81' lang='grc' dir='ltr'><strong>γέλως</strong></span> <span class='ocrx_word' id='word_1_607' title='bbox 2552 3759 2775 3828; x_wconf 85' lang='grc' dir='ltr'>σημεῖον</span> <span class='ocrx_word' id='word_1_608' title='bbox 2800 3757 2899 3828; x_wconf 80' lang='grc' dir='ltr'><strong>τῆς</strong></span> <span class='ocrx_word' id='word_1_609' title='bbox 2937 3757 3085 3811; x_wconf 74' lang='grc' dir='ltr'><strong>ἔνδον</strong></span> <span class='ocrx_word' id='word_1_610' title='bbox 3117 3760 3470 3833; x_wconf 79' lang='grc' dir='ltr'>φαιδρότητος</span> <span class='ocrx_word' id='word_1_611' title='bbox 3499 3764 3740 3832; x_wconf 84' lang='grc' dir='ltr'>γίνεται,</span> 
     </span>
    </p>
   </div>
   <div class='ocr_carea' id='block_1_84' title="bbox 2159 3847 3744 3927">
    <p class='ocr_par' dir='ltr' id='par_1_84' title="bbox 2159 3847 3744 3927">
     <span class='ocr_line' id='line_1_84' title="bbox 2159 3847 3744 3927; baseline 0.006 -26"><span class='ocrx_word' id='word_1_612' title='bbox 2159 3847 2302 3901; x_wconf 78' lang='grc' dir='ltr'><strong>οὕτω</strong></span> <span class='ocrx_word' id='word_1_613' title='bbox 2338 3849 2431 3902; x_wconf 80' lang='grc' dir='ltr'><strong>καὶ</strong></span> <span class='ocrx_word' id='word_1_614' title='bbox 2475 3850 2505 3901; x_wconf 77' lang='grc' dir='ltr'><strong>ὁ</strong></span> <span class='ocrx_word' id='word_1_615' title='bbox 2547 3850 2604 3902; x_wconf 82' lang='grc' dir='ltr'><strong>ὲν</strong></span> <span class='ocrx_word' id='word_1_616' title='bbox 2647 3851 2715 3920; x_wconf 81' lang='grc' dir='ltr'><strong>τῇ</strong></span> <span class='ocrx_word' id='word_1_617' title='bbox 2775 3848 2976 3921; x_wconf 76' lang='grc' dir='ltr'>καρδία</span> <span class='ocrx_word' id='word_1_618' title='bbox 3024 3851 3185 3915; x_wconf 88' lang='grc' dir='ltr'>πόνος</span> <span class='ocrx_word' id='word_1_619' title='bbox 3226 3852 3332 3906; x_wconf 77' lang='grc' dir='ltr'>ὑπὸ</span> <span class='ocrx_word' id='word_1_620' title='bbox 3369 3853 3479 3906; x_wconf 87' lang='grc' dir='ltr'>τῶν</span> <span class='ocrx_word' id='word_1_621' title='bbox 3529 3854 3744 3927; x_wconf 85' lang='grc' dir='ltr'>θρήνων</span> 
     </span>
    </p>
   </div>
   <div class='ocr_carea' id='block_1_85' title="bbox 2158 3939 3745 4018">
    <p class='ocr_par' dir='ltr' id='par_1_85' title="bbox 2158 3939 3745 4018">
     <span class='ocr_line' id='line_1_85' title="bbox 2158 3939 3745 4018; baseline 0.006 -26"><span class='ocrx_word' id='word_1_622' title='bbox 2158 3939 2572 4010; x_wconf 83' lang='grc' dir='ltr'>διερμηνεύεται</span> <span class='ocrx_word' id='word_1_623' title='bbox 2599 3983 2613 4006; x_wconf 86' lang='grc'><strong><em>,</em></strong></span> <span class='ocrx_word' id='word_1_624' title='bbox 2635 3939 2949 4008; x_wconf 77' lang='grc' dir='ltr'>καὶγίνεται</span> <span class='ocrx_word' id='word_1_625' title='bbox 2970 3941 3078 3994; x_wconf 85' lang='grc' dir='ltr'>τῶν</span> <span class='ocrx_word' id='word_1_626' title='bbox 3093 3941 3194 4012; x_wconf 83' lang='grc' dir='ltr'>τῆς</span> <span class='ocrx_word' id='word_1_627' title='bbox 3215 3943 3391 4015; x_wconf 80' lang='grc' dir='ltr'>ψυχῆς</span> <span class='ocrx_word' id='word_1_628' title='bbox 3414 3949 3745 4018; x_wconf 84' lang='grc' dir='ltr'><strong>τραυμάτων</strong></span> 
     </span>
    </p>
   </div>
   <div class='ocr_carea' id='block_1_86' title="bbox 2131 4026 3743 4111">
    <p class='ocr_par' dir='ltr' id='par_1_86' title="bbox 2131 4026 3743 4111">
     <span class='ocr_line' id='line_1_86' title="bbox 2131 4026 3743 4111; baseline 0.007 -27"><span class='ocrx_word' id='word_1_629' title='bbox 2131 4031 2348 4104; x_wconf 32' lang='grc' dir='ltr'><strong>οῷσπερ</strong></span> <span class='ocrx_word' id='word_1_630' title='bbox 2404 4026 2544 4103; x_wconf 74' lang='grc' dir='ltr'><strong>αἷμα</strong></span> <span class='ocrx_word' id='word_1_631' title='bbox 2595 4032 2656 4086; x_wconf 81' lang='grc' dir='ltr'><strong>τὸ</strong></span> <span class='ocrx_word' id='word_1_632' title='bbox 2711 4032 2966 4104; x_wconf 75' lang='grc' dir='ltr'><strong>δάκρυον.</strong></span> <span class='ocrx_word' id='word_1_633' title='bbox 3024 4033 3195 4088; x_wconf 81' lang='grc' dir='ltr'><strong>Τοῦτο</strong></span> <span class='ocrx_word' id='word_1_634' title='bbox 3249 4037 3343 4089; x_wconf 77' lang='grc' dir='ltr'><strong>καὶ</strong></span> <span class='ocrx_word' id='word_1_635' title='bbox 3389 4039 3422 4109; x_wconf 83' lang='grc' dir='ltr'>ή</span> <span class='ocrx_word' id='word_1_636' title='bbox 3469 4039 3743 4111; x_wconf 84' lang='grc' dir='ltr'>Παροιμία</span> 
     </span>
    </p>
   </div>
   <div class='ocr_carea' id='block_1_87' title="bbox 2161 4123 3738 4200">
    <p class='ocr_par' dir='ltr' id='par_1_87' title="bbox 2161 4123 3738 4200">
     <span class='ocr_line' id='line_1_87' title="bbox 2161 4123 3738 4200; baseline 0.005 -23"><span class='ocrx_word' id='word_1_637' title='bbox 2161 4123 2506 4196; x_wconf 79' lang='grc' dir='ltr'>Σολομῶντος</span> <span class='ocrx_word' id='word_1_638' title='bbox 2560 4142 2754 4195; x_wconf 80' lang='grc' dir='ltr'>φησιν,</span> <span class='ocrx_word' id='word_1_639' title='bbox 2794 4126 2876 4178; x_wconf 86' lang='grc' dir='ltr'><strong>ὅτι</strong></span> <span class='ocrx_word' id='word_1_640' title='bbox 2923 4125 3182 4193; x_wconf 80' lang='grc' dir='ltr'>Καρδίας</span> <span class='ocrx_word' id='word_1_641' title='bbox 3243 4130 3738 4200; x_wconf 60' lang='grc' dir='ltr'>εὐρραινομένης,</span> 
     </span>
    </p>
   </div>
   <div class='ocr_carea' id='block_1_88' title="bbox 2161 4215 3740 4290">
    <p class='ocr_par' dir='ltr' id='par_1_88' title="bbox 2161 4215 3740 4290">
     <span class='ocr_line' id='line_1_88' title="bbox 2161 4215 3740 4290; baseline 0.004 -20"><span class='ocrx_word' id='word_1_642' title='bbox 2161 4218 2484 4285; x_wconf 75' lang='grc' dir='ltr'>πρόσωπον</span> <span class='ocrx_word' id='word_1_643' title='bbox 2500 4215 2710 4272; x_wconf 70' lang='grc' dir='ltr'>θάλλει</span> <span class='ocrx_word' id='word_1_644' title='bbox 2728 4233 2742 4247; x_wconf 81' lang='grc'><em>’</em></span> <span class='ocrx_word' id='word_1_645' title='bbox 2761 4216 2872 4285; x_wconf 82' lang='grc' dir='ltr'>τῆς</span> <span class='ocrx_word' id='word_1_646' title='bbox 2894 4215 3102 4286; x_wconf 58' lang='grc' dir='ltr'><strong>¹ψυχῆς</strong></span> <span class='ocrx_word' id='word_1_647' title='bbox 3117 4217 3186 4272; x_wconf 69' lang='grc' dir='ltr'>δὲ</span> <span class='ocrx_word' id='word_1_648' title='bbox 3204 4219 3274 4272; x_wconf 78' lang='grc' dir='ltr'><strong>ὲν</strong></span> <span class='ocrx_word' id='word_1_649' title='bbox 3286 4220 3509 4288; x_wconf 68' lang='grc' dir='ltr'>λύπαις</span> <span class='ocrx_word' id='word_1_650' title='bbox 3527 4225 3740 4290; x_wconf 80' lang='grc' dir='ltr'>οὔσης,</span> 
     </span>
    </p>
   </div>
   <div class='ocr_carea' id='block_1_89' title="bbox 2161 4304 3742 4385">
    <p class='ocr_par' dir='ltr' id='par_1_89' title="bbox 2161 4304 3742 4385">
     <span class='ocr_line' id='line_1_89' title="bbox 2161 4304 3742 4385; baseline 0.004 -25"><span class='ocrx_word' id='word_1_651' title='bbox 2161 4304 2587 4374; x_wconf 76' lang='grc' dir='ltr'>σκυθρωπάζει.</span> <span class='ocrx_word' id='word_1_652' title='bbox 2627 4305 2840 4358; x_wconf 82' lang='grc' dir='ltr'><strong>Οὐκοῦν</strong></span> <span class='ocrx_word' id='word_1_653' title='bbox 2860 4305 3076 4377; x_wconf 82' lang='grc' dir='ltr'><strong>ἀνάγκη</strong></span> <span class='ocrx_word' id='word_1_654' title='bbox 3106 4308 3256 4362; x_wconf 82' lang='grc' dir='ltr'>πᾶσα</span> <span class='ocrx_word' id='word_1_655' title='bbox 3280 4312 3345 4380; x_wconf 82' lang='grc' dir='ltr'><strong>τῇ</strong></span> <span class='ocrx_word' id='word_1_656' title='bbox 3380 4310 3618 4366; x_wconf 80' lang='grc' dir='ltr'>διαθέσει</span> <span class='ocrx_word' id='word_1_657' title='bbox 3644 4314 3742 4385; x_wconf 82' lang='grc' dir='ltr'>τῆς</span> 
     </span>
    </p>
   </div>
   <div class='ocr_carea' id='block_1_90' title="bbox 2163 4396 3742 4468">
    <p class='ocr_par' dir='ltr' id='par_1_90' title="bbox 2163 4396 3742 4468">
     <span class='ocr_line' id='line_1_90' title="bbox 2163 4396 3742 4468; baseline 0.008 -20"><span class='ocrx_word' id='word_1_658' title='bbox 2163 4397 2388 4468; x_wconf 77' lang='grc' dir='ltr'><strong>καρδίας</strong></span> <span class='ocrx_word' id='word_1_659' title='bbox 2419 4396 2886 4468; x_wconf 82' lang='grc' dir='ltr'>συσκυθρωπάσαι</span> <span class='ocrx_word' id='word_1_660' title='bbox 2919 4399 3010 4452; x_wconf 83' lang='grc' dir='ltr'>τδν</span> <span class='ocrx_word' id='word_1_661' title='bbox 3037 4399 3212 4468; x_wconf 85' lang='grc' dir='ltr'>λόγον.</span> <span class='ocrx_word' id='word_1_662' title='bbox 3243 4403 3352 4455; x_wconf 74' lang='grc' dir='ltr'>Καὶ</span> <span class='ocrx_word' id='word_1_663' title='bbox 3382 4402 3491 4456; x_wconf 76' lang='grc' dir='ltr'>εἴθε</span> <span class='ocrx_word' id='word_1_664' title='bbox 3521 4404 3742 4460; x_wconf 68' lang='grc' dir='ltr'>δυνατὸν</span> 
     </span>
    </p>
   </div>
   <div class='ocr_carea' id='block_1_91' title="bbox 2167 4484 3742 4564">
    <p class='ocr_par' dir='ltr' id='par_1_91' title="bbox 2167 4484 3742 4564">
     <span class='ocr_line' id='line_1_91' title="bbox 2167 4484 3742 4564; baseline 0.004 -23"><span class='ocrx_word' id='word_1_665' title='bbox 2167 4484 2236 4559; x_wconf 79' lang='grc' dir='ltr'><strong>ἦν</strong></span> <span class='ocrx_word' id='word_1_666' title='bbox 2269 4488 2545 4552; x_wconf 86' lang='grc' dir='ltr'>τοιούτους</span> <span class='ocrx_word' id='word_1_667' title='bbox 2597 4487 2838 4559; x_wconf 74' lang='grc' dir='ltr'>ἐξευρεῖν</span> <span class='ocrx_word' id='word_1_668' title='bbox 2887 4505 3038 4552; x_wconf 90' lang='grc' dir='ltr'>τινας</span> <span class='ocrx_word' id='word_1_669' title='bbox 3083 4488 3292 4558; x_wconf 80' lang='grc' dir='ltr'>λόγους,</span> <span class='ocrx_word' id='word_1_670' title='bbox 3327 4491 3474 4554; x_wconf 81' lang='grc' dir='ltr'>οἵους</span> <span class='ocrx_word' id='word_1_671' title='bbox 3504 4495 3534 4546; x_wconf 85' lang='grc' dir='ltr'>ὁ</span> <span class='ocrx_word' id='word_1_672' title='bbox 3567 4495 3742 4564; x_wconf 81' lang='grc' dir='ltr'>μέγας</span> 
     </span>
    </p>
   </div>
   <div class='ocr_carea' id='block_1_92' title="bbox 2176 4579 3741 4655">
    <p class='ocr_par' dir='ltr' id='par_1_92' title="bbox 2176 4579 3741 4655">
     <span class='ocr_line' id='line_1_92' title="bbox 2176 4579 3741 4655; baseline 0.003 -21"><span class='ocrx_word' id='word_1_673' title='bbox 2176 4579 2440 4653; x_wconf 79' lang='grc' dir='ltr'>Ἱερεμίας</span> <span class='ocrx_word' id='word_1_674' title='bbox 2491 4583 2559 4650; x_wconf 83' lang='grc' dir='ltr'><strong>τῇ</strong></span> <span class='ocrx_word' id='word_1_675' title='bbox 2624 4581 2878 4652; x_wconf 80' lang='grc' dir='ltr'><strong>συμφορᾷ</strong></span> <span class='ocrx_word' id='word_1_676' title='bbox 2927 4597 3054 4633; x_wconf 77' lang='grc' dir='ltr'>ποτε</span> <span class='ocrx_word' id='word_1_677' title='bbox 3097 4581 3206 4636; x_wconf 83' lang='grc' dir='ltr'><strong>τῶν</strong></span> <span class='ocrx_word' id='word_1_678' title='bbox 3252 4583 3598 4655; x_wconf 82' lang='grc' dir='ltr'><strong>Ἰσραηλιτῶν</strong></span> <span class='ocrx_word' id='word_1_679' title='bbox 3641 4587 3741 4639; x_wconf 81' lang='grc' dir='ltr'>έπ-</span> 
     </span>
    </p>
   </div>
   <div class='ocr_carea' id='block_1_93' title="bbox 473 4669 2052 4748">
    <p class='ocr_par' dir='ltr' id='par_1_93' title="bbox 473 4669 2052 4731">
     <span class='ocr_line' id='line_1_93' title="bbox 473 4669 2052 4731; baseline 0.001 -4"><span class='ocrx_word' id='word_1_680' title='bbox 473 4671 742 4727; x_wconf 79' lang='lat' dir='ltr'><strong>Jeremias</strong></span> <span class='ocrx_word' id='word_1_681' title='bbox 793 4669 1168 4726; x_wconf 85' lang='lat' dir='ltr'><strong>lsraelitarnm</strong></span> <span class='ocrx_word' id='word_1_682' title='bbox 1225 4670 1436 4725; x_wconf 84' lang='lat' dir='ltr'><strong>cladem</strong></span> <span class='ocrx_word' id='word_1_683' title='bbox 1487 4670 1736 4727; x_wconf 85' lang='lat' dir='ltr'><strong>deﬂevit!</strong></span> <span class='ocrx_word' id='word_1_684' title='bbox 1775 4673 1887 4729; x_wconf 89' lang='lat' dir='ltr'><strong>lllis</strong></span> <span class='ocrx_word' id='word_1_685' title='bbox 1913 4675 2052 4731; x_wconf 81' lang='lat' dir='ltr'><strong>enim</strong></span> 
     </span>
    </p>
   </div>
   <div class='ocr_carea' id='block_1_94' title="bbox 2155 4669 3739 4748">
    <p class='ocr_par' dir='ltr' id='par_1_94' title="bbox 2166 4671 3739 4748">
     <span class='ocr_line' id='line_1_94' title="bbox 2166 4671 3739 4748; baseline 0.004 -25"><span class='ocrx_word' id='word_1_686' title='bbox 2166 4671 2485 4744; x_wconf 79' lang='grc' dir='ltr'>εθρήνησεν.</span> <span class='ocrx_word' id='word_1_687' title='bbox 2521 4671 2775 4725; x_wconf 83' lang='grc' dir='ltr'>Ἐκείνων</span> <span class='ocrx_word' id='word_1_688' title='bbox 2803 4672 2913 4742; x_wconf 78' lang='grc' dir='ltr'><strong>γὰρ</strong></span> <span class='ocrx_word' id='word_1_689' title='bbox 2941 4671 3068 4736; x_wconf 80' lang='grc' dir='ltr'>ἄξια</span> <span class='ocrx_word' id='word_1_690' title='bbox 3094 4672 3163 4726; x_wconf 85' lang='grc' dir='ltr'><strong>τὰ</strong></span> <span class='ocrx_word' id='word_1_691' title='bbox 3184 4674 3426 4746; x_wconf 86' lang='grc' dir='ltr'>παρόντα</span> <span class='ocrx_word' id='word_1_692' title='bbox 3461 4675 3680 4744; x_wconf 81' lang='grc' dir='ltr'><strong>μᾶλλον,</strong></span> <span class='ocrx_word' id='word_1_693' title='bbox 3705 4679 3739 4748; x_wconf 78' lang='grc' dir='ltr'><strong>η</strong></span> 
     </span>
    </p>
   </div>
   <div class='ocr_carea' id='block_1_95' title="bbox 478 4758 2055 4832">
    <p class='ocr_par' dir='ltr' id='par_1_95' title="bbox 478 4758 2055 4832">
     <span class='ocr_line' id='line_1_95' title="bbox 478 4758 2055 4832; baseline 0.003 -16"><span class='ocrx_word' id='word_1_694' title='bbox 478 4759 767 4832; x_wconf 70' lang='lat' dir='ltr'><strong>praesentia</strong></span> <span class='ocrx_word' id='word_1_695' title='bbox 796 4759 972 4829; x_wconf 78' lang='lat' dir='ltr'><strong>magis</strong></span> <span class='ocrx_word' id='word_1_696' title='bbox 1001 4758 1166 4830; x_wconf 80' lang='lat' dir='ltr'><strong>digna</strong></span> <span class='ocrx_word' id='word_1_697' title='bbox 1198 4769 1349 4825; x_wconf 86' lang='lat' dir='ltr'><strong>sunt,</strong></span> <span class='ocrx_word' id='word_1_698' title='bbox 1378 4776 1540 4830; x_wconf 90' lang='lat' dir='ltr'><strong>quam</strong></span> <span class='ocrx_word' id='word_1_699' title='bbox 1574 4762 1619 4818; x_wconf 91' lang='lat' dir='ltr'><strong>si</strong></span> <span class='ocrx_word' id='word_1_700' title='bbox 1654 4763 1786 4832; x_wconf 89' lang='lat' dir='ltr'><strong>quid</strong></span> <span class='ocrx_word' id='word_1_701' title='bbox 1816 4765 1964 4820; x_wconf 91' lang='lat' dir='ltr'><strong>aliud</strong></span> <span class='ocrx_word' id='word_1_702' title='bbox 1992 4781 2055 4820; x_wconf 72' lang='lat' dir='ltr'><strong>ex</strong></span> 
     </span>
    </p>
   </div>
   <div class='ocr_carea' id='block_1_96' title="bbox 475 4848 2060 4921">
    <p class='ocr_par' dir='ltr' id='par_1_96' title="bbox 475 4848 2060 4921">
     <span class='ocr_line' id='line_1_96' title="bbox 475 4848 2060 4921; baseline 0.001 -14"><span class='ocrx_word' id='word_1_703' title='bbox 475 4851 802 4921; x_wconf 79' lang='lat' dir='ltr'><strong>antiquitate</strong></span> <span class='ocrx_word' id='word_1_704' title='bbox 856 4848 1017 4904; x_wconf 86' lang='lat' dir='ltr'><strong>triste</strong></span> <span class='ocrx_word' id='word_1_705' title='bbox 1066 4850 1332 4904; x_wconf 87' lang='lat' dir='ltr'><strong>memoria</strong></span> <span class='ocrx_word' id='word_1_706' title='bbox 1397 4859 1636 4906; x_wconf 86' lang='lat' dir='ltr'><strong>tenetur.</strong></span> <span class='ocrx_word' id='word_1_707' title='bbox 1689 4852 1796 4908; x_wconf 77' lang='lat' dir='ltr'><strong>fies</strong></span> <span class='ocrx_word' id='word_1_708' title='bbox 1851 4855 2060 4910; x_wconf 75' lang='lat' dir='ltr'><strong>acet-ha:</strong></span> 
     </span>
    </p>
   </div>
   <div class='ocr_carea' id='block_1_97' title="bbox 474 4943 2058 5016">
    <p class='ocr_par' dir='ltr' id='par_1_97' title="bbox 474 4943 2058 5016">
     <span class='ocr_line' id='line_1_97' title="bbox 474 4943 2058 5016; baseline 0 -16"><span class='ocrx_word' id='word_1_709' title='bbox 474 4953 640 5015; x_wconf 88' lang='lat' dir='ltr'><strong>atque</strong></span> <span class='ocrx_word' id='word_1_710' title='bbox 663 4955 880 4999; x_wconf 87' lang='lat' dir='ltr'><strong>atroces</strong></span> <span class='ocrx_word' id='word_1_711' title='bbox 908 4948 1057 5006; x_wconf 89' lang='lat' dir='ltr'><strong>sunt,</strong></span> <span class='ocrx_word' id='word_1_712' title='bbox 1093 4957 1218 5012; x_wconf 60' lang='lat' dir='ltr'><strong>qua!</strong></span> <span class='ocrx_word' id='word_1_713' title='bbox 1250 4951 1550 4998; x_wconf 88' lang='lat' dir='ltr'><strong>narrantur</strong></span> <span class='ocrx_word' id='word_1_714' title='bbox 1577 4943 1647 4999; x_wconf 92' lang='lat' dir='ltr'><strong>de</strong></span> <span class='ocrx_word' id='word_1_715' title='bbox 1679 4943 1802 5000; x_wconf 84' lang='lat' dir='ltr'><strong>Job.</strong></span> <span class='ocrx_word' id='word_1_716' title='bbox 1831 4947 1902 5001; x_wconf 84' lang='lat' dir='ltr'><strong>At</strong></span> <span class='ocrx_word' id='word_1_717' title='bbox 1929 4946 2058 5016; x_wconf 91' lang='lat' dir='ltr'><strong>quid</strong></span> 
     </span>
    </p>
   </div>
   <div class='ocr_carea' id='block_1_98' title="bbox 474 5033 2059 5107">
    <p class='ocr_par' dir='ltr' id='par_1_98' title="bbox 474 5033 2059 5107">
     <span class='ocr_line' id='line_1_98' title="bbox 474 5033 2059 5107; baseline 0.003 -17"><span class='ocrx_word' id='word_1_718' title='bbox 474 5053 616 5107; x_wconf 86' lang='lat' dir='ltr'><strong>opus</strong></span> <span class='ocrx_word' id='word_1_719' title='bbox 649 5043 736 5092; x_wconf 89' lang='lat' dir='ltr'><strong>est</strong></span> <span class='ocrx_word' id='word_1_720' title='bbox 778 5051 904 5090; x_wconf 92' lang='lat' dir='ltr'><strong>cum</strong></span> <span class='ocrx_word' id='word_1_721' title='bbox 949 5034 1054 5088; x_wconf 92' lang='lat' dir='ltr'><strong>hoc</strong></span> <span class='ocrx_word' id='word_1_722' title='bbox 1105 5043 1259 5088; x_wconf 89' lang='lat' dir='ltr'><strong>tanto</strong></span> <span class='ocrx_word' id='word_1_723' title='bbox 1292 5033 1640 5091; x_wconf 88' lang='lat' dir='ltr'><strong>incommodo</strong></span> <span class='ocrx_word' id='word_1_724' title='bbox 1668 5037 1837 5092; x_wconf 84' lang='lat' dir='ltr'><strong>unius</strong></span> <span class='ocrx_word' id='word_1_725' title='bbox 1862 5037 2059 5096; x_wconf 88' lang='lat' dir='ltr'><strong>domus</strong></span> 
     </span>
    </p>
   </div>
   <div class='ocr_carea' id='block_1_99' title="bbox 477 5123 2056 5200">
    <p class='ocr_par' dir='ltr' id='par_1_99' title="bbox 477 5123 2056 5200">
     <span class='ocr_line' id='line_1_99' title="bbox 477 5123 2056 5200; baseline 0.003 -19"><span class='ocrx_word' id='word_1_726' title='bbox 477 5134 768 5182; x_wconf 77' lang='lat' dir='ltr'><strong>numerata</strong></span> <span class='ocrx_word' id='word_1_727' title='bbox 799 5125 988 5181; x_wconf 83' lang='lat' dir='ltr'><strong>faciles</strong></span> <span class='ocrx_word' id='word_1_728' title='bbox 1017 5125 1386 5194; x_wconf 81' lang='lat' dir='ltr'><strong>comparare?</strong></span> <span class='ocrx_word' id='word_1_729' title='bbox 1411 5123 1553 5191; x_wconf 87' lang='lat' dir='ltr'><strong>Quin</strong></span> <span class='ocrx_word' id='word_1_730' title='bbox 1583 5128 1748 5182; x_wconf 86' lang='lat' dir='ltr'><strong>etiam</strong></span> <span class='ocrx_word' id='word_1_731' title='bbox 1780 5130 1826 5184; x_wconf 89' lang='lat' dir='ltr'><strong>si</strong></span> <span class='ocrx_word' id='word_1_732' title='bbox 1861 5145 2056 5200; x_wconf 80' lang='lat' dir='ltr'><strong>magna</strong></span> 
     </span>
    </p>
   </div>
   <div class='ocr_carea' id='block_1_100' title="bbox 477 5217 2058 5287">
    <p class='ocr_par' dir='ltr' id='par_1_100' title="bbox 477 5217 2058 5287">
     <span class='ocr_line' id='line_1_100' title="bbox 477 5217 2058 5287; baseline 0.004 -16"><span class='ocrx_word' id='word_1_733' title='bbox 477 5217 762 5287; x_wconf 77' lang='lat' dir='ltr'><strong>magisque</strong></span> <span class='ocrx_word' id='word_1_734' title='bbox 794 5217 1111 5271; x_wconf 85' lang='lat' dir='ltr'><strong>communia</strong></span> <span class='ocrx_word' id='word_1_735' title='bbox 1144 5217 1286 5283; x_wconf 83' lang='lat' dir='ltr'><strong>mala</strong></span> <span class='ocrx_word' id='word_1_736' title='bbox 1315 5221 1866 5283; x_wconf 87' lang='lat' dir='ltr'><strong>commemoravcris,</strong></span> <span class='ocrx_word' id='word_1_737' title='bbox 1899 5230 2058 5278; x_wconf 72' lang='lat' dir='ltr'><strong>terrae</strong></span> 
     </span>
    </p>
   </div>
   <div class='ocr_carea' id='block_1_101' title="bbox 475 5305 2058 5381">
    <p class='ocr_par' dir='ltr' id='par_1_101' title="bbox 475 5305 2058 5381">
     <span class='ocr_line' id='line_1_101' title="bbox 475 5305 2058 5381; baseline 0.005 -22"><span class='ocrx_word' id='word_1_738' title='bbox 475 5315 694 5370; x_wconf 85' lang='lat' dir='ltr'><strong>motus,</strong></span> <span class='ocrx_word' id='word_1_739' title='bbox 743 5307 922 5371; x_wconf 79' lang='lat' dir='ltr'><strong>bella,</strong></span> <span class='ocrx_word' id='word_1_740' title='bbox 975 5305 1392 5372; x_wconf 86' lang='lat' dir='ltr'><strong>inundationes,</strong></span> <span class='ocrx_word' id='word_1_741' title='bbox 1443 5307 1666 5374; x_wconf 82' lang='lat' dir='ltr'><strong>hiatus;</strong></span> <span class='ocrx_word' id='word_1_742' title='bbox 1720 5325 1884 5381; x_wconf 84' lang='lat' dir='ltr'><strong>parva</strong></span> <span class='ocrx_word' id='word_1_743' title='bbox 1930 5322 2058 5367; x_wconf 89' lang='lat' dir='ltr'><strong>sunt</strong></span> 
     </span>
    </p>
   </div>
   <div class='ocr_carea' id='block_1_102' title="bbox 477 5396 2059 5471">
    <p class='ocr_par' dir='ltr' id='par_1_102' title="bbox 477 5396 2059 5471">
     <span class='ocr_line' id='line_1_102' title="bbox 477 5396 2059 5471; baseline 0.004 -19"><span class='ocrx_word' id='word_1_744' title='bbox 477 5396 642 5452; x_wconf 85' lang='lat' dir='ltr'><strong>etiam</strong></span> <span class='ocrx_word' id='word_1_745' title='bbox 674 5398 790 5452; x_wconf 64' lang='lat' dir='ltr'><strong>haec</strong></span> <span class='ocrx_word' id='word_1_746' title='bbox 810 5437 825 5458; x_wconf 88' lang='lat'><strong>.</strong></span> <span class='ocrx_word' id='word_1_747' title='bbox 853 5399 897 5452; x_wconf 90' lang='lat' dir='ltr'><strong>si</strong></span> <span class='ocrx_word' id='word_1_748' title='bbox 924 5413 1053 5453; x_wconf 87' lang='lat' dir='ltr'><strong>cmn</strong></span> <span class='ocrx_word' id='word_1_749' title='bbox 1082 5400 1447 5468; x_wconf 70' lang='lat' dir='ltr'><strong>praesentibus</strong></span> <span class='ocrx_word' id='word_1_750' title='bbox 1473 5412 1884 5471; x_wconf 82' lang='lat' dir='ltr'><strong>comparentur.</strong></span> <span class='ocrx_word' id='word_1_751' title='bbox 1917 5403 2059 5471; x_wconf 86' lang='lat' dir='ltr'><strong>Qua-</strong></span> 
     </span>
    </p>
   </div>
   <div class='ocr_carea' id='block_1_103' title="bbox 476 5481 2054 5555">
    <p class='ocr_par' dir='ltr' id='par_1_103' title="bbox 476 5481 2054 5555">
     <span class='ocr_line' id='line_1_103' title="bbox 476 5481 2054 5555; baseline 0.006 -14"><span class='ocrx_word' id='word_1_752' title='bbox 476 5502 536 5542; x_wconf 91' lang='lat' dir='ltr'><strong>rc</strong></span> <span class='ocrx_word' id='word_1_753' title='bbox 559 5489 582 5541; x_wconf 87' lang='lat'><strong>?</strong></span> <span class='ocrx_word' id='word_1_754' title='bbox 607 5481 747 5555; x_wconf 78' lang='lat' dir='ltr'><strong>Quia</strong></span> <span class='ocrx_word' id='word_1_755' title='bbox 775 5504 883 5544; x_wconf 91' lang='lat' dir='ltr'><strong>non</strong></span> <span class='ocrx_word' id='word_1_756' title='bbox 910 5491 975 5544; x_wconf 83' lang='lat' dir='ltr'><strong>ad</strong></span> <span class='ocrx_word' id='word_1_757' title='bbox 998 5491 1317 5546; x_wconf 87' lang='lat' dir='ltr'><strong>universum</strong></span> <span class='ocrx_word' id='word_1_758' title='bbox 1345 5492 1530 5546; x_wconf 88' lang='lat' dir='ltr'><strong>statim</strong></span> <span class='ocrx_word' id='word_1_759' title='bbox 1563 5494 1751 5548; x_wconf 86' lang='lat' dir='ltr'><strong>orbem</strong></span> <span class='ocrx_word' id='word_1_760' title='bbox 1782 5503 2054 5550; x_wconf 88' lang='lat' dir='ltr'><strong>terrarum</strong></span> 
     </span>
    </p>
   </div>
   <div class='ocr_carea' id='block_1_104' title="bbox 479 5577 2056 5657">
    <p class='ocr_par' dir='ltr' id='par_1_104' title="bbox 479 5577 2056 5657">
     <span class='ocr_line' id='line_1_104' title="bbox 479 5577 2056 5657; baseline 0.009 -29"><span class='ocrx_word' id='word_1_761' title='bbox 479 5577 668 5633; x_wconf 78' lang='lat' dir='ltr'><strong>clades</strong></span> <span class='ocrx_word' id='word_1_762' title='bbox 705 5579 833 5635; x_wconf 87' lang='lat' dir='ltr'><strong>belli</strong></span> <span class='ocrx_word' id='word_1_763' title='bbox 885 5581 1163 5650; x_wconf 83' lang='lat' dir='ltr'><strong>pertinet:</strong></span> <span class='ocrx_word' id='word_1_764' title='bbox 1211 5582 1307 5636; x_wconf 81' lang='lat' dir='ltr'><strong>sed</strong></span> <span class='ocrx_word' id='word_1_765' title='bbox 1351 5583 1458 5636; x_wconf 90' lang='lat' dir='ltr'><strong>alia</strong></span> <span class='ocrx_word' id='word_1_766' title='bbox 1499 5583 1720 5654; x_wconf 90' lang='lat' dir='ltr'><strong>quidem</strong></span> <span class='ocrx_word' id='word_1_767' title='bbox 1758 5600 1898 5657; x_wconf 82' lang='lat' dir='ltr'><strong>pars</strong></span> <span class='ocrx_word' id='word_1_768' title='bbox 1939 5588 2056 5656; x_wconf 82' lang='lat' dir='ltr'><strong>ejus</strong></span> 
     </span>
    </p>
   </div>
   <div class='ocr_carea' id='block_1_105' title="bbox 549 5758 1500 5831">
    <p class='ocr_par' dir='ltr' id='par_1_105' title="bbox 549 5758 1500 5831">
     <span class='ocr_line' id='line_1_105' title="bbox 549 5758 1500 5831; baseline 0.009 -19"><span class='ocrx_word' id='word_1_769' title='bbox 549 5762 573 5793; x_wconf 77' lang='grc'><strong><em>⁸</em></strong></span> <span class='ocrx_word' id='word_1_770' title='bbox 610 5758 790 5815; x_wconf 77' lang='lat' dir='ltr'><strong>Eecle.</strong></span> <span class='ocrx_word' id='word_1_771' title='bbox 820 5777 900 5822; x_wconf 85' lang='lat' dir='ltr'><strong>Ill,</strong></span> <span class='ocrx_word' id='word_1_772' title='bbox 924 5763 974 5817; x_wconf 63' lang='grc'><strong>4.</strong></span> <span class='ocrx_word' id='word_1_773' title='bbox 1056 5764 1076 5793; x_wconf 86' lang='grc'><strong><em>³</em></strong></span> <span class='ocrx_word' id='word_1_774' title='bbox 1099 5760 1277 5817; x_wconf 66' lang='lat' dir='ltr'><strong>lict-le.</strong></span> <span class='ocrx_word' id='word_1_775' title='bbox 1315 5778 1412 5831; x_wconf 73' lang='lat' dir='ltr'><strong>ru,</strong></span> <span class='ocrx_word' id='word_1_776' title='bbox 1443 5762 1500 5821; x_wconf 72' lang='grc'><strong>4.</strong></span> 
     </span>
    </p>
   </div>
   <div class='ocr_carea' id='block_1_106' title="bbox 2164 4761 3736 4839">
    <p class='ocr_par' dir='ltr' id='par_1_106' title="bbox 2164 4761 3736 4839">
     <span class='ocr_line' id='line_1_106' title="bbox 2164 4761 3736 4839; baseline 0.004 -23"><span class='ocrx_word' id='word_1_777' title='bbox 2164 4765 2217 4817; x_wconf 82' lang='grc' dir='ltr'>εἴ</span> <span class='ocrx_word' id='word_1_778' title='bbox 2259 4780 2312 4816; x_wconf 88' lang='grc' dir='ltr'><strong>τι</strong></span> <span class='ocrx_word' id='word_1_779' title='bbox 2360 4761 2468 4815; x_wconf 81' lang='grc' dir='ltr'><strong>τῶν</strong></span> <span class='ocrx_word' id='word_1_780' title='bbox 2515 4762 2760 4832; x_wconf 83' lang='grc' dir='ltr'>ἀρχαίων</span> <span class='ocrx_word' id='word_1_781' title='bbox 2811 4765 2869 4816; x_wconf 79' lang='grc' dir='ltr'><strong>ἐν</strong></span> <span class='ocrx_word' id='word_1_782' title='bbox 2923 4764 3269 4833; x_wconf 82' lang='grc' dir='ltr'>σκυθρωποῖς</span> <span class='ocrx_word' id='word_1_783' title='bbox 3323 4770 3736 4839; x_wconf 83' lang='grc' dir='ltr'><strong>μνημονεύεται.</strong></span> 
     </span>
    </p>
   </div>
   <div class='ocr_carea' id='block_1_107' title="bbox 2162 4849 3741 4930">
    <p class='ocr_par' dir='ltr' id='par_1_107' title="bbox 2162 4849 3741 4930">
     <span class='ocr_line' id='line_1_107' title="bbox 2162 4849 3741 4930; baseline 0.006 -26"><span class='ocrx_word' id='word_1_784' title='bbox 2162 4851 2386 4905; x_wconf 83' lang='grc' dir='ltr'>Χαλεπά</span> <span class='ocrx_word' id='word_1_785' title='bbox 2415 4851 2483 4904; x_wconf 71' lang='grc' dir='ltr'>τὰ</span> <span class='ocrx_word' id='word_1_786' title='bbox 2514 4850 2608 4903; x_wconf 84' lang='grc' dir='ltr'><strong>τοῦ</strong></span> <span class='ocrx_word' id='word_1_787' title='bbox 2655 4849 2774 4904; x_wconf 80' lang='grc' dir='ltr'><strong>Ἰὼϐ</strong></span> <span class='ocrx_word' id='word_1_788' title='bbox 2816 4851 3153 4924; x_wconf 86' lang='grc' dir='ltr'>διηγήματα.</span> <span class='ocrx_word' id='word_1_789' title='bbox 3199 4854 3359 4908; x_wconf 78' lang='grc' dir='ltr'><strong>Ἀλλὰ</strong></span> <span class='ocrx_word' id='word_1_790' title='bbox 3390 4857 3442 4908; x_wconf 91' lang='grc' dir='ltr'><strong>τί</strong></span> <span class='ocrx_word' id='word_1_791' title='bbox 3466 4860 3572 4928; x_wconf 80' lang='grc' dir='ltr'><strong>χρὴ</strong></span> <span class='ocrx_word' id='word_1_792' title='bbox 3605 4859 3741 4930; x_wconf 80' lang='grc' dir='ltr'>πρὸς</span> 
     </span>
    </p>
   </div>
   <div class='ocr_carea' id='block_1_108' title="bbox 2161 4941 3739 5019">
    <p class='ocr_par' dir='ltr' id='par_1_108' title="bbox 2161 4941 3739 5019">
     <span class='ocr_line' id='line_1_108' title="bbox 2161 4941 3739 5019; baseline 0.005 -24"><span class='ocrx_word' id='word_1_793' title='bbox 2161 4942 2317 4995; x_wconf 77' lang='grc' dir='ltr'>τοῦτο</span> <span class='ocrx_word' id='word_1_794' title='bbox 2362 4941 2531 4994; x_wconf 77' lang='grc' dir='ltr'><strong>κακὸν</strong></span> <span class='ocrx_word' id='word_1_795' title='bbox 2573 4941 2962 5011; x_wconf 77' lang='grc' dir='ltr'>ἀντεξαγαγεῖν</span> <span class='ocrx_word' id='word_1_796' title='bbox 3015 4944 3145 5013; x_wconf 80' lang='grc' dir='ltr'><strong>μιᾶς</strong></span> <span class='ocrx_word' id='word_1_797' title='bbox 3177 4945 3355 5008; x_wconf 80' lang='grc' dir='ltr'>οἰκίας</span> <span class='ocrx_word' id='word_1_798' title='bbox 3397 4946 3739 5019; x_wconf 82' lang='grc' dir='ltr'>εὐαρίθμητα</span> 
     </span>
    </p>
   </div>
   <div class='ocr_carea' id='block_1_109' title="bbox 2164 5032 3739 5108">
    <p class='ocr_par' dir='ltr' id='par_1_109' title="bbox 2164 5032 3739 5108">
     <span class='ocr_line' id='line_1_109' title="bbox 2164 5032 3739 5108; baseline 0.003 -21"><span class='ocrx_word' id='word_1_799' title='bbox 2164 5033 2347 5104; x_wconf 74' lang='grc' dir='ltr'>πάθης</span> <span class='ocrx_word' id='word_1_800' title='bbox 2398 5032 2518 5088; x_wconf 75' lang='grc' dir='ltr'><strong>Κᾶν</strong></span> <span class='ocrx_word' id='word_1_801' title='bbox 2551 5032 2620 5086; x_wconf 74' lang='grc' dir='ltr'><strong>τὰ</strong></span> <span class='ocrx_word' id='word_1_802' title='bbox 2662 5033 2872 5104; x_wconf 86' lang='grc' dir='ltr'>μεγάλα</span> <span class='ocrx_word' id='word_1_803' title='bbox 2921 5035 3014 5088; x_wconf 80' lang='grc' dir='ltr'><strong>καὶ</strong></span> <span class='ocrx_word' id='word_1_804' title='bbox 3067 5036 3346 5108; x_wconf 80' lang='grc' dir='ltr'>κοινότερα</span> <span class='ocrx_word' id='word_1_805' title='bbox 3397 5037 3508 5091; x_wconf 87' lang='grc' dir='ltr'><strong>τῶν</strong></span> <span class='ocrx_word' id='word_1_806' title='bbox 3555 5040 3739 5093; x_wconf 82' lang='grc' dir='ltr'><strong>κακῶν</strong></span> 
     </span>
    </p>
   </div>
   <div class='ocr_carea' id='block_1_110' title="bbox 2159 5125 3737 5197">
    <p class='ocr_par' dir='ltr' id='par_1_110' title="bbox 2159 5125 3737 5197">
     <span class='ocr_line' id='line_1_110' title="bbox 2159 5125 3737 5197; baseline 0.002 -17"><span class='ocrx_word' id='word_1_807' title='bbox 2159 5125 2454 5196; x_wconf 82' lang='grc' dir='ltr'>διεξέλθῃς,</span> <span class='ocrx_word' id='word_1_808' title='bbox 2507 5126 2782 5195; x_wconf 80' lang='grc' dir='ltr'>σεισμοὺς,</span> <span class='ocrx_word' id='word_1_809' title='bbox 2814 5126 2909 5179; x_wconf 78' lang='grc' dir='ltr'>καὶ</span> <span class='ocrx_word' id='word_1_810' title='bbox 2955 5127 3243 5197; x_wconf 83' lang='grc' dir='ltr'>πολέμους,</span> <span class='ocrx_word' id='word_1_811' title='bbox 3278 5129 3371 5182; x_wconf 80' lang='grc' dir='ltr'><strong>καὶ</strong></span> <span class='ocrx_word' id='word_1_812' title='bbox 3403 5128 3737 5194; x_wconf 74' lang='grc' dir='ltr'>ἐπικλύσεις,</span> 
     </span>
    </p>
   </div>
   <div class='ocr_carea' id='block_1_111' title="bbox 2162 5215 3741 5292">
    <p class='ocr_par' dir='ltr' id='par_1_111' title="bbox 2162 5215 3741 5292">
     <span class='ocr_line' id='line_1_111' title="bbox 2162 5215 3741 5292; baseline 0.003 -22"><span class='ocrx_word' id='word_1_813' title='bbox 2162 5218 2254 5271; x_wconf 72' lang='grc' dir='ltr'>καὶ</span> <span class='ocrx_word' id='word_1_814' title='bbox 2286 5215 2562 5287; x_wconf 82' lang='grc' dir='ltr'><strong>χάσματα,</strong></span> <span class='ocrx_word' id='word_1_815' title='bbox 2601 5215 2774 5287; x_wconf 73' lang='grc' dir='ltr'><strong>μικρὰ</strong></span> <span class='ocrx_word' id='word_1_816' title='bbox 2799 5217 2892 5269; x_wconf 75' lang='grc' dir='ltr'><strong>καὶ</strong></span> <span class='ocrx_word' id='word_1_817' title='bbox 2925 5217 3120 5282; x_wconf 77' lang='grc' dir='ltr'>ταῦτα,</span> <span class='ocrx_word' id='word_1_818' title='bbox 3153 5219 3202 5270; x_wconf 83' lang='grc' dir='ltr'><strong>εί</strong></span> <span class='ocrx_word' id='word_1_819' title='bbox 3233 5219 3369 5289; x_wconf 71' lang='grc' dir='ltr'>πρὸς</span> <span class='ocrx_word' id='word_1_820' title='bbox 3397 5219 3466 5272; x_wconf 81' lang='grc' dir='ltr'><strong>τὰ</strong></span> <span class='ocrx_word' id='word_1_821' title='bbox 3497 5221 3741 5292; x_wconf 83' lang='grc' dir='ltr'>παρόντα</span> 
     </span>
    </p>
   </div>
   <div class='ocr_carea' id='block_1_112' title="bbox 2161 5307 3741 5381">
    <p class='ocr_par' dir='ltr' id='par_1_112' title="bbox 2161 5307 3741 5381">
     <span class='ocr_line' id='line_1_112' title="bbox 2161 5307 3741 5381; baseline 0.001 -19"><span class='ocrx_word' id='word_1_822' title='bbox 2161 5309 2419 5381; x_wconf 80' lang='grc' dir='ltr'><strong>κρίνοιτο.</strong></span> <span class='ocrx_word' id='word_1_823' title='bbox 2464 5309 2561 5360; x_wconf 75' lang='grc' dir='ltr'><strong>Διά</strong></span> <span class='ocrx_word' id='word_1_824' title='bbox 2596 5308 2646 5361; x_wconf 85' lang='grc' dir='ltr'><strong>τί</strong></span> <span class='ocrx_word' id='word_1_825' title='bbox 2665 5326 2678 5370; x_wconf 89' lang='lat'><strong>;</strong></span> <span class='ocrx_word' id='word_1_826' title='bbox 2725 5307 2847 5361; x_wconf 84' lang='grc' dir='ltr'>’Ότι</span> <span class='ocrx_word' id='word_1_827' title='bbox 2881 5308 2941 5360; x_wconf 82' lang='grc' dir='ltr'>οὐ</span> <span class='ocrx_word' id='word_1_828' title='bbox 2979 5309 3158 5374; x_wconf 81' lang='grc' dir='ltr'>πάσης</span> <span class='ocrx_word' id='word_1_829' title='bbox 3190 5309 3402 5380; x_wconf 84' lang='grc' dir='ltr'>ἀθρόως</span> <span class='ocrx_word' id='word_1_830' title='bbox 3433 5310 3533 5381; x_wconf 86' lang='grc' dir='ltr'><strong>τῆς</strong></span> <span class='ocrx_word' id='word_1_831' title='bbox 3566 5312 3741 5364; x_wconf 80' lang='grc' dir='ltr'><strong>οἰκου-</strong></span> 
     </span>
    </p>
   </div>
   <div class='ocr_carea' id='block_1_113' title="bbox 2168 5399 3741 5472">
    <p class='ocr_par' dir='ltr' id='par_1_113' title="bbox 2168 5399 3741 5472">
     <span class='ocr_line' id='line_1_113' title="bbox 2168 5399 3741 5472; baseline 0.002 -19"><span class='ocrx_word' id='word_1_832' title='bbox 2168 5401 2334 5472; x_wconf 90' lang='grc' dir='ltr'>μένης</span> <span class='ocrx_word' id='word_1_833' title='bbox 2380 5401 2414 5470; x_wconf 80' lang='grc' dir='ltr'>ὴ</span> <span class='ocrx_word' id='word_1_834' title='bbox 2468 5399 2610 5454; x_wconf 74' lang='grc' dir='ltr'><strong>κατὰ</strong></span> <span class='ocrx_word' id='word_1_835' title='bbox 2659 5401 2894 5471; x_wconf 82' lang='grc' dir='ltr'>πόλεμον</span> <span class='ocrx_word' id='word_1_836' title='bbox 2916 5400 3146 5454; x_wconf 76' lang='grc' dir='ltr'>ἅπτεται</span> <span class='ocrx_word' id='word_1_837' title='bbox 3179 5401 3465 5472; x_wconf 67' lang='grc' dir='ltr'>πμφοράο</span> <span class='ocrx_word' id='word_1_838' title='bbox 3499 5402 3635 5456; x_wconf 83' lang='grc' dir='ltr'><strong>ἀλλά</strong></span> <span class='ocrx_word' id='word_1_839' title='bbox 3679 5403 3741 5456; x_wconf 78' lang='grc' dir='ltr'>τὸ</span> 
     </span>
    </p>
   </div>
   <div class='ocr_carea' id='block_1_114' title="bbox 2169 5492 3736 5566">
    <p class='ocr_par' dir='ltr' id='par_1_114' title="bbox 2169 5492 3736 5566">
     <span class='ocr_line' id='line_1_114' title="bbox 2169 5492 3736 5566; baseline 0.001 -20"><span class='ocrx_word' id='word_1_840' title='bbox 2169 5493 2267 5564; x_wconf 84' lang='grc' dir='ltr'><strong>μέν</strong></span> <span class='ocrx_word' id='word_1_841' title='bbox 2306 5509 2357 5546; x_wconf 90' lang='grc' dir='ltr'><strong>τι</strong></span> <span class='ocrx_word' id='word_1_842' title='bbox 2404 5493 2718 5563; x_wconf 77' lang='grc' dir='ltr'>πολεμεῖται</span> <span class='ocrx_word' id='word_1_843' title='bbox 2762 5494 2950 5564; x_wconf 77' lang='grc' dir='ltr'>αὐτῆς,</span> <span class='ocrx_word' id='word_1_844' title='bbox 2985 5493 3045 5546; x_wconf 82' lang='grc' dir='ltr'><strong>τὸ</strong></span> <span class='ocrx_word' id='word_1_845' title='bbox 3073 5492 3131 5546; x_wconf 81' lang='grc' dir='ltr'>δὲ</span> <span class='ocrx_word' id='word_1_846' title='bbox 3165 5493 3503 5565; x_wconf 84' lang='grc' dir='ltr'>είρηνεύεται</span> <span class='ocrx_word' id='word_1_847' title='bbox 3554 5496 3736 5566; x_wconf 78' lang='grc' dir='ltr'>μέρος.</span> 
     </span>
    </p>
   </div>
   <div class='ocr_carea' id='block_1_115' title="bbox 2167 5585 3740 5661">
    <p class='ocr_par' dir='ltr' id='par_1_115' title="bbox 2167 5585 3740 5661">
     <span class='ocr_line' id='line_1_115' title="bbox 2167 5585 3740 5661; baseline 0.002 -21"><span class='ocrx_word' id='word_1_848' title='bbox 2167 5588 2232 5640; x_wconf 83' lang='lat' dir='ltr'><strong>&#39;l‘i</strong></span> <span class='ocrx_word' id='word_1_849' title='bbox 2272 5587 2464 5654; x_wconf 70' lang='grc' dir='ltr'>πάλιν;</span> <span class='ocrx_word' id='word_1_850' title='bbox 2519 5587 2589 5640; x_wconf 85' lang='grc' dir='ltr'><em>Ἢ</em></span> <span class='ocrx_word' id='word_1_851' title='bbox 2634 5587 2874 5658; x_wconf 75' lang='grc' dir='ltr'>σκηπτὸς</span> <span class='ocrx_word' id='word_1_852' title='bbox 2911 5585 3242 5655; x_wconf 69' lang='grc' dir='ltr'>ὲπέερλεξεν,</span> <span class='ocrx_word' id='word_1_853' title='bbox 3287 5588 3319 5658; x_wconf 83' lang='grc' dir='ltr'>ἢ</span> <span class='ocrx_word' id='word_1_854' title='bbox 3368 5589 3428 5642; x_wconf 80' lang='grc' dir='ltr'>τὸ</span> <span class='ocrx_word' id='word_1_855' title='bbox 3465 5587 3610 5661; x_wconf 78' lang='grc' dir='ltr'><strong>ὕδωρ</strong></span> <span class='ocrx_word' id='word_1_856' title='bbox 3641 5590 3740 5643; x_wconf 75' lang='grc' dir='ltr'>έπ-</span> 
     </span>
    </p>
   </div>
  </div>
