4132 6356
431 320 500 374 88
511 321 528 374 Ι

1459 313 1722 374 ORATIO
1758 313 2110 374 FUNEBRIS
2174 313 2262 367 DE
2322 309 2680 368 PLACILLA.

3598 298 3710 354 88?.

431 442 677 506 έκλυσεν,
705 441 737 513 ἢ
771 441 1048 514 κατεπόθη
1079 443 1158 516 τῷ
1174 443 1432 515 χάσματι.
1459 443 1532 496 Τὸ
1559 443 1616 496 δὲ
1647 440 1820 512 παρὸν
1850 440 2012 494 κακὸν

2124 439 2266 494 bello
2301 438 2613 502 infestatur,
2650 435 2754 489 alia
2783 447 2912 488 vero
2945 445 3073 503 pars
3119 443 3253 501 pace
3297 426 3516 484 fruitur.
3562 428 3704 494 Quid

431 535 610 605 πάσης
641 535 852 606 ἀθρόως
880 536 977 606 τῆς
995 537 1320 607 οἰκουμένης
1348 536 1466 588 ὲστί
1493 535 1696 606 πληγή.
1724 534 1842 587 Οὐκ
1865 533 2018 586 ἔστιν

429 624 580 688 ἔθνος
606 624 664 678 ἓν
693 625 726 696 ἢ
763 626 918 678 πόλιν
950 627 1080 697 μίαν
1110 625 1557 698 ἀπολοφύρασθαι
1581 643 1594 658 ⁸
1641 625 1754 679 ἀλλ’
1787 625 2020 696 ἁρμόζει

428 719 570 788 τάχα
601 719 700 789 τὴν
728 717 822 772 τοῦ
871 719 1346 791 Ναόουχοδονόσορ
1381 718 1668 790 προΐεσθαι
1715 717 1918 788 φωνὴν,
1950 716 2020 786 ἣν

430 811 568 882 πρὸς
626 811 753 872 τοὺς
813 811 1162 882 ὑποχειρίους
1214 811 1540 881 πεποίηται·
1605 809 1778 876 ’Υμῖν
1831 807 2018 877 λέγω,

427 905 598 969 λαός.
655 904 864 972 φυλαί,
919 903 1214 974 γλῶσσαι.
1251 902 1470 957 Μᾶλλον
1514 902 1570 956 δὲ
1627 899 2017 973 συγχωρήσατέ

431 1007 543 1061 μοι.
571 990 886 1062 προσθεῖναί
915 1010 967 1046 τι
995 991 1074 1062 τῷ
1105 991 1376 1063 Ἀσσυρίῳ
1406 992 1748 1063 κηρύγματι,
1784 989 2017 1062 μεγαλο-

429 1084 733 1155 φωνότερον
791 1085 1131 1158 ἀνακηρύξαι
1191 1084 1291 1156 τὴν
1344 1084 1629 1156 συμφορὰν
1679 1085 1775 1137 καὶ
1822 1085 2016 1146 εἰπεῖν,

424 1173 502 1237 ὡς
540 1175 606 1228 ἄν
649 1193 735 1240 τις
780 1176 873 1230 ἐπὶ
906 1177 1110 1248 σκηνῆς
1151 1175 1462 1248 ἀνασοήσας
1511 1177 1686 1230 εἴποι·
1723 1171 1794 1228 Ὦ
1838 1174 2020 1238 πόλεις

428 1267 524 1320 καὶ
555 1267 737 1336 δῆμοι,
771 1268 866 1320 καὶ
898 1267 1025 1339 ἔθνη
1073 1268 1167 1322 καὶ
1214 1267 1477 1338 σύμπασα
1519 1267 1615 1338 γῆ,
1652 1267 1876 1336 καὶτῆς
1919 1265 2018 1320 θα-

426 1357 632 1429 λάσσης
681 1359 804 1412 ὅσον
850 1375 910 1412 τε
959 1358 1206 1429 πλώϊμον
1250 1359 1344 1412 καὶ
1389 1360 1513 1413 ὅσον
1566 1356 1917 1427 οἰκούμενον·
1972 1349 2018 1409 ὦ

427 1449 611 1520 πάσης
634 1449 736 1520 τῆς
770 1450 894 1503 καθ’
922 1451 1070 1521 ἡμᾶς
1101 1449 1428 1520 οἰκουμένης
1457 1450 1581 1504 ὅσον
1635 1448 1714 1520 τῷ
1753 1447 2019 1518 σκήπτρῳ

423 1542 525 1612 τῆς
571 1541 850 1612 βασιλείας
897 1541 1201 1604 εὐθύνεται,
1243 1536 1290 1597 ὧ
1337 1542 1539 1605 πάντες
1576 1541 1626 1594 oi
1680 1535 2019 1609 πανταχόθεν

429 1633 732 1706 ἅνθρωποι,
775 1636 928 1706 κοινῇ
957 1635 1036 1705 τῷ
1086 1635 1250 1689 πάθει
1298 1634 1706 1699 ὲπιστενάξατε,
1738 1634 1890 1704 κοινῇ
1922 1630 2016 1684 τοῦ

423 1723 626 1797 θρήνου
670 1725 768 1795 τὴν
818 1725 1080 1796 συνῳδίαν
1117 1724 1410 1796 στήσασθε,
1453 1727 1606 1796 κοινῇ
1650 1725 1752 1796 τὴν
1797 1723 2017 1777 πάντων

2122 530 2363 586 rursus?
2387 530 2493 584 Aut
2524 528 2730 582 fulmen
2758 524 2968 596 aliquid
2999 521 3375 580 concremavit
3393 561 3408 584 ,
3436 529 3528 574 aut
3555 534 3708 590 aquat

2123 624 2206 679 vis
2234 622 2454 688 obruit,
2491 621 2559 674 ab
2591 619 2744 673 hiatu
2777 625 2942 688 atque
2971 617 3231 688 voragine
3261 614 3465 670 alicubi
3514 613 3707 668 absor-

2123 715 2238 786 ptio
2263 711 2409 770 laeta
2439 721 2544 768 est.
2580 713 2660 766 Ac
2692 725 2934 782 praesens
2962 710 3168 764 malum
3203 707 3447 764 universi
3480 720 3709 777 prorsus

2122 807 2276 862 orbis
2315 813 2588 861 terrarum
2638 805 2843 858 vulnus
2883 810 2969 857 est
3025 819 3038 856 :
3087 801 3202 856 ﬂeri
3252 815 3359 854 non
3413 808 3594 870 potest
3650 804 3709 851 ut

2083 951 2091 960 ,
2122 913 2231 952 una
2267 912 2436 968 gens,
2475 903 2571 949 aut
2607 895 2743 950 urbs
2780 908 2888 947 uua
2922 893 3277 954 lamentetur,
3313 890 3408 945 sed
3445 888 3710 945 convenit

2123 989 2354 1046 forsitan
2383 989 2948 1046 Nabuchodonosoris
2980 989 3144 1044 edere
3178 1002 3368 1042 vocem
3389 1026 3404 1051 ,
3441 1002 3548 1056 qua
3580 985 3710 1040 sub-

2122 1080 2268 1136 ditus
2294 1081 2533 1150 appellat
2563 1100 2576 1135 :
2612 1081 2769 1135 Vobis
2803 1080 2942 1143 dico,
2970 1078 3177 1149 populi,
3209 1076 3406 1141 tribus,
3434 1075 3632 1147 lingua:
3661 1075 3703 1130 ⁸.

2124 1170 2237 1224 lmo
2270 1186 2400 1226 vero
2445 1173 2746 1242 permittite
2780 1173 2912 1226 mihi
2959 1179 3019 1224 ut
3065 1168 3322 1240 adjiciam
3367 1168 3575 1240 aliquid
3606 1169 3710 1223 As-

2122 1262 2272 1332 syrio
2315 1263 2623 1332 prteconio,
2674 1272 2734 1316 ut
2779 1261 3035 1332 ampliori
3079 1275 3214 1315 voce
3262 1261 3598 1330 proclamem
3639 1273 3707 1312 ac

2097 1353 2394 1426 divulgem
2424 1353 2636 1408 cladem
2667 1368 2732 1407 ac
2759 1353 2938 1407 dicam
2961 1393 2978 1419 ,
3007 1360 3068 1406 ut
3097 1353 3299 1422 aliquis
3331 1353 3386 1406 in
3413 1365 3578 1407 scena
3609 1367 3675 1407 ex
3694 1379 3708 1391 ο

2120 1441 2366 1496 clamans
2401 1443 2643 1497 dixerit:
2676 1443 2721 1497 0
2750 1445 3000 1498 civitates
3042 1453 3096 1498 et
3139 1442 3326 1514 populi
3351 1479 3365 1504 .
3409 1450 3466 1497 et
3506 1449 3701 1513 gentes

2118 1541 2172 1588 et
2203 1532 2466 1590 universa
2501 1543 2649 1590 terra
2673 1573 2688 1594 .
2721 1541 2776 1590 et
2805 1536 2977 1591 maris
3011 1534 3277 1606 quidquid
3309 1543 3424 1588 tum
3467 1534 3700 1589 navibus

2121 1624 2366 1694 pervium
2391 1665 2406 1690 ,
2445 1632 2560 1681 tum
2589 1627 2915 1698 (gentibus)
2947 1628 3254 1682 habitatum
3280 1634 3409 1684 est:
3445 1642 3480 1682 ο
3520 1626 3701 1682 omnis

2119 1717 2297 1772 nostri
2321 1717 2476 1773 orbis
2500 1719 2770 1790 quidquid
2804 1719 3017 1790 imperii
3046 1733 3267 1790 sceptro
3296 1719 3526 1790 regitur,
3550 1733 3584 1773 o
3608 1719 3701 1789 qui

425 1787 630 1888 ζημίαν
659 1787 1098 1888 ἀπολοφύρασθε.
1139 1787 1215 1871 “li
1243 1787 1519 1888 βούλεσθε,
1567 1787 1742 1880 iam;
1797 1815 1863 1870 ἂν
1905 1807 2012 1878 οῖός

2117 1823 2185 1862 ex
2213 1809 2471 1865 omnibus
2495 1787 2745 1879 partibus
2770 1787 3119 1866 confluxistis
3143 1787 3416 1874 homines,
3450 1787 3702 1865 commu-

425 1925 486 1961 τε
514 1901 581 1974 ὦ,
623 1909 718 1962 καὶ⁵
737 1909 836 1980 τὴν
869 1907 1074 1980 ζημίαν
1102 1909 1233 1980 ὑμῖν
1260 1909 1636 1980 διηγήσωμαι;
1665 1908 1932 1975 Ἦνεγκεν
1957 1906 2016 1956 ὲν

421 2001 490 2070 τῇ
523 1999 642 2053 καθ’
673 2000 820 2071 ἡμᾶς
844 2001 1009 2071 γενεᾷ
1045 2001 1078 2070 ὴ
1109 1999 1425 2072 ἀνθρωπίνη
1466 1999 1628 2069 φύσις
1653 1999 1862 2052 ἐκϐᾶσα
1889 1997 2015 2060 τούς

426 2091 590 2155 ἰδίους
637 2091 821 2162 ὅρους,
871 2092 966 2146 καὶ
1018 2091 1088 2145 τὰ
1146 2091 1348 2164 συνήθη
1410 2092 1588 2164 μέτρα
1637 2091 1931 2162 νικήσασα,
1977 2092 2010 2160 ἡ

427 2182 611 2252 φύσις,
646 2182 845 2253 μᾶλλον
883 2183 942 2237 δὲ
973 2184 1001 2237 6
1025 2183 1124 2254 τῆς
1163 2182 1377 2252 φύσεως
1412 2181 1636 2253 Κύριος,
1669 2179 2014 2252 ἀνθρωπίνην

421 2275 600 2345 ψυχὴν
629 2277 688 2329 ὲν
715 2275 1010 2344 γυναικείῳ
1047 2275 1128 2345 τῷ
1159 2275 1394 2345 σώματι,
1426 2274 1569 2344 ὐπὲρ
1614 2273 1792 2326 πάντα
1829 2271 2013 2342 σχεδὸν

421 2367 491 2419 τὰ
520 2367 862 2437 προλαϐόντα
891 2366 990 2437 τῆς
1020 2368 1222 2440 ἀρετῆς
1262 2367 1655 2437 ὑποδείγματα,
1692 2367 1749 2418 ὲν
1864 2365 2013 2416 πάσα

427 2457 526 2527 μὲν
581 2456 855 2528 σώματος,
903 2459 1052 2512 πᾶσα
1089 2458 1146 2512 δὲ
1184 2458 1361 2528 ψυχῆς
1399 2457 1568 2527 ἀρετὴ
1613 2455 2011 2526 συνδραμούσα,

424 2549 609 2620 θαῦμα
655 2549 884 2604 ἄπιστον
930 2550 1099 2614 ἔδειξε
1147 2551 1214 2621 τῇ
1260 2549 1578 2620 ἀνθρωπίνῃ
1629 2547 1777 2618 ζωῇ,
1833 2547 2013 2601 πόσων

421 2638 644 2708 ἀγαθῶν
671 2639 976 2713 συνδρομὴν
1001 2643 1099 2712 μιᾷ
1126 2641 1273 2712 ψυχῇ
1304 2643 1362 2694 ὲν
1395 2641 1475 2693 ἑνὶ
1501 2639 1744 2711 ἐχώρησε
1765 2638 2008 2709 σώματι;

424 2733 534 2785 Καὶ
562 2732 638 2796 ὡς
685 2735 750 2787 ἂν
805 2733 1040 2804 μάλιστα
1076 2733 1386 2803 καταφανὲς
1439 2731 1608 2785 ἅπασι
1656 2731 1866 2799 γένοιτο
1911 2730 2011 2799 τῆς

423 2823 614 2888 γενεᾶς
643 2821 702 2874 τὸ
732 2821 1036 2892 εὐτύχημα,
1082 2823 1173 2875 ἐπὶ
1199 2820 1291 2875 τὸν
1330 2819 1532 2891 ὑψηλὸν
1576 2818 1762 2889 θρόνον
1792 2817 1889 2887 τῆς
1919 2815 1989 2885 βα

425 2909 629 2973 σιλείας
663 2909 945 2978 ἀνάγεται,
992 2911 1140 2972 ὅπως
1179 2908 1329 2980 ήλίου
1375 2907 1529 2978 δίκην
1573 2907 1640 2959 ὲκ
1675 2905 1770 2958 τοῦ
1805 2903 2010 2974 ὐψηλού

423 3000 733 3072 ἀξιώματος
779 3003 960 3054 πᾶσαν
994 2999 1092 3070 τὴν
1138 2998 1464 3070 οἰκουμένην
1513 3000 1635 3059 ταῖς
1679 2997 1860 3050 ἀκτῖσι
1903 2995 2012 3048 τῶν

421 3091 634 3159 ἀρετῶν
670 3090 1094 3162 καταλάμψειεν,
1133 3092 1228 3143 καὶ
1256 3090 1332 3161 τῷ
1358 3090 1499 3143 κατά
1528 3088 1681 3142 θείαν
1706 3088 1888 3158 ψῆφον
1913 3090 2010 3157 τῆς

421 3182 747 3253 οἰκουμένης
785 3182 1004 3250 ἀπάσης
1051 3181 1476 3252 προτεταγμένῳ
1523 3182 1602 3244 είς
1654 3179 1769 3250 βίου
1805 3196 1866 3232 τε
1911 3179 2007 3232 καὶ

425 3273 701 3343 βασιλείας
769 3273 1051 3326 κοινωνίαν
1125 3271 1592 3343 συναρμοσθεῖσα,
1671 3269 2006 3341 μακαριστὸν

422 3364 595 3418 ἐποίει
636 3364 702 3418 δι’
730 3365 927 3436 ἑαυτῆς
953 3365 1016 3418 τὺ
1053 3366 1313 3436 ὑπήκοον,
1343 3363 1532 3428 ὅντως,
1565 3362 1746 3424 καθώς
1773 3377 1936 3432 φησιν
1973 3361 2006 3430 ή

422 3457 636 3528 Γραφῇ,
674 3457 864 3528 βοηθὸς
893 3456 1042 3528 αὐτῷ
1076 3458 1213 3526 πρὸς
1253 3457 1360 3510 πᾶν
1395 3455 1598 3524 ἀγαθὸν
1626 3453 1908 3524 γινομένη.
1944 3451 2008 3505 Ei

422 3548 831 3619 φιλανθρωπίας
853 3545 921 3622 ἦν
949 3553 978 3604 6
1023 3549 1236 3621 καιρὸς,
1273 3549 1305 3618 ἢ
1349 3548 1669 3618 συνέτρεχεν
1699 3544 1849 3616 αὐτῷ
1873 3545 2007 3616 πρὸς

422 3640 484 3692 τὸ
509 3638 710 3708 ἀγαθὸν
736 3639 912 3706 τοῦτο,
941 3641 974 3712 ἢ
1002 3641 1094 3694 καὶ
1139 3640 1469 3710 προέτρεχεν
1488 3651 1502 3665 ⁶
1537 3635 1649 3701 ἴσος
1675 3633 1744 3708 ἦν
1789 3639 1820 3690 6
1845 3635 2009 3704 ζυγὸς

424 3730 765 3801 ἑκατέρωθεν
789 3731 855 3804 τῇ
889 3732 988 3802 τῆς
1017 3730 1424 3803 φιλανθρωπίας
1455 3731 1617 3800 ῥοπῇ.
1646 3729 1930 3800 Μαρτυρεῖ
1951 3728 2007 3780 δὲ

419 3821 502 3893 θεῷ
526 3821 666 3891 λόγῳ
697 3821 766 3876 τά
781 3840 838 3875 τε
863 3823 1126 3894 πρότερον
1158 3821 1390 3893 ἀριθμὸν
1421 3819 1677 3884 νικῶντα,
1704 3819 1797 3872 καλ⁵
1821 3817 1890 3870 τὰ
1916 3818 2010 3870 ἐπὶ

424 3915 518 3968 τοῦ
548 3915 814 3987 παρόντος
849 3914 1200 3985 κηρύγματα,
1244 3912 1280 3966 ἃ.
1307 3912 1402 3965 νῦν
1435 3911 1583 3982 ποιρά
1627 3911 1720 3963 τοῦ
1770 3911 2009 3981 κήρυκος

422 4006 524 4077 τῆς
566 4006 824 4078 ἀληθείας
869 4004 1204 4076 ἠκούσαμεν.
1253 4004 1317 4057 Εἰ
1353 4003 1413 4057 τὺ
1460 4002 1680 4064 εὐσεϐὲς
1708 4001 2006 4071 ἐπιζητεῖς,

423 4097 602 4162 κοινὸς
627 4094 694 4169 ἦν
728 4097 1053 4169 ἀμφοτέρων
1075 4100 1104 4151 6
1132 4097 1267 4169 πρὸς
1293 4095 1575 4150 εὐσέσειαν
1606 4092 1823 4165 δρόμος.
1856 4094 1918 4146 Εἰ
1948 4092 2010 4144 τὸ

426 4191 800 4261 προνοητικὸν,
834 4191 972 4244 εἰτὸ
1015 4191 1243 4253 δίκαιον,
1277 4191 1324 4243 εί
1369 4188 1496 4242 ἀλλο
1533 4204 1586 4240 τι
1622 4186 1733 4240 τῶν
1763 4188 1896 4255 πρὸς
1950 4185 2010 4238 τὸ

426 4285 670 4354 κρεῖττον
695 4282 1146 4352 σπουδαζομένων
1164 4298 1177 4312 ·
1213 4283 1392 4336 πάντα
1421 4282 1480 4332 ὲν
1520 4279 1718 4350 ἁμίλλῃ
1747 4275 1814 4350 ἦν
1847 4278 2012 4348 ἀλλή-

424 4373 550 4436 λους
582 4373 738 4444 νικᾷν
769 4374 825 4425 ἐν
855 4375 975 4436 ταῖς
1003 4372 1272 4436 εὐποιίαις
1303 4370 1769 4440 φιλονεικούντων,
1789 4370 1882 4424 καὶ
1911 4370 2010 4422 οὐκ

2117 1901 2262 1954 niter
2289 1902 2593 1956 calamitati
2626 1901 3006 1974 ingemiscite,
3034 1902 3401 1958 communiter
3435 1902 3701 1957 lamenta-

2117 1993 2283 2049 tiunis
2313 2003 2645 2049 concentum
2689 1995 2999 2060 instituite,
3043 1995 3416 2052 communiter
3454 1996 3700 2050 omnium

2112 2083 2393 2152 jacturam
2423 2083 2738 2154 deplorato!
2783 2085 2865 2139 An
2919 2085 3086 2140 vultis
3135 2094 3216 2150 ut,
3263 2091 3425 2156 prout
3473 2092 3698 2154 potero,

2116 2175 2282 2228 etiam
2334 2175 2729 2231 detrimentum
2781 2177 2940 2232 vobis
2985 2177 3304 2248 exponam?
3347 2176 3498 2231 Tulit
3538 2184 3702 2232 aetate

2116 2271 2306 2321 nostra
2342 2265 2581 2320 humana
2619 2275 2813 2322 natura
2844 2275 2999 2323 extra
3032 2281 3166 2324 suos
3211 2268 3477 2323 terminos
3508 2281 3702 2339 egres-

2115 2373 2212 2421 sa,
2263 2359 2658 2430 consuetisque
2701 2359 2882 2415 modis
2932 2360 3244 2430 superatis,
3291 2359 3416 2415 tulit
3463 2365 3700 2426 natura,

2117 2449 2228 2504 imo
2253 2466 2384 2506 vero
2408 2461 2618 2506 naturae
2647 2451 2916 2507 Dominus
2947 2452 3240 2507 humanam
3267 2453 3505 2507 animam
3539 2452 3592 2506 in
3624 2451 3706 2508 fe-

2117 2540 2300 2597 mineo
2327 2557 2558 2612 rorpore
2583 2558 2752 2614 supra
2779 2546 2964 2600 omnia
2994 2545 3389 2616 propemodum
3416 2545 3702 2616 Superiora

2115 2635 2337 2690 virtutis
2365 2636 2615 2706 exempla
2637 2675 2654 2701 ,
2687 2637 2740 2690 in
2774 2651 2881 2708 qua
2911 2639 3092 2692 omnis
3124 2645 3238 2692 tum
3270 2639 3518 2709 corporis
3539 2677 3556 2700 .
3584 2646 3700 2692 tum

2115 2724 2282 2778 animi
2318 2726 2543 2782 virtutis
2581 2742 2856 2783 concursu
2889 2727 2915 2781 f
2945 2738 3068 2794 ctu,
3101 2730 3428 2784 miraculum
3460 2731 3705 2786 incredi-

2117 2817 2224 2871 l.ile
2257 2816 2378 2871 vitae
2423 2817 2676 2872 humana:
2725 2818 3032 2873 exhibitum
3079 2827 3196 2886 est,
3247 2828 3383 2890 quot
3430 2821 3700 2875 bonorum

2115 2923 2448 2963 com-ursum
2482 2924 2589 2963 una
2625 2909 2812 2964 auin'ta
2860 2911 2914 2964 in
2963 2926 3072 2965 uno
3111 2923 3344 2981 corpore
3387 2912 3706 2967 Continuit!

2113 3000 2291 3069 Atque
2320 3007 2380 3054 ut
2409 3001 2668 3056 omnibus
2696 3003 3045 3080 potissimum
3080 3005 3372 3074 perspicua
3400 3005 3494 3058 fiat
3521 3005 3702 3061 a-tatis

2038 3129 2080 3182 Ο
2116 3100 2320 3147 nostra:
2354 3091 2589 3150 felicitas
2609 3133 2625 3155 .
2653 3096 2719 3150 ad
2751 3095 2987 3151 Sublime
3019 3096 3218 3153 solium
3249 3098 3399 3169 regni
3431 3096 3700 3164 evehitur,

2115 3191 2174 3235 ut
2203 3184 2336 3240 solis
2366 3185 2419 3239 in
2453 3187 2674 3241 modum
2708 3188 2970 3243 virtutum
3008 3187 3180 3245 radiis
3208 3203 3239 3244 e
3268 3189 3490 3245 sublimi
3521 3189 3705 3260 digni-

2117 3285 2227 3330 tate
2273 3276 2595 3333 universum
2638 3279 2826 3334 orbem
2870 3280 3209 3348 illustraret,
3252 3288 3418 3352 atque
3459 3281 3511 3335 ei
3538 3323 3551 3344 ,
3603 3281 3699 3352 qui

2117 3368 2375 3424 universo
2408 3371 2528 3425 orbi
2570 3379 2843 3426 terrarum
2877 3373 3069 3430 divino
3105 3374 3340 3429 arbitrio
3369 3374 3701 3445 praepositus

2115 3471 2260 3515 esset
2285 3501 2301 3525 ,
2332 3460 2404 3514 ad
2430 3461 2558 3516 vitae
2589 3463 2796 3533 pariter
2831 3471 2886 3519 et
2921 3463 3135 3534 imperii
3173 3465 3496 3520 societatem
3527 3480 3702 3536 copu-

2117 3554 2224 3608 lata
2248 3595 2261 3617 ,
2305 3555 2558 3611 subditos
2608 3571 2704 3626 per
2739 3573 2862 3612 sese
2914 3558 3103 3612 beatos
3141 3556 3409 3625 efficeret,
3453 3571 3578 3612 cum
3614 3573 3702 3613 rc-

2116 3661 2244 3699 vera
2267 3688 2281 3711 ,
2312 3657 2371 3700 ut
2405 3647 2584 3718 inquit
2617 3647 2904 3718 Scriptura
2929 3688 2946 3714 ,
2992 3649 3305 3704 auxiliatrix
3347 3648 3398 3707 ei
3442 3657 3591 3705 esset
3634 3651 3701 3705 ad

2115 3754 2282 3793 omne
2312 3739 2536 3793 bonum.
2572 3738 2629 3793 Si
2661 3739 3059 3794 humanitatem
3096 3757 3184 3796 res
3219 3741 3574 3812 postulabat,
3608 3750 3705 3796 aut

2117 3831 2483 3884 concurrebat
2507 3845 2632 3884 cum
2659 3846 2726 3886 eo
2755 3831 2822 3884 ad
2849 3831 2950 3885 hoc
2983 3832 3188 3886 bonum
3213 3873 3228 3896 ,
3256 3842 3349 3887 aut
3375 3833 3540 3887 etiam
3573 3848 3705 3904 pra:-

2117 3921 2377 3976 currebat
2404 3939 2416 3974 :
2451 3937 2550 3992 par
2583 3934 2703 3978 erat
2731 3923 2987 3994 utrinque
3023 3924 3160 3980 libra
3193 3926 3558 3997 propensione
3591 3927 3682 3980 hu-

2118 4011 2416 4066 manitatis.
2455 4011 2532 4066 Ac
2571 4012 2889 4068 testimonio
2921 4025 3050 4069 sunt
3081 4013 3317 4069 orationi
3347 4030 3470 4068 cum
3508 4015 3689 4085 priora

2120 4101 2262 4156 facta
2295 4101 2719 4156 innumerabilia
2743 4145 2758 4167 ,
2794 4109 2906 4155 tum
2939 4102 3228 4173 praesentis
3259 4103 3520 4173 temporis
3553 4119 3691 4175 pra:-

2117 4193 2313 4257 couia,
2344 4207 2466 4261 qua:
2509 4206 2658 4246 nunc
2702 4191 3016 4249 audivimus
3059 4209 3090 4248 a
3136 4208 3390 4266 praecone
3420 4194 3692 4250 veritatis.

2119 4283 2176 4337 Si
2214 4284 2470 4354 pietatem
2509 4283 2770 4352 requiris,
2803 4285 3118 4341 communis
3145 4291 3264 4340 erat
3297 4285 3546 4355 utrisque
3577 4301 3703 4342 cur-

2119 4392 2215 4431 sus
2245 4375 2312 4429 ad
2347 4375 2606 4446 pietatem
2637 4393 2651 4430 :
2687 4374 2734 4429 si
2771 4375 3170 4444 providentiam
3192 4417 3208 4441 ,
3241 4377 3289 4432 si
3315 4377 3587 4446 justitiam
3609 4417 3624 4441 ,
3653 4379 3700 4433 si

425 4462 492 4536 ἦν
523 4469 551 4520 6
584 4465 914 4537 ἡττώμενος.
951 4467 1070 4536 Ἴση
1105 4483 1186 4529 τις
1213 4463 1538 4535 ἀμφοτέρων
1573 4466 1606 4534 ἡ
1644 4465 1730 4518 ἐπ’
1761 4463 2010 4535 ἀλλήλοις

2117 4465 2250 4536 quid
2282 4463 2432 4519 aliud
2462 4479 2528 4519 ex
2557 4465 2624 4519 iis
2655 4481 2774 4535 quae
2807 4468 3027 4522 virtutis
3056 4468 3282 4524 nomine
3312 4469 3554 4540 bonique
3575 4485 3702 4525 con-

426 4559 605 4628 χάρις,
635 4559 669 4629 ὴ
704 4556 802 4628 μὲν
829 4558 1030 4628 ἀρετῆς
1061 4552 1221 4611 ἆθλον
1250 4552 1394 4627 εἶχεν
1421 4556 1512 4609 τὸν
1546 4559 1646 4628 τῆς
1685 4558 2014 4628 οἰκουμένης

427 4649 865 4720 προτεταγμένον
885 4691 900 4714 ,
933 4651 962 4703 6
1006 4649 1061 4702 δὲ
1110 4648 1310 4720 μικρὰν
1356 4649 1542 4719 ἡγεῖτο
1569 4649 1672 4719 γῆς
1703 4667 1762 4702 τε
1790 4652 1884 4703 καὶ
1913 4649 2013 4703 θα-

426 4741 626 4812 λάττης
655 4740 752 4812 τὴν
804 4740 1052 4805 ἐξουσίαν
1094 4741 1380 4812 συγκρίσει
1407 4739 1501 4794 τοῦ
1547 4740 1667 4793 κατ’
1713 4742 1881 4813 αὐτὴν
1923 4742 2015 4793 εὐ-

423 4833 772 4902 τυχήματος·
819 4832 940 4895 ῐσας
974 4831 1224 4903 ἀλλήλοις
1261 4834 1646 4905 ἀντιπαρεῖχον
1677 4832 1776 4896 τὰς
1814 4833 2012 4904 εὐφρο-

429 4924 613 4988 σύνας,
671 4923 935 4995 ἀλλήλους
993 4941 1050 4977 τε
1116 4924 1404 4994 βλέποντες
1467 4927 1561 4980 καὶ
1617 4925 1708 4978 ὐπ’
1765 4925 2009 4995 ἀλλήλων

425 5015 692 5088 ὁρώμενοι
711 5033 724 5046 ο
758 5018 786 5070 6
816 5016 915 5087 μὲν
939 5016 1176 5080 τοιοῦτος
1201 5017 1276 5070 ὢν
1303 5012 1415 5081 οἷός
1441 5020 1557 5071 ἐστι
1580 5018 1762 5088 (ποῖον
1794 5017 1902 5086 γάρ
1925 5033 2008 5080 τις

428 5107 622 5172 κάλλος
692 5109 833 5180 ὑπὲρ
890 5108 951 5160 τὸ
1002 5108 1324 5178 φαινόμενον
1379 5108 1633 5174 δείξειεν;
1691 5108 1782 5160 καὶ
1821 5106 1907 5177 εἴη
1944 5123 2008 5174 γε

425 5199 710 5268 διαρκέσαι
741 5200 836 5253 καὶ
864 5201 945 5263 εἰς
994 5199 1230 5268 ἐκγόνων
1269 5198 1414 5270 ζωὴν
1450 5200 1511 5252 τὸ
1535 5199 1809 5270 ὁρώμενον
1825 5197 1866 5270 ),
1908 5197 2008 5269 τὴν

424 5289 503 5352 δὲ,
533 5289 621 5341 οῖα
648 5305 730 5352 τις
763 5285 854 5362 ἦν,
881 5290 982 5343 οὐκ
1002 5289 1148 5342 εστιν
1179 5289 1450 5356 ὑποδεῖξαι
1489 5290 1567 5359 τῷ
1593 5289 1767 5360 λόγῳ·
1800 5289 1861 5342 ού
1900 5289 2010 5360 γάρ
2039 5312 2050 5314 ν

428 5380 834 5450 περιλέλειπταί
861 5398 911 5433 τι
943 5381 1111 5452 αὐτῆς
1133 5381 1200 5433 δι’
1223 5380 1505 5450 ἀκριϐείας
1532 5383 1680 5453 παρὰ
1700 5383 1796 5455 τῆς
1815 5383 2008 5455 τέχνης

425 5472 710 5540 ὁμοίωμα·
763 5472 875 5525 ἀλλ’
925 5475 972 5526 εἰ
1021 5473 1112 5528 καί
1161 5491 1213 5526 τι
1260 5473 1479 5542 γέγονεν
1509 5475 1567 5526 ὲν
1619 5475 1914 5546 γραφαῖςῆ
1949 5477 2007 5530 ἐν

430 5563 731 5634 πλάσμασι,
767 5565 944 5618 πάντα
976 5565 1075 5635 τῆς
1105 5565 1360 5638 ἀληθείας
1387 5566 1534 5619 ἐστὶν
1565 5566 1900 5638 ἐνδεέστερα.

2113 4557 2376 4628 sequendi
2409 4573 2578 4613 causa
2607 4566 2942 4629 expetuntur
2972 4577 2988 4614 :
3030 4563 3215 4616 omnia
3240 4563 3413 4632 posita
3440 4572 3599 4618 erant
3642 4564 3698 4618 in

2113 4653 2416 4707 certamine
2464 4651 2915 4707 contendentium
2971 4669 3196 4720 secum,
3246 4665 3366 4710 uter
3412 4657 3482 4712 ab
3524 4657 3700 4712 altero

2104 4743 2420 4798 benefactis
2459 4751 2516 4798 et
2549 4743 2745 4799 ciliciis
2777 4743 3112 4812 vinceretur,
3144 4761 3246 4801 nec
3276 4747 3540 4802 alteruter
3579 4757 3698 4803 erat

2112 4837 2364 4891 inferior.
2399 4835 2652 4908 Aiqualis
2679 4837 2931 4907 qtucdam
2965 4852 3030 4892 ac
3061 4853 3160 4909 par
3185 4844 3305 4892 erat
3330 4842 3580 4909 utrisque
3606 4839 3698 4893 in-

2116 4937 2200 4984 ter
2228 4929 2382 4999 ipsos
2420 4939 2612 4983 mutua
2658 4928 2834 4999 gratia
2881 4929 3389 5000 commoditasque,
3436 4930 3526 4984 illa
3569 4930 3698 5001 qui-

2114 5021 2239 5075 dent
2273 5019 2558 5090 praemium
2590 5018 2812 5072 virtutis
2841 5017 3067 5072 habebat
3101 5017 3222 5072 orbi
3255 5025 3524 5072 terrarum
3556 5027 3697 5089 prat-

2118 5111 2353 5182 positum
2385 5128 2398 5164 :
2431 5109 2518 5164 hic
2552 5125 2680 5164 vero
2711 5109 2862 5178 parvi
2894 5108 3202 5164 mstimabat
3227 5117 3388 5164 terra:
3417 5109 3698 5179 marisque

2117 5203 2403 5258 arbitrium
2457 5216 2519 5255 ac
2571 5208 2897 5270 potestatem
2959 5217 3071 5270 pra:
3123 5215 3188 5256 ea
3236 5199 3530 5267 felicitate,
3587 5217 3696 5272 qua

2117 5297 2264 5348 illam
2297 5300 2492 5349 nactus
2522 5301 2640 5348 erat
2668 5309 2682 5345 :
2717 5307 2876 5363 pares
2905 5292 3142 5348 invicem
3179 5293 3318 5349 alter
3351 5295 3507 5350 alteri
3542 5294 3698 5350 oble-

2116 5387 2389 5442 ttationes
2415 5384 2764 5456 praebebant,
2791 5384 2920 5439 dum
2954 5395 3007 5440 ct
3033 5387 3172 5440 alter
3201 5387 3431 5443 alterum
3462 5387 3692 5449 videret.

2114 5491 2170 5535 et
2198 5480 2335 5533 alter
2363 5479 2432 5532 ab
2460 5477 2633 5532 altero
2663 5477 3081 5548 conspiceretur
3105 5497 3118 5533 :
3153 5478 3241 5534 hic
3270 5479 3490 5551 quidem
3525 5481 3652 5534 talis
3678 5518 3694 5542 .

2119 5569 2299 5641 qualis
2331 5576 2414 5624 est
2449 5569 2706 5640 (qualem
2746 5569 2892 5624 enim
2917 5570 3378 5646 pulchritudinem
3422 5570 3547 5641 quis
3593 5585 3692 5624 suo

433 5667 527 5725 pra
558 5667 714 5716 eam,
757 5669 878 5722 qua:
909 5664 1164 5724 apparet,
1198 5657 1545 5714 ostenderit?
1574 5669 1625 5714 et
1660 5659 1880 5729 quidem
1916 5661 1998 5716 vcl
2050 5663 2116 5718 ad
2156 5669 2415 5733 nepotqu
2459 5677 2634 5731 usque
2685 5661 2848 5716 vitam
2889 5661 3170 5718 duraverit
3202 5679 3300 5722 ea.
3363 5678 3484 5735 qua:
3535 5662 3688 5720 vide-

534 5767 555 5800 ⁸
591 5767 726 5823 Dan.
764 5784 846 5830 ιιι,
881 5769 936 5824 4.
