4132 6356
475 308 579 359 δδῧ

1695 309 1750 364 S.
1787 308 2116 365 GllEGOBIl
2159 308 2453 366 ΜεδιιΜ

3635 317 3742 373 886

474 433 582 486 tur,
619 425 972 496 pulchritudo
988 427 1030 498 ),
1070 428 1160 482 illa
1190 445 1320 486 vero
1362 431 1541 500 qualis
1586 431 1833 501 quaedam
1875 439 2042 498 esset,
2087 448 2194 488 non
2229 441 2408 503 potest
2465 431 2828 488 demonstrari
2871 434 3159 491 oratione:
3205 451 3318 491 non
3359 434 3507 492 enim
3558 446 3735 490 exstat

469 518 589 586 ejus
627 519 850 590 aliquod
889 522 1284 588 simulacrum,
1325 526 1469 594 quod
1507 541 1600 595 per
1634 535 1806 580 artem
1841 533 2033 581 exacte
2069 527 2408 582 elaboratum
2443 527 2550 590 sit,
2585 525 2680 582 sed
2715 527 2760 581 si
2793 527 2938 597 quod
2970 530 3134 583 etiam
3164 529 3440 599 depictum
3507 528 3593 584 vel
3657 528 3740 580 cf-

471 615 656 668 tictum
687 625 806 681 est,
832 616 1018 672 omnia
1047 631 1076 670 a
1103 619 1334 673 veritate
1363 620 1557 688 procul
1589 620 1811 675 absunt.

539 707 821 778 Ejusmodi
841 710 1004 763 etiam
1031 725 1204 779 usque
1218 709 1398 766 adhuc
1422 721 1553 767 sunt
1586 729 1651 768 ea
1674 728 1794 782 quze
1814 728 2041 767 narran-

2223 707 2457 764 Τοιαῦτα
2507 709 2601 762 καὶ
2643 707 2804 779 μέχρι
2843 705 3032 760 τούτου
3071 707 3139 759 τά
3180 706 3529 776 διηγήματαο
3572 708 3641 761 τά
3680 710 3737 761 δὲ

468 807 559 851 tur
575 817 589 852 :
607 815 727 868 qua:
741 808 1046 868 sequuntur
1062 801 1506 870 qualia?Rursus
1520 804 1756 859 clamare
1769 820 1954 874 cogor.
1971 804 2049 857 Ac

469 890 598 943 mihi
631 891 898 960 ignoscite
937 901 1158 962 propter
1207 894 1613 950 incommodum
1647 896 1934 950 clamando
1959 911 2048 950 ex-

469 989 552 1034 tra
579 981 798 1035 modum
822 983 1143 1052 egredienti.
1198 983 1243 1040 0
1269 983 1541 1049 Thracia,
1585 984 1904 1056 fugiendum
1943 1004 2044 1043 no-

467 1073 623 1124 men!
654 1073 698 1125 0
727 1071 914 1126 infelix
942 1073 1206 1143 praedium
1226 1114 1240 1138 ,
1271 1091 1408 1146 gens
1441 1075 1694 1133 cladibus
1727 1079 2041 1134 nobilitata!

465 1161 510 1214 0
552 1159 703 1230 prius
735 1160 957 1232 quidem
989 1163 1174 1218 hostili
1209 1164 1322 1234 igni
1371 1165 1734 1222 barbarorum
1772 1169 2045 1225 incursio-

399 1246 411 1262 '
465 1254 550 1307 nis
575 1261 816 1316 vastata,
864 1269 1011 1308 nunc
1042 1271 1170 1310 vero
1219 1266 1384 1328 caput
1443 1273 1508 1314 ac
1567 1275 1843 1316 summam
1892 1277 2044 1316 com-

465 1344 650 1398 munis
703 1344 1037 1401 calamitatis
1071 1346 1123 1400 in
1171 1355 1224 1402 te
1278 1349 1587 1420 recipiens,
1640 1350 1792 1406 illinc
1842 1352 2042 1407 bonum

464 1433 773 1504 abripitur,
803 1434 915 1490 illic
945 1436 1150 1490 invidia
1184 1437 1449 1494 adversus
1473 1439 1758 1508 imperium
1793 1452 2042 1510 grassata

463 1541 528 1580 ac
556 1525 888 1582 debacchata
949 1536 1072 1591 est,
1137 1527 1248 1584 illic
1296 1531 1446 1587 orbis
1502 1542 1770 1587 terrarum
1822 1536 2044 1588 naufra-

463 1619 612 1686 gium
647 1618 851 1674 factum
882 1628 1008 1686 est,
1062 1621 1173 1675 illic
1223 1630 1484 1693 tanquam
1542 1625 1762 1681 turbine
1803 1631 2038 1699 correpti

461 1707 529 1762 ad
557 1711 841 1778 scopulum
877 1712 1244 1782 impingentcs
1274 1714 1329 1768 in
1364 1714 1592 1770 fimdum
1623 1717 1859 1774 tristitiae
1881 1728 2042 1790 atque

463 1799 715 1852 llltBl‘Ol‘lS
741 1798 982 1855 demersi
1034 1805 1258 1857 sumus!
1291 1803 1336 1858 0
1367 1805 1563 1859 malam
1616 1807 1766 1862 illam
1799 1814 2038 1881 peregri-

461 1890 776 1954 nationem,
799 1905 922 1960 qua:
950 1891 1185 1947 reditum
1207 1895 1531 1966 denegavit!
1558 1900 1600 1951 0
1625 1914 1798 1969 aquas
1823 1915 2040 1956 amaras

458 1993 692 2046 quarum
724 1977 906 2035 fontes
955 1983 1166 2056 utinam
1207 1999 1317 2040 non
1350 1986 1748 2046 desiderasset!
1797 1990 1842 2046 0
1905 2008 2041 2062 prae-

2149 802 2243 854 ὲπὶ
2301 799 2511 864 τούτοις
2561 795 2689 864 eia;
2756 798 2922 852 Πάλιν
2987 797 3114 869 βοᾷν
3167 798 3567 868 ἀναγκάζομαι.
3628 800 3734 852 Καί

2152 909 2242 963 μοι
2277 891 2552 961 σύγγνωτε
2602 891 2937 963 ὑπερόοῶντι
2984 892 3045 942 τὸ
3090 889 3278 952 πάθος.
3313 885 3382 942 Ὦ
3428 891 3640 962 Θρᾴκη,
3673 891 3734 943 τὸ

2149 984 2379 1052 φευκτὸν
2423 983 2626 1053 ὅνομαί
2667 978 2738 1034 Ὦ
2766 981 3026 1052 δυστυχὲς
3059 982 3277 1052 χωρίον,
3305 982 3452 1046 ἔθνος
3482 985 3547 1035 ὲκ
3594 1001 3728 1052 συμ-

2149 1076 2330 1146 φορῶν
2358 1075 2753 1147 γνωριζόμενον
2771 1075 2786 1128 l
2807 1069 2879 1126 ’Ὦ
2910 1075 3174 1145 πρότερον
3203 1074 3302 1144 μὲν
3331 1075 3576 1146 πολεμίῳ
3596 1079 3731 1148 πυρὶ

2146 1171 2266 1231 ταῖς
2312 1166 2422 1219 τῶν
2457 1166 2749 1238 βαρϐάρων
2789 1165 3106 1236 ἐπιδρομαῖς
3137 1165 3426 1237 δῃωθεῖσα,
3452 1166 3546 1219 νῦν
3583 1167 3637 1219 δὲ
3671 1169 3732 1220 τὸ

2148 1258 2438 1327 κεφάλαιον
2479 1257 2579 1328 τῆς
2617 1257 2804 1329 κοινῆς
2833 1259 3122 1329 συμφορᾶς
3150 1260 3206 1310 ἐν
3231 1259 3394 1329 ἑαυτῇ
3437 1257 3726 1330 δεξαμένη

2146 1352 2356 1405 ἐκεῖθεν
2400 1350 2460 1404 τὸ
2508 1349 2710 1420 ἀγαθὸν
2749 1350 3141 1422 ἀναρπάζεται,
3167 1351 3334 1402 ἐκεῖὸ
3365 1349 3557 1419 φθόνος
3584 1351 3726 1404 κατὰ

2144 1445 2242 1514 τῆς
2273 1443 2548 1514 βασιλείας
2590 1443 2899 1513 ἐκώμασεν,
2943 1444 3060 1496 ἐκεῖ
3085 1443 3308 1511 γέγονεν
3337 1443 3399 1495 τὸ
3426 1443 3524 1512 τῆς
3549 1445 3726 1496 οἰκου-

2148 1536 2314 1606 μένης
2338 1537 2614 1602 ναυάγιον,
2637 1537 2754 1588 ἐκεῖ
2773 1533 3024 1605 καθάπερ
3050 1537 3108 1587 ὲν
3129 1533 3356 1587 κλύδωνι
3377 1532 3453 1604 τῷ
3480 1534 3732 1604 προϐόλῳ

2145 1625 2631 1698 προσπταίσαντες,
2671 1625 2750 1695 τῷ
2793 1625 2894 1694 τῆς
2934 1625 3109 1695 λύπης
3139 1622 3289 1693 βυθῷ
3351 1622 3720 1693 κατεδύημενι

2147 1719 2213 1770 Ὦ
2237 1719 2478 1788 πονηρᾶς
2505 1716 2770 1788 ἐκδημίας
2797 1716 3032 1784 ἐκείνης,
3063 1716 3096 1785 ἡ
3129 1715 3228 1785 τὴν
3255 1712 3601 1785 ὑποστροφὴν
3626 1715 3726 1766 οὐκ

2141 1809 2453 1864 ἀπέδωκενί
2483 1810 2548 1864 Ὢ
2576 1808 2788 1881 πικρῶν
2816 1809 3046 1874 ὑδάτων,
3071 1800 3144 1860 ὢν
3175 1805 3273 1870 τὰς
3300 1805 3486 1878 πηγάς
3524 1805 3724 1858 ἐπεπό-

2142 1899 2324 1970 θησεν,
2375 1900 2449 1964 ὼς
2490 1900 2590 1954 οὐκ
2632 1899 2890 1969 ὥφειλενί
2921 1895 2992 1952 Ὦ
3040 1897 3256 1969 χωρίον,
3298 1901 3356 1952 ἐν
3386 1891 3432 1966 ᾧ
3462 1898 3524 1952 τὸ
3556 1899 3726 1963 πάθος

2141 1992 2388 2061 ἐγένετο,
2449 1991 2538 2046 διὰ
2588 1991 2650 2045 τὸ
2696 1991 2869 2055 πάθος
2927 1993 2994 2062 τῇ
3046 1990 3352 2061 σκοτομήνῃ
3411 1988 3725 2060 ἐπώνυμον.

459 2068 608 2122 dium
635 2109 650 2134 ,
695 2068 750 2124 in
781 2085 892 2139 quo
921 2072 1107 2127 clades
1153 2073 1388 2140 accidit,
1441 2085 1664 2146 propter
1706 2078 1919 2133 cladem
1971 2080 2040 2134 ah

2153 2084 2361 2138 Ἀκούω
2386 2084 2495 2155 γὰρ
2519 2083 2660 2138 κατά
2689 2083 2788 2155 τὴν
2815 2083 3044 2154 πάτριον
3072 2083 3251 2136 αὐτῶν
3287 2081 3538 2150 γλῶσσαν
3573 2081 3722 2134 Σκό-

457 2163 697 2216 obscura
737 2169 900 2218 nocte
931 2177 1238 2234 cegnomen
1269 2168 1525 2222 sortitum
1558 2171 1570 2222 l
1613 2171 1792 2226 Audio
1851 2172 1941 2226 eni
1968 2194 1994 2221 η
2019 2210 2035 2234 ,

458 2250 631 2319 patria
663 2267 855 2306 eorum
893 2253 1077 2324 lingua
1107 2255 1441 2322 Scoroumin,
1473 2275 1506 2312 a
1543 2260 1768 2316 tenebris
1799 2261 2034 2329 scilicet,

462 2343 638 2396 locum
707 2343 858 2420 illum
906 2347 1322 2416 coguominari;
1377 2350 1488 2404 illic
1548 2354 1909 2409 obtenebrata
1957 2366 2040 2411 est

460 2434 684 2488 lucerna
760 2474 775 2499 ,
829 2435 943 2490 illic
973 2438 1284 2495 exstinctus
1315 2449 1401 2496 est
1451 2443 1892 2512 splendor,illic
1950 2465 2040 2502 ra-

459 2524 534 2577 dii
562 2525 834 2581 virtutum
865 2527 1144 2584 obscurati
1188 2541 1355 2596 sunt,
1389 2534 1552 2602 periit
1585 2535 1802 2606 imperii
1870 2554 2038 2594 orna-

459 2623 747 2678 mentum,
810 2615 1044 2684 justitize
1121 2619 1599 2688 gubernaculum,
1679 2624 2038 2683 humanitatis

460 2705 680 2775 imago,
747 2707 859 2760 imo
925 2724 1056 2766 vero
1121 2710 1239 2779 ipsa
1307 2713 1625 2784 principalis
1683 2715 2039 2774 humanitatis

458 2795 677 2864 forma;
724 2799 994 2856 maritalis
1022 2802 1231 2856 amoris
1284 2803 1456 2874 figura
1505 2815 1671 2876 atque
1727 2809 2037 2878 exemplum

455 2889 698 2942 ablatum
730 2898 853 2965 est,
898 2901 1111 2946 castum
1147 2894 1502 2949 continentia:
1554 2906 1716 2967 atque
1764 2899 2038 2954 sobrieta-

457 2977 530 3032 tis
564 2990 617 3034 et
649 2979 927 3049 pudicitia:
951 2981 1279 3051 donarium,
1355 2985 1536 3043 facilis
1579 2987 1730 3042 aditu
1762 2991 2038 3060 gravitas,

457 3084 569 3124 non
599 3073 999 3128 contemnenda
1033 3073 1269 3131 facilitas
1323 3085 1378 3132 et
1443 3081 1812 3136 mansuetudo
1848 3101 1864 3136 :
1925 3086 2036 3137 alta

459 3160 628 3214 animi
656 3160 936 3219 humilitas
969 3173 1135 3235 atque
1159 3167 1429 3222 modestia
1457 3207 1472 3232 ,
1521 3170 1698 3240 pudor
1734 3171 2036 3243 ingenuus,

459 3252 775 3321 promiscua
819 3253 1088 3311 bonorum
1119 3257 1406 3314 harmonia
1438 3279 1454 3315 :
1510 3262 1676 3332 periit
1732 3263 1856 3320 ﬁdei
1888 3267 2038 3322 zelus

455 3351 512 3398 et
532 3344 774 3399 studium
798 3387 814 3412 ,
847 3345 1108 3403 Ecclesia
1146 3350 1439 3416 columna,
1491 3353 1746 3410 altarium
1777 3365 2032 3419 ornatus.

458 3428 762 3508 pauperum
814 3441 1052 3506 divitiae,
1113 3445 1301 3499 multis
1360 3445 1836 3502 subministrando
1891 3423 2106 3502 sulti-c

458 3532 616 3588 ciens
669 3532 900 3598 dextra,
957 3536 1269 3592 communis
1315 3537 1651 3606 iactaturum
1702 3551 1757 3594 et
1809 3538 2038 3595 afﬂicto-

460 3637 582 3675 rum
633 3633 844 3692 portus.
905 3624 1114 3696 Lugeat
1186 3629 1521 3698 virginitas,
1571 3632 1904 3686 lamentetur
1958 3633 2038 3686 vi-

457 3710 642 3766 duitas
667 3751 683 3776 ,
712 3712 887 3782 ploret
916 3717 1149 3783 orbitas,
1186 3729 1525 3789 cognoscant
1553 3721 1686 3791 quid
1724 3722 2037 3788 habuerint,

459 3809 748 3872 postquam
781 3805 982 3860 habere
1019 3807 1326 3863 desierunt.
1355 3810 1469 3866 lino
1494 3828 1623 3866 vero
1655 3812 1788 3882 quid
1842 3815 2041 3868 attinet

461 3907 548 3945 me
573 3892 627 3945 in
661 3904 846 3963 partes
878 3906 928 3950 et
982 3898 1205 3953 ordines
1238 3899 1485 3956 dividere
1535 3903 2041 3960 lamentationem?

461 3981 792 4054 lngeiuiscat
817 3990 1000 4045 omnis
1042 4001 1178 4045 aetas
1203 4031 1217 4055 ,
1250 3991 1584 4062 profundum
1608 4011 1638 4050 e
1673 3995 1852 4052 medio
1874 3999 2040 4053 corde

461 4077 726 4146 gemitum
781 4079 1004 4136 edens:
1057 4099 1160 4136 una
1221 4084 1402 4154 lugeat
1451 4087 1614 4141 etiam
1673 4089 2038 4144 sacerdotium

463 4169 959 4240 ipsum,quoniam
995 4172 1202 4228 invidia
1235 4189 1585 4232 communem
1634 4163 1896 4234 ornatum
1953 4180 2042 4236 de-

461 4260 648 4315 traxit.
685 4257 944 4332 Nunquid
973 4269 1323 4321 temerarium
1376 4267 1538 4324 fuerit
1604 4269 1890 4341 Propheta:
1947 4273 2032 4327 di-

471 4360 624 4406 ctum
667 4353 802 4408 illud
851 4354 1096 4425 proferre
1125 4359 1147 4410 ‘!
1187 4358 1366 4424 Quare
1388 4361 1665 4429 repuliui,
1697 4362 1866 4427 Deus,
1897 4364 1951 4418 in
1973 4366 2038 4434 [i-

461 4446 622 4500 nem?
654 4455 704 4498 et
758 4447 1053 4501 concitatus
1101 4459 1179 4502 est
1239 4449 1392 4518 furor
1437 4461 1558 4508 tuus
1621 4454 1873 4509 adversus
1923 4473 2038 4510 oves

461 4551 675 4602 pascuis
709 4545 816 4590 tua:
835 4537 894 4590 ’τ
915 4538 1160 4604 Quorum
1196 4554 1548 4610 peccatorum
1579 4561 1772 4615 poenas
1798 4547 2043 4602 luimus?

464 4623 582 4690 Qua
608 4625 677 4680 de
704 4640 872 4682 causa
899 4626 924 4680 Ἰ
962 4629 1137 4699 Cujus
1185 4633 1260 4686 rei
1295 4636 1518 4690 nomine
1549 4636 1674 4692 aliis
1707 4653 1875 4708 super
1917 4639 2040 4693 aliis

2143 2191 2354 2245 τουμιν
2395 2176 2486 2229 τὸν
2530 2176 2696 2229 τόπον
2726 2174 3191 2246 ἐπονομάζεσθαιο
3228 2175 3345 2227 ἐκεῖ
3374 2172 3657 2243 ἐσκοτίσθη
3693 2175 3722 2226 ό

2141 2268 2351 2340 λύχνος,
2381 2271 2496 2322 ἐκεῖ
2543 2267 2882 2339 κατεσϐέσθη
2929 2267 2990 2321 τὸ
3017 2268 3239 2337 φέγγος,
3271 2269 3389 2321 ἐκεῖ
3427 2269 3483 2321 αἱ
3509 2268 3724 2329 ἀκτῖνες

2140 2360 2248 2413 τῶν
2278 2361 2487 2431 ἀρετῶν
2509 2360 2932 2433 ὴμαυρὼθησαν,
2975 2358 3182 2430 οἴχεται
3211 2359 3311 2429 τῆς
3345 2358 3621 2429 βασιλείας
3662 2359 3728 2412 τὸ

2141 2437 2566 2524 ἐγκαλλώπισμα
2585 2495 2601 2520 ,
2633 2453 2696 2506 τὸ
2729 2453 2830 2523 τῆς
2873 2450 3219 2522 δικαιοσύνης
3251 2452 3527 2521 πηδάλιον,
3556 2454 3589 2523 ή
3623 2451 3725 2522 τῆς

2141 2543 2548 2614 φιλανθρωπίας
2577 2543 2738 2597 είκὼν
2757 2585 2772 2609 ,
2808 2542 3006 2614 μᾶλλον
3033 2542 3090 2596 δὲ
3120 2542 3252 2596 αὐτὸ
3290 2543 3351 2596 τὸ
3379 2543 3684 2613 ἀρχέτυπον
3704 2559 3718 2573 ·

2139 2630 2390 2704 ἀφῃρέθη
2436 2630 2537 2701 τῆς
2580 2631 2895 2702 φιλανδρίας
2921 2631 2950 2683 ὁ
2988 2629 3178 2696 τύπος,
3207 2631 3269 2684 τὸ
3296 2631 3461 2701 ἁγνὸν
3488 2633 3587 2702 τῆς
3616 2649 3724 2686 σω-

2141 2721 2413 2794 φροσύνης
2434 2721 2708 2792 ἀνάθημα,
2735 2723 2768 2792 η
2797 2721 3115 2789 εὐπρόσιτος
3144 2722 3430 2792 σεμνότης,
3459 2723 3493 2794 ἠ
3519 2723 3724 2776 άκαταυ

2141 2812 2403 2883 φρόνητος
2454 2811 2730 2881 ἡμερότης
2756 2851 2771 2875 .
2817 2811 2852 2880 ἡ
2907 2809 3085 2880 ὑψηλὴ
3128 2809 3598 2881 ταπεινοφροσύνη
3622 2851 3637 2875 ο
3685 2813 3725 2882 il

2140 2899 2672 2972 πεπαρρησιασμένη
2715 2896 2898 2961 αἰδὼς,
2930 2899 2964 2967 ἡ
3018 2896 3324 2968 σύμμικτος
3365 2898 3475 2953 τῶν
3503 2897 3721 2967 ἀγαθῶν

2141 2992 2374 3064 ἁρμονία
2391 3008 2404 3021 ο
2434 2991 2640 3061 οἴχεται
2666 2991 2694 3043 ὁ
2716 2989 2813 3060 τῆς
2837 2988 3073 3052 πίστεως
3100 2988 3280 3060 ζῆλος,
3305 2990 3333 3043 ό
3357 2989 3458 3060 τῆς
3492 2990 3722 3060 Ἐκκλη-

2142 3086 2262 3149 σίας
2311 3082 2522 3147 στύλος,
2572 3082 2601 3134 ὁ
2643 3083 2752 3136 τῶν
2797 3081 3196 3152 θυσιαστηρίων
3244 3080 3486 3152 κόσμος,
3538 3082 3569 3134 ό
3614 3081 3725 3135 τῶν

2139 3175 2451 3246 πενομένων
2475 3171 2722 3240 πλοῦτος,
2762 3173 2796 3244 ἡ
2836 3171 3145 3242 πολυαρκὴς
3167 3170 3335 3238 δεξιά,
3351 3173 3380 3225 ὁ
3408 3169 3586 3235 κοινὸς
3612 3170 3726 3225 τῶν

2140 3265 2625 3336 καταπονουμένων
2651 3264 2834 3336 λιμήν.
2857 3263 3127 3318 Πενθείτω
3147 3267 3181 3335 ἡ
3201 3262 3487 3332 παρθενία,
3508 3262 3722 3334 θρηνεῖ-

2140 3375 2216 3410 τω
2254 3358 2288 3428 ή
2334 3355 2570 3427 χηρεία,
2603 3353 2878 3426 ὁδυρέσθω
2922 3355 2955 3424 ἡ
3005 3355 3239 3424 ὀρφανία
3267 3395 3282 3420 ,
3333 3353 3627 3423 γνώτωσαν
3669 3353 3728 3406 τί

2139 3444 2282 3518 εἶχον
2307 3447 2395 3501 ὅτε
2413 3447 2513 3500 οὐκ
2531 3447 2764 3516 ἔχουσιν.
2791 3444 3005 3499 Μᾶλλον
3030 3445 3088 3499 δὲ
3114 3445 3165 3498 τί
3191 3445 3296 3516 χρή
3328 3461 3396 3516 με
3419 3442 3559 3497 κατὰ
3581 3442 3726 3514 μέρη

2139 3538 2233 3591 καὶ
2258 3536 2439 3602 τάξεις
2467 3537 2693 3605 διαιρεῖν
2733 3535 2824 3587 τὸν
2869 3533 3100 3606 θρῆνον;
3144 3534 3455 3599 Στεναζέτω
3493 3534 3642 3586 πᾶσα
3686 3533 3721 3602 ἡ

2137 3629 2323 3698 γενεὰ,
2358 3628 2538 3699 βύθιον
2568 3629 2634 3680 ἐκ
2666 3627 2838 3698 μέσης
2873 3625 3100 3699 καρδίας
3130 3626 3220 3680 τὸν
3255 3627 3556 3696 στεναγμὸν
3587 3625 3722 3677 ἀναο

2139 3721 2430 3790 πέμπουσα
2450 3736 2464 3750 ο
2509 3716 2886 3787 συμπενθείτω
2915 3716 3009 3770 καὶ
3039 3717 3074 3787 ἡ
3124 3714 3390 3786 ἱερωσύνη
3439 3713 3598 3782 αὐτὴ,
3629 3712 3724 3774 τὸν

2139 3811 2318 3866 κοινὸν
2347 3811 2549 3882 κόσμον
2577 3809 2667 3864 τοῦ
2711 3808 2910 3879 φθόνου
2950 3807 3408 3877 άποσυλήσαντος.
3455 3799 3603 3873 Ἀρα
3645 3802 3727 3874 μὴ

2137 3902 2407 3974 τολμηρὸν
2430 3901 2490 3954 τὸ
2512 3900 2606 3954 τοῦ
2629 3901 2911 3972 Προφήτου
2931 3900 3130 3961 εἰπεῖν,
3145 3897 3232 3964 τὸ,
3257 3898 3387 3952 Ἵνα
3405 3897 3460 3950 τί
3477 3895 3718 3957 ἀπώσω,

2140 3997 2174 4048 ὁ
2207 3994 2368 4059 Θεὸς,
2400 3995 2489 4058 εἰς
2542 3991 2747 4057 τέλος,
2788 3990 2886 4044 καὶ
2935 3989 3258 4058 διωργίσθη
3310 3990 3346 4041 ὁ
3385 3988 3570 4055 θυμός
3603 4002 3720 4040 σου

2137 4085 2237 4138 ἐπὶ
2265 4084 2529 4152 πρόϐατα
2559 4079 2748 4150 νομῆς
2783 4095 2898 4134 σου
2915 4095 2936 4146 ;
2976 4078 3154 4132 Ποίων
3181 4078 3588 4148 ἁμαρτημάτων
3619 4077 3718 4139 τὰς

2138 4176 2289 4241 δίκας
2319 4173 2698 4245 ὲκτ.ιννύομεν;
2737 4172 2907 4242 Ὑπὲρ
2950 4170 3092 4234 τίνος
3115 4171 3230 4232 ταῖς
3258 4168 3585 4239 ἐπαλλήλοις
3611 4167 3718 4222 τῶν

2143 4266 2438 4339 συμφορῶν
2470 4263 2879 4337 μαστιζόμεθα;
2925 4263 2997 4316 Ἦ
3027 4263 3166 4332 τάχα
3203 4260 3291 4314 διά
3331 4259 3391 4313 τὸ
3425 4260 3716 4314 πλεονάσαι

2140 4359 2236 4431 τὴν
2258 4358 2509 4412 ἀσέϐειαν
2530 4357 2636 4410 τῶν
2665 4356 2921 4411 ποικίλων
2942 4354 3228 4426 αἱρέσεων,
3256 4351 3395 4423 αὐτὴ
3417 4350 3539 4405 καθ’
3562 4350 3728 4421 ἡμῶν

2141 4453 2176 4522 ἡ
2217 4449 2395 4521 ψῆφος
2435 4449 2770 4522 ἐκράτη,σεν;
2832 4446 3026 4518 Ὁρᾶτε
3078 4446 3188 4517 γάρ
3244 4444 3375 4507 οἵοις
3424 4444 3614 4506 κακοῖς
3662 4443 3718 4495 ἐν

2143 4539 2333 4610 βραχεί
2359 4539 2764 4610 συνηνέχθημεν
2807 4538 3003 4608 χρόνῳ.
3050 4536 3216 4589 Οὔπω
3245 4536 3338 4588 ἐπὶ
3369 4537 3435 4606 τῇ
3477 4535 3720 4607 προτέρᾳ

2143 4629 2324 4701 πληγῇ
2358 4629 2812 4694 ἀναπνεύσαντες,
2851 4627 3003 4682 οὔπω
3029 4627 3092 4680 τὸ
3121 4627 3355 4698 δάκρυον
3388 4627 3496 4681 τῶν
3530 4628 3722 4697 ὀφθαλ-

465 4715 718 4772 cladibus
775 4718 1070 4789 afﬂigimur
1121 4731 1175 4776 et
1237 4726 1613 4796 castigantur?
1676 4727 1758 4784 An
1807 4729 2039 4785 forsitan

2149 4720 2264 4792 μῶν
2318 4721 2736 4792 άποψήσαντες,
2799 4719 2962 4773 πάλιν
3007 4721 3065 4774 ἐν
3121 4719 3359 4792 τοσαύτῃ
3419 4721 3723 4792 γεγόναμεν

466 4817 757 4878 propterea
795 4813 942 4880 quod
987 4814 1233 4868 abundat
1261 4815 1516 4886 impietas
1558 4821 1834 4876 variarum
1872 4822 2044 4877 haere—

466 4913 640 4964 seon,
670 4899 786 4956 haec
819 4900 1115 4957 adversum
1163 4920 1266 4961 nos
1330 4910 1605 4963 sententia
1636 4911 1876 4965 obtinuit
1905 4912 1928 4966 ?
1963 4913 2045 4967 \‘i-

466 4989 591 5046 dete
645 4993 795 5048 enim
849 4995 1053 5066 quibus
1090 4995 1145 5050 in
1179 4997 1378 5068 exiguo
1429 5007 1672 5069 tempore
1722 5003 1881 5056 malis
1909 5018 2045 5058 con-

467 5081 663 5138 ﬂictati
711 5085 912 5143 simus.
967 5085 1220 5142 Nondum
1267 5106 1297 5143 a
1332 5089 1514 5158 priore
1561 5090 1716 5145 clade
1753 5093 2046 5162 respiravi-

470 5191 634 5239 mus,
677 5177 922 5233 nondum
982 5179 1257 5252 lacrymas
1301 5182 1370 5236 ab
1427 5183 1602 5238 oculis
1647 5183 2045 5249 abstersimus,

469 5273 666 5322 rursus
693 5268 746 5322 in
787 5277 995 5323 tantam
1024 5271 1316 5328 incidimus
1367 5275 1753 5330 calamitatem.
1782 5273 1938 5329 Tunc
1962 5286 2042 5331 te-

470 5371 662 5409 nerum
705 5355 892 5412 florem
919 5359 1355 5429 deploravimus,
1395 5379 1542 5418 nuiic
1573 5363 1748 5434 ipsum
1785 5379 1997 5418 ramum
2023 5401 2041 5429 ,

469 5447 617 5501 unde
673 5446 773 5500 llos
824 5450 1155 5519 germinavit
1189 5461 1243 5507 et
1281 5462 1478 5511 enatus
1513 5463 1595 5510 est
1627 5475 1639 5510 :
1677 5465 1810 5511 tunc
1844 5471 2034 5525 spera-

469 5548 583 5592 tum
617 5537 868 5593 decorem
890 5581 904 5604 ,
951 5557 1099 5598 nunc
1127 5560 1249 5597 cum
1282 5545 1375 5615 qui
1413 5547 1585 5618 viguit
1617 5567 1629 5602 :
1671 5557 1802 5604 tunc
1830 5548 2036 5603 bonum

471 5625 614 5700 quod
638 5633 1081 5700 exspectabatur,
1137 5653 1280 5691 Inlue
1327 5641 1399 5706 id,
1427 5641 1585 5713 cujus
1613 5641 1915 5712 periculum
1951 5639 2032 5694 fa-

540 5719 566 5753 ⁵
603 5720 746 5779 l‘sal.
789 5737 993 5788 tum,
1034 5727 1081 5778 Ι.

2148 4814 2420 4884 συμφορᾷ.
2449 4812 2584 4865 Τότε
2611 4811 2674 4865 τὸ
2705 4810 2953 4876 νεοθαλὲς
2979 4812 3136 4875 ἀνθος
3163 4813 3592 4885 άπωδυράμεθα,
3629 4815 3724 4867 νῦν

2142 4906 2274 4958 αὐτὸ
2305 4905 2365 4958 τὸ
2391 4904 2564 4975 ἔρνος,
2594 4903 2688 4974 ἀφ’
2713 4897 2774 4957 οὗ
2810 4903 2870 4958 τδ
2897 4903 3055 4966 ά.νοος
3083 4903 3416 4976 ἐϐλάσθησεν
3433 4921 3450 4938 ο
3478 4905 3600 4958 τότε
3625 4905 3724 4976 τὴν

2143 4996 2490 5050 ἐλπισθεῖσαν
2550 4995 2734 5066 ὥραν,
2785 4994 2880 5049 νῦν
2929 4996 3027 5067 τὴν
3073 4995 3436 5067 ἀκμάσασαν·
3493 4997 3612 5050 τότε
3663 4997 3724 5050 τὸ

2144 5086 2588 5158 προσδοκώμενον
2627 5087 2854 5156 ἀγαθὸν,
2883 5085 2985 5140 νῦν
3011 5087 3072 5141 τὸ
3115 5088 3174 5141 ἐν
3219 5086 3383 5160 πείρα
3409 5089 3715 5158 γενόμενον.

2143 5175 2291 5250 τΑριά
2322 5196 2414 5250 μοι
2449 5175 2845 5247 συγγνώσεσθε,
2887 5177 3128 5248 ἀδελφοὶ,
3173 5178 3224 5232 εἰ
3251 5196 3303 5232 τι
3330 5178 3418 5232 διά
3448 5179 3510 5232 τὸ
3549 5178 3720 5242 πάθος

2153 5270 2641 5341 παραληρήσαιμις
2677 5269 2850 5340 Τάχα,
2886 5269 3064 5333 καθώς
3098 5287 3262 5340 φησιν
3291 5270 3320 5322 ὁ
3376 5270 3717 5336 ’Δπόστολος

2150 5363 2243 5416 καὶ
2268 5363 2404 5434 αὑτὴ
2435 5365 2468 5434 ή
2507 5362 2684 5427 κτίσις
2717 5361 2794 5433 τῷ
2823 5363 3072 5433 ἡμετέρῳ
3108 5361 3264 5433 κακῷ
3313 5361 3717 5428 συνεστέναξεν.

2161 5454 2489 5525 Ὑπομνήσω
2530 5453 2587 5507 δὲ
2610 5453 2716 5507 τῶν
2743 5453 3041 5523 γεγονότων
3069 5453 3234 5523 ὑμᾶς,
3275 5451 3369 5505 καὶ
3395 5450 3548 5524 οἶμαι
3593 5453 3720 5515 τοὺς

2150 5545 2374 5609 πολλοὺς
2397 5547 2507 5609 τοῖς
2526 5545 2836 5616 λεγομένοις
2852 5544 3076 5616 συνθήσε
3087 5543 3227 5598 σθαι·
3255 5545 3383 5597 Ὅτε
3411 5543 3597 5617 χρυσῷ
3624 5544 3722 5597 καὶ

2151 5639 2438 5714 πορφυρίδι
2491 5636 2880 5709 κεκαλυμμένη
2935 5637 3026 5691 ἐπὶ
3075 5637 3173 5709 τὴν
3219 5637 3375 5696 πόλιν
3421 5637 3456 5707 ἡ
3509 5637 3721 5710 βασιλὶς
