4132 6356
421 341 526 399 835

1469 346 1724 403 ORATIO
1752 345 2096 404 FUNEBRIS
2133 346 2221 403 DE
2247 347 2608 404 PLACILLA.

3560 357 3664 415 886

422 456 704 525 ἐκομίζετο
736 457 907 530 (κλίνη
934 459 989 513 δὲ
1019 455 1085 532 ἦν
1112 462 1143 532 ή
1167 460 1517 532 κομίζουσαι,
1549 464 1642 516 καὶ
1670 465 1817 516 πᾶσα
1848 463 1993 528 ἀξία,

2111 471 2248 519 ctum
2307 471 2412 519 est.
2450 463 2532 518 An
2590 464 2890 534 ignoscetis
2939 465 3092 530 mihi,
3150 465 3369 531 fratres,
3447 470 3493 523 si
3554 487 3665 539 quo

424 551 515 603 ta‘t
545 549 731 620 ἡλικία
768 552 917 605 πᾶσα
959 552 1284 623 προχεθεῖσα
1323 553 1416 607 τοῦ
1450 554 1661 620 ἄστεος,
1697 556 1994 608 ἁπεστενοο

421 640 586 711 χώρει
632 642 719 697 διὰ
762 643 855 697 τοῦ
916 644 1152 715 πλήθους
1194 645 1254 699 τὸ
1312 646 1608 716 ὖπαιθροψ
1663 648 1879 700 πάντων
1932 647 1996 698 ὲκ

424 733 619 795 ποδῶν,
658 734 751 787 καὶ
797 734 905 787 τῶν
930 735 1302 806 ὑπερεχόντων
1348 740 1460 799 τοῖς
1508 736 1831 808 ἀξιώμασιν,
1860 754 1995 808 προ-

425 825 813 895 πομπευόντων
842 826 932 880 τοῦ
964 828 1198 892 πάθους·
1231 829 1512 900 μέμνησθε
1546 831 1761 893 πάντως
1792 831 1939 893 ὅπως
1969 833 1997 884 6

424 915 573 984 ἥλιος
595 917 713 977 ταῖς
739 915 983 984 νεφέλαις
1008 916 1105 978 τὰς
1136 918 1356 981 ἀκτῖνας
1387 917 1579 971 ἑαυτοῦ
1610 920 1995 990 συνεκάλυψεν,

426 1007 501 1068 ὡς
534 1006 599 1059 ἂν
631 1006 705 1077 μὴ
739 1007 834 1059 ἴδοι
867 1009 1005 1077 τάχα
1037 1007 1260 1080 καθαρῴ
1290 1008 1368 1080 τῷ
1402 1011 1540 1078 φωτὶ
1576 1012 1712 1081 μετὰ
1755 1013 1996 1066 τοιούτου

429 1099 708 1169 σχήματος
735 1098 1145 1153 εἰσελαύνουσαν
1173 1100 1271 1171 τὴν
1316 1101 1565 1170 βασιλίδα
1592 1105 1657 1173 τῇ
1690 1102 1860 1170 πόλει,
1898 1105 1998 1157 οὐκ

428 1190 518 1239 ἐπὶ
550 1189 792 1260 ἅρματός
839 1206 1004 1254 τινος.
1039 1190 1071 1261 ἢ
1108 1190 1423 1261 χρυσοδέτου
1469 1193 1702 1263 ἀπήνης,
1737 1193 1879 1246 κατὰ
1905 1194 1997 1247 τὸν

429 1280 696 1349 βασίλειον
723 1281 787 1334 κό
801 1298 946 1351 τμον,
980 1284 1093 1344 τοῖς
1112 1281 1429 1353 δορυφόροις
1458 1283 1853 1354 ἀγαλλομένην,
1882 1283 1995 1337 ἀλλ’

428 1372 487 1422 ὲν
536 1369 678 1441 σορῴ
725 1371 1161 1443 κεκαλυμμένην,
1218 1373 1696 1445 ἐπικρυπτομένην
1745 1376 1807 1429 τὸ
1859 1370 1997 1439 εἶδος

430 1464 602 1517 ἐκεῖνο
634 1463 711 1532 τῷ
744 1464 1050 1536 σκυθρωπῷ
1096 1465 1549 1537 προκαλύμματι·
1603 1466 1781 1536 θέαμα
1827 1468 1997 1520 δεινόν

429 1573 486 1609 τε
526 1557 619 1609 καὶ
656 1555 903 1618 ἐλεεινὸν,
957 1556 1206 1627 δακρύων
1240 1558 1460 1629 ἀφορμὴ
1500 1558 1835 1629 προκειμένη
1887 1561 1999 1620 τοῖς

433 1647 843 1717 ἐντυγχάνουσιν
865 1666 875 1677 ·
901 1648 966 1719 ἣν
989 1648 1134 1711 ἄπας
1159 1648 1268 1703 τῶν
1290 1649 1734 1719 συνειλεγμένων,
1751 1651 1779 1702 6
1801 1646 2001 1719 ἔπηλύς

430 1754 490 1788 τε
546 1738 638 1789 καὶ
691 1738 720 1790 6
772 1736 1056 1808 ἐγχώριος.
1094 1738 1193 1791 οὐκ
1229 1738 1562 1809 εὐφημίαις,
1606 1738 1740 1792 ἀλλὰ
1783 1737 2002 1808 θρήνοις

2095 556 2261 609 modo
2284 564 2511 626 propter
2560 556 2769 611 cladem
2800 557 3019 627 ineptus
3056 557 3162 615 sim
3197 566 3253 613 et
3296 559 3538 613 absurda
3587 562 3665 613 lo-
3759 630 3763 635 ι

2094 648 2272 717 quar?
2298 646 2548 704 Forsitan
2574 690 2590 713 ,
2627 658 2682 701 ut
2729 649 2905 720 inquit
2934 651 3229 721 Apostolus
3250 654 3293 718 θ,
3343 652 3506 707 etiam
3549 655 3662 724 ipsa
3741 698 3744 702 .

2094 748 2347 795 creatura
2382 747 2575 795 nostro
2628 740 2977 796 incommodo
3026 743 3317 814 ingemuit.
3355 747 3534 815 Atque
3572 760 3664 799 co-

2096 846 2216 885 rum
2259 846 2381 901 quae
2436 829 2798 896 acciderunt,
2832 832 2987 886 vobis
3035 835 3354 887 memoriam
3389 835 3666 889 renovabo

2095 936 2158 975 ac
2181 922 2472 992 plerosque
2498 921 2695 991 opinor
2728 922 2795 976 iis
2820 963 2835 988 ,
2868 938 2989 992 qua:
3020 922 3276 977 dicantur
3296 963 3310 987 ,
3339 939 3669 980 assensurus

2095 1028 2237 1066 esse.
2268 1012 2404 1065 Cum
2432 1026 2568 1064 auro
2601 1026 2989 1081 purpureaque
3033 1020 3183 1066 veste
3213 1012 3390 1066 velata
3427 1013 3668 1083 impera-

2097 1103 2205 1155 trix
2240 1103 2294 1156 in
2326 1101 2513 1156 urbem
2547 1110 2858 1170 portaretur
2900 1102 3120 1172 (lectica
3152 1111 3334 1157 autem
3372 1112 3525 1171 erat,
3564 1119 3668 1172 qua

2098 1193 2481 1263 portabatur),
2527 1200 2691 1262 atque
2742 1193 2892 1247 omni
2939 1193 3170 1258 ordine,
3207 1195 3355 1248 omni
3398 1202 3558 1248 aetate
3604 1210 3669 1248 ex

2100 1283 2235 1338 urbe
2272 1281 2516 1352 profusa,
2553 1282 2815 1353 quidquid
2850 1283 2955 1337 soli
2989 1284 3101 1337 aeri
3138 1293 3331 1353 aperto
3361 1285 3667 1354 expositum

2098 1382 2245 1429 esset
2264 1414 2279 1436 ,
2308 1390 2420 1444 prae
2446 1375 2795 1429 multitudine
2826 1375 2989 1430 nimis
3038 1383 3333 1445 angustum
3372 1377 3667 1437 videretur,

2100 1477 2266 1536 atque
2316 1484 2505 1523 (uiriles
2550 1469 2713 1523 etiam
2754 1468 3019 1538 dignitate
3066 1470 3398 1525 excellentes
3445 1470 3673 1539 pedibus

2100 1560 2264 1615 funus
2300 1568 2764 1631 prosequerentur
2791 1579 2807 1614 :
2838 1561 3169 1616 meministis
3201 1577 3465 1631 prorsus,
3500 1570 3558 1616 ut
3591 1563 3671 1615 sol

2100 1651 2315 1705 nebulis
2360 1666 2495 1705 suos
2524 1651 2709 1705 radios
2733 1650 3045 1721 obtegeret,
3078 1668 3143 1706 ne
3169 1650 3399 1706 forsitan
3426 1665 3565 1719 puro
3591 1650 3673 1702 lu-

2103 1740 2249 1795 mine
2278 1740 2486 1795 videret
2510 1741 2914 1809 imperatricem
2942 1757 3067 1795 cum
3098 1741 3368 1810 ejusmodi
3400 1741 3585 1795 habitu
3617 1741 3673 1793 in

432 1827 708 1882 εἰσιοῦσαν
747 1829 979 1899 ἐδέχετο.
1016 1830 1150 1883 Τότε
1182 1831 1275 1883 καὶ
1318 1833 1346 1885 6
1382 1832 1491 1901 ἀὴρ
1529 1830 1795 1893 πενθικῶς
1840 1831 2000 1883 ἐσκυ-

2111 1832 2293 1885 urbem
2326 1831 2630 1896 invectam,
2660 1848 2767 1886 non
2799 1831 2853 1886 in
2885 1848 3052 1886 curru
3086 1833 3323 1902 quodam
3344 1871 3357 1893 ,
3389 1841 3483 1884 aut
3510 1831 3675 1885 rheda

430 1920 739 1990 Ορώπασεν,
770 1916 881 1974 οἷον
912 1921 1120 1993 ἱμάτιόν
1144 1940 1198 1976 τι
1234 1922 1485 1975 πενθικὸν
1527 1923 1617 1975 τὸν
1651 1921 1812 1989 ζὸςον
1840 1938 1998 1992 περιο

430 2010 774 2079 ϐαλλόμενος.
818 2012 973 2065 ’Λλλὰ
1018 2013 1113 2067 καὶ
1153 2015 1209 2066 αἱ
1262 2012 1499 2082 νεφέλαι,
1552 2012 1735 2075 καθὼς
1779 2013 2000 2066 δυνατὸν

432 2103 621 2165 αὐταῖς
670 2098 758 2174 ἦν,
811 2103 1162 2174 ἐπεδάκρυον,
1211 2104 1423 2166 ἁπαλὰς
1463 2104 1702 2175 ψεκάδας
1744 2104 1865 2157 ἀντὶ
1908 2104 2002 2157 δα-

434 2194 616 2265 κρύων
655 2196 966 2265 ὲπαφιεῖσαι
996 2196 1071 2267 τῷ
1098 2197 1277 2251 πάθει.

2105 1938 2241 1976 auro
2277 1924 2518 1977 revincta
2550 1938 2648 1993 pro
2680 1922 2827 1991 regio
2857 1929 3055 1977 ornatu
3098 1922 3427 1978 satellitibus
3467 1920 3680 1987 Stipan-

2106 2013 2255 2068 tibus
2286 2014 2496 2077 laetam,
2531 2014 2625 2069 sed
2658 2014 2710 2067 in
2753 2014 2931 2069 loculo
2980 2020 3211 2078 tectam,
3261 2012 3488 2066 formam
3530 2010 3675 2063 illam

2106 2106 2251 2161 tristi
2283 2107 2587 2160 velamento
2615 2106 2967 2168 occultatam,
3012 2104 3385 2174 spectaculum
3421 2102 3675 2157 acerbum

2108 2198 2313 2269 pariter
2350 2212 2413 2251 ac
2445 2182 2757 2253 miserabile
2778 2237 2791 2260 ,
2820 2212 2947 2267 quae
2974 2197 3233 2251 omnibus
3257 2194 3680 2251 occurrentibus

437 2287 801 2358 lacrymarunt
826 2293 1081 2344 materies
1112 2290 1386 2360 proposita
1411 2301 1556 2345 esset
1582 2308 1596 2344 :
1628 2305 1791 2361 quam
1817 2291 1998 2347 omnis
2022 2291 2255 2361 populus
2285 2289 2378 2359 qui
2408 2289 2745 2344 conﬂuxerat
2765 2328 2780 2353 ,
2809 2297 2916 2343 tam
2948 2288 3271 2359 peregrinus
3298 2303 3461 2357 quam
3496 2287 3683 2340 'lome-

436 2379 628 2440 sticus,
679 2394 785 2433 non
830 2378 1028 2435 faustis
1077 2381 1597 2446 acclamationibus,
1674 2380 1771 2435 sed
1829 2380 2310 2435 lamentationibus
2356 2380 2725 2435 introeuntem
2782 2381 3109 2451 excipiebat.
3165 2378 3321 2434 'l‘unc
3371 2380 3533 2434 etiam
3590 2396 3683 2434 aer

432 2474 717 2544 lugubrem
756 2475 812 2529 in
846 2474 1062 2528 modum
1108 2476 1280 2529 tristis
1319 2477 1436 2539 fuit,
1471 2486 1729 2545 tanquam
1771 2476 1934 2546 pallio
1971 2476 2205 2545 quodam
2239 2474 2474 2545 lugubri,
2503 2473 2734 2543 caligine
2761 2489 2819 2528 se
2849 2472 3081 2527 induens
3114 2479 3277 2541 atque
3307 2471 3677 2524 circumdatis.

434 2570 574 2635 Quin
599 2570 763 2624 etiam
794 2570 986 2635 nubes,
1027 2581 1188 2639 prout
1235 2571 1303 2623 ab
1352 2570 1485 2639 ipsis
1532 2571 1647 2624 lieri
1688 2580 1919 2640 poterat,
1952 2572 2456 2642 illacrymabautur,
2489 2569 2681 2624 molles
2708 2583 2772 2623 ac
2817 2576 3009 2623 tenues
3038 2567 3236 2638 pluvia:
3264 2573 3503 2637 guttasct
3531 2581 3683 2621 rores

434 2665 603 2719 luctui
631 2665 992 2736 lacrymarum
1021 2666 1139 2720 loco
1160 2666 1637 2735 superfundentes.

504 2748 579 2805 Ἦ
620 2751 791 2805 ταῦτα
824 2752 922 2823 μὲν
954 2753 1121 2816 ὅντως
1152 2754 1315 2826 λῆρός
1351 2756 1489 2819 ἐστι,
1536 2757 1629 2809 καὶ
1663 2756 1782 2809 οὐδὲ
1830 2755 2005 2823 λέγειν

435 2843 616 2910 ἄξιον;
659 2845 720 2897 Ei
749 2843 857 2914 γάρ
887 2862 939 2896 τι
966 2844 1060 2896 καὶ
1089 2846 1307 2913 γέγονεν
1342 2847 1399 2897 ὲν
1431 2849 1496 2919 τῇ
1532 2848 1703 2899 κτίσει
1744 2846 2004 2907 τοιοῦτον,

431 2930 547 2988 οἷον
592 2935 928 3006 ἐπισημῆναι
967 2937 1065 3005 τὴν
1117 2937 1421 3007 συμφορὰν.
1469 2938 1530 2990 οὐ
1572 2939 1721 3008 παρὰ
1758 2938 1856 3008 τῆς
1889 2938 2006 2990 κτείς

439 3045 575 3091 σεως
607 3028 796 3097 γέγονε
832 3028 1066 3090 πάντως,
1103 3028 1235 3080 ἀλλὰ
1274 3030 1426 3097 παρᾶ
1462 3028 1554 3081 τοῦ
1604 3030 1873 3083 Δεσπὸτου
1908 3029 2007 3097 τῆς

436 3119 683 3184 κτίσεως,
715 3119 980 3189 τιμῶντος
1028 3119 1093 3171 δι’
1125 3112 1200 3171 ὧν
1228 3120 1398 3171 ἐποίει
1424 3120 1522 3189 τῆς
1548 3120 1701 3183 ὁσίας
1732 3120 1822 3171 τὸν
1851 3120 2010 3174 θάνα-

436 3221 547 3258 τον.
588 3204 775 3274 Τίμιος
814 3205 940 3275 γὰρ,
980 3206 1163 3274 φησιν,
1197 3204 1437 3259 ἐναντίον
1471 3208 1674 3278 Κυρίου
1723 3209 1751 3260 6
1784 3208 2011 3271 θάνατος

437 3296 546 3349 τῶν
574 3296 736 3350 ὁσίων
769 3296 953 3350 αὑτοῦ.
991 3294 1141 3350 Εἶδον
1169 3298 1224 3351 δὲ
1277 3298 1387 3367 ἐγὼ
1432 3299 1552 3351 τότε
1596 3301 1779 3370 ἕτερον
1834 3300 2010 3371 θέαμα

438 3389 546 3440 τῶν
591 3388 893 3458 εἰρημένων
941 3389 1385 3461 παραδοξότερον.
1438 3388 1586 3444 Εἶδον
1639 3392 1859 3445 διπλοῦν
1907 3394 2006 3464 δμ-

440 3479 600 3548 6ρον,
630 3478 720 3532 τὸν
749 3480 851 3549 μὲν
885 3480 949 3533 ὲκ
976 3480 1067 3532 τοῦ
1095 3480 1288 3552 ἀέρος,
1322 3482 1409 3535 τὸν
1447 3482 1504 3535 δὲ
1533 3486 1595 3536 ὲκ
1627 3486 1733 3537 τῶν
1763 3485 2012 3555 δακρύων

437 3572 533 3625 ἐπὶ
555 3572 651 3637 τὴν
684 3574 786 3641 γῇν
816 3574 1206 3645 καταρρέοντα,
1239 3577 1333 3629 καὶ
1355 3576 1455 3629 οὐκ
1476 3573 1543 3647 ἧν
1572 3578 1600 3629 ὁ
1634 3578 1692 3643 ἐξ
1719 3578 2013 3650 ὀφθαλμῶν

441 3665 597 3728 ὑετὸς
618 3664 714 3717 τοῦ
745 3665 809 3717 ἐκ
836 3664 945 3717 τῶν
992 3666 1168 3733 νεφῶν
1200 3666 1559 3739 ἐνδεέστερος.
1605 3670 1691 3722 Ἐν
1740 3671 1849 3741 γὰρ
1894 3689 2016 3724 τοσ-

440 3755 631 3818 αύταις
652 3755 907 3825 μυριάσιν
931 3754 1039 3807 τῶν
1070 3756 1483 3826 συμπαρόντων,
1511 3758 1611 3811 οὐκ
1639 3754 1706 3829 ἦν
1742 3759 2013 3830 ὀφθαλμὸς

440 3851 468 3902 6
500 3850 575 3919 μὴ
613 3847 963 3918 καταϐρέχων
1008 3847 1106 3918 τὴν
1151 3850 1252 3919 γῆν
1300 3851 1417 3912 ταῖς
1444 3850 1551 3901 τῶν
1588 3850 1836 3922 δακρύων
1889 3869 2000 3905 στα-

442 3938 612 4006 γόσιν.
686 3936 822 3989 Ἀλλ’
868 3936 929 3989 οὐ
979 3938 1157 4001 καλῶς
1208 3938 1345 4008 τάχα
1398 3939 1496 4008 τῆς
1550 3938 1646 3992 τοῦ
1697 3940 2014 3995 διδασκάλου

442 4030 665 4099 γνώμης
694 4029 1122 4099 έστοχασάμεοα,
1152 4028 1310 4083 πλέον
1339 4031 1370 4101 ἢ
1396 4030 1503 4082 ἔδει
1524 4033 1636 4094 τοῖς
1672 4031 2016 4103 σκυθρωποῖς

443 4120 865 4191 ἐμὸαθύναντες.
908 4122 1068 4185 Ἴσως
1094 4121 1201 4193 γὰρ
1238 4121 1480 4190 βούλεται
1509 4122 1842 4193 θεραπεῦσαι
1878 4125 2014 4194 μᾶλ-

434 4211 533 4282 ⁷λυν
572 4212 605 4284 ἢ
638 4213 855 4265 ἀνιᾶσαι
891 4213 989 4282 τὴν
1035 4213 1203 4280 ἀκοήν
1222 4230 1241 4287 ο.
1273 4215 1433 4284 ἡμεῖς
1463 4214 1518 4266 δὲ
1546 4214 1605 4267 τὸ
1651 4215 1890 4269 ἐναντίον
1922 4216 2017 4270 νῦν

445 4304 840 4373 πεποιήκαμεν.
896 4304 1106 4374 Ὠσπερ
1148 4304 1214 4359 ἂν
1264 4305 1317 4356 ετ
1348 4322 1431 4368 τις
1467 4305 1647 4377 ἰατρὸς
1676 4310 2017 4377 τραυματίαν

442 4389 643 4452 λαϐὼν,
681 4392 754 4461 μὴ
792 4392 951 4461 μόνον
980 4392 1208 4462 ἀμελοίη
1262 4394 1361 4462 τῆς
1405 4391 1720 4463 θεραπείας,
1752 4396 1888 4449 ἀλλὰ
1925 4398 2019 4450 καὶ

445 4482 731 4554 βρωτικοῖς
760 4501 867 4537 τισι
901 4484 1213 4555 φαρμάκοις
1246 4486 1657 4555 προσεπιτρίόοι
1690 4486 1779 4540 τὸν
1825 4487 2020 4542 ὀδυνώ-

2183 2755 2265 2808 Λιι
2320 2755 2435 2808 Ιιευο
2487 2753 2708 2823 quidem
2770 2753 3129 2807 deliramenta
3174 2768 3238 2807 ac
3282 2768 3441 2823 nugae
3496 2770 3683 2809 revera

2112 2856 2275 2909 sum,
2331 2862 2394 2899 ac
2455 2860 2523 2898 ne
2568 2844 2729 2913 digna
2765 2844 2987 2913 quidem
3013 2884 3027 2907 ,
3062 2858 3185 2912 quae
3221 2843 3516 2897 dicantur?
3550 2842 3682 2897 Nam

2111 2933 2327 2988 etiamsi
2369 2932 2643 3001 ejusmodi
2690 2931 2821 3001 quid
2864 2930 3069 2985 accidit
3108 2930 3163 2983 in
3206 2938 3495 2995 creatura,
3536 2932 3682 2999 quod

2112 3026 2322 3081 cladem
2369 3024 2637 3079 indicaret
2668 3034 2722 3079 et
2768 3023 3041 3091 insignem
3078 3020 3338 3085 eﬂiceret,
3385 3037 3614 3091 prorsus
3655 3038 3683 3075 ιι

2112 3129 2363 3171 creatura
2411 3117 2613 3169 factum
2646 3122 2895 3181 nonest;
2936 3113 3031 3169 sed
3069 3128 3100 3167 a
3130 3120 3399 3168 creaturae
3430 3111 3683 3176 Domino,

2114 3224 2209 3278 per
2244 3224 2307 3261 ea
2356 3224 2477 3278 qua:
2518 3207 2789 3271 faciebat,
2825 3213 3034 3262 sancta:
3076 3214 3309 3260 mortem
3355 3205 3683 3260 bonorante.

2115 3300 2390 3355 llouorata
2414 3300 2557 3356 enim
2582 3307 2688 3361 est,
2715 3299 2893 3369 inquit
2921 3298 3030 3361 ille,
3055 3312 3242 3352 coram
3280 3294 3512 3352 Domino
3539 3314 3687 3351 mors

2112 3400 2429 3448 sanctorum
2460 3392 2580 3461 ejus
2617 3394 2659 3444 ⁷.
2708 3390 2833 3447 Vidi
2858 3399 3039 3445 autem
3083 3404 3185 3461 ego
3224 3397 3356 3444 tunc
3378 3390 3525 3443 aliud
3562 3404 3687 3459 spe—

2113 3483 2385 3536 ctaculum
2422 3482 2582 3537 modo
2608 3482 2773 3535 dictis
2806 3481 2983 3552 magis
3013 3480 3354 3550 inopinatum
3390 3477 3689 3531 admirabi-

2114 3572 2331 3643 liusque
2371 3590 2382 3625 :
2428 3573 2538 3627 vidi
2581 3573 2857 3644 duplicem
2914 3573 3141 3627 imbrem
3172 3612 3186 3635 ,
3244 3587 3411 3625 unum
3463 3570 3684 3640 quidem

2113 3680 2178 3720 ex
2214 3680 2361 3730 acre,
2397 3666 2632 3718 altermn
2668 3680 2797 3720 vero
2826 3680 2895 3719 ex
2945 3664 3123 3719 oculis
3154 3664 3576 3734 lacrymantium
3618 3661 3687 3713 ad

2116 3765 2320 3811 terram
2355 3757 2705 3823 deﬂuentem,
2749 3772 2812 3811 ac
2841 3772 2948 3811 non
2979 3764 3103 3811 erat
3133 3756 3315 3809 minor
3344 3755 3527 3825 pluvia
3558 3770 3690 3808 ocuv

2117 3845 2292 3900 lorum
2318 3886 2334 3910 ,
2387 3863 2551 3918 quam
2596 3848 2644 3902 is
2678 3848 2770 3915 qui
2815 3863 2845 3902 e
2876 3846 3118 3901 nubibus
3150 3844 3475 3915 proﬂuebat.
3513 3842 3569 3897 In
3614 3853 3691 3898 tot

2118 3943 2359 3997 millibus
2385 3943 2530 3997 enim
2565 3942 2659 4012 qui
2705 3942 2869 3996 simul
2897 3940 3148 4004 aderant,
3186 3940 3372 3994 nullus
3407 3944 3527 3992 erat
3556 3952 3688 3991 ocu—

2119 4034 2204 4087 lus
2249 4032 2343 4102 qui
2379 4040 2581 4086 terram
2632 4033 2997 4102 lacrymarum
3042 4030 3211 4101 guttis
3252 4044 3361 4083 non
3409 4028 3686 4099 irrigaret.

2118 4125 2320 4196 γει-μη)
2359 4124 2507 4179 haud
2544 4131 2692 4178 recta
2728 4122 2963 4177 fortasse
2996 4122 3322 4189 conjectura
3354 4119 3420 4172 ad
3452 4127 3696 4173 mentcnt

2121 4218 2473 4288 praeceptoris
2498 4214 2897 4288 assequendam
2927 4214 3013 4269 nsi
3047 4230 3261 4276 sumus,
3294 4221 3348 4267 et
3382 4214 3455 4266 ita
3492 4226 3522 4264 ιι
3562 4227 3690 4267 seno

2121 4312 2288 4365 tentia
2316 4310 2437 4377 ejus
2473 4308 2875 4369 aberravimus,
2922 4307 3127 4376 quippe
3172 4306 3339 4360 rebus
3372 4304 3597 4359 acerbis
3626 4318 3693 4358 ac

2120 4400 2373 4455 tristibus
2413 4398 2621 4453 diutius
2659 4413 2822 4467 quam
2854 4405 3071 4467 oportet
3103 4397 3401 4451 immorati.
3433 4392 3690 4449 Forsitan

2120 4493 2264 4548 enim
2303 4507 2497 4546 curare
2536 4491 2736 4561 pctius,
2774 4506 2935 4559 quam
2975 4488 3227 4543 molestia
3265 4490 3428 4543 aures
3464 4486 3689 4541 allicere

448 4592 626 4645 μενον.
681 4574 885 4628 Οὐκοῦν
933 4576 1291 4647 ὲπαντλητέον
1342 4576 1432 4629 τὸν
1476 4576 1702 4649 ἐλαιώδη
1751 4578 1907 4648 λόγον
1949 4583 2007 4651 τῇ

2124 4586 2262 4647 vult,
2296 4601 2397 4639 nos
2437 4599 2566 4638 vero
2596 4582 2937 4637 contrarium
2967 4595 3113 4635 nunc
3144 4578 3397 4636 fecimus.
3429 4577 3605 4633 Veluti
3636 4578 3691 4633 si

442 4665 711 4737 διοιδούσῃ
726 4666 930 4738 πληγῇ.
954 4663 1104 4721 Οἶδεν
1134 4669 1240 4740 γάρ
1265 4668 1359 4722 καὶ
1383 4670 1416 4740 ἡ
1442 4670 1769 4743 εὐαγγελικὴ
1805 4672 2014 4743 ἰατρεία

442 4764 507 4829 τῇ
538 4758 726 4828 στύφει
754 4757 847 4811 τοῦ
869 4757 1009 4811 οἴνου
1025 4758 1417 4827 καταμιγνύειν
1446 4759 1506 4812 τὸ
1528 4759 1724 4815 ἔλαιον.
1776 4761 2014 4815 Ἐπικλε-

443 4866 622 4919 νωμεν
646 4846 736 4902 οὖν
768 4851 916 4920 ὑμῖν,
947 4849 1098 4920 παρὰ
1128 4850 1227 4919 τῆς
1260 4850 1480 4921 Γραφῆς
1526 4852 1779 4915 λαϐόντες
1806 4852 1895 4905 τὸν
1924 4853 2016 4907 τοῦ

445 4941 623 4992 ἐλαίου
677 4941 995 5013 καμψάκην.
1028 4942 1102 5005 ὡς
1156 4942 1268 4995 ἔστι
1310 4944 1553 5008 δυνατὸν,
1603 4944 1663 4996 τὸ
1699 4943 2018 5014 σκυθρωπὸν

444 5033 553 5085 τῶν
607 5034 911 5104 εἰρημένων
970 5036 1048 5097 εἰς
1119 5035 1466 5105 παραμυθίαν
1530 5035 2017 5106 παλινῳδῆσαντες.

460 5122 620 5177 Ἀλλά
652 5140 740 5194 μοι
772 5124 959 5194 μηδεὶς
992 5124 1287 5176 ἀπιστείτω
1330 5123 1410 5193 τῷ
1458 5125 1752 5194 λεγομένω,
1784 5125 1884 5178 κᾶν
1920 5143 2019 5177 πα-

452 5214 664 5284 ράδοξον
789 5216 993 5280 Ἔστιν,
1030 5214 1265 5284 ἀδελφοὶ,
1309 5216 1369 5269 τὸ
1400 5216 1621 5284 ἀγαθὸν,
1657 5216 1685 5269 ὃ
1729 5217 2017 5287 ζητοῦμεν,

446 5308 586 5370 ἔστι,
618 5309 709 5361 καὶ
734 5309 832 5361 οὐκ
863 5306 1153 5363 ἀπόλωλεν.
1190 5308 1403 5361 Μᾶλλον
1437 5309 1493 5361 δὲ
1526 5308 1843 5380 μικρότερον
1867 5306 2018 5363 εἷπον

449 5400 545 5467 τῆς
590 5399 865 5468 ἀληθείας.
903 5401 976 5453 Οὐ
1028 5401 1184 5470 μόνον
1218 5401 1327 5471 γὰρ
1360 5400 1473 5453 ἔστι
1522 5400 1582 5453 τὸ
1614 5401 1835 5467 ἀγαθὸν,
1887 5402 2020 5457 ἀλλὰ

448 5492 541 5542 καὶ
570 5492 625 5541 ἐν
651 5489 1051 5561 ὑψηλοτέροιςῆ
1087 5491 1366 5562 πρότερον.
1388 5492 1498 5562 Τὴν
1530 5491 1773 5561 βασιλίδα
1803 5492 2015 5564 ζητεῖς,

462 5579 558 5633 Ἐν
576 5582 679 5643 τοῖς
702 5580 991 5650 βασιλείοις
1012 5582 1107 5651 τὴν
1128 5582 1402 5653 διαγωγὴν
1425 5582 1557 5654 ἔχει.
1595 5582 1730 5637 Ἀλλ’
1759 5583 2021 5654 ὀφθαλμῴ

594 5762 756 5816 Rom.
805 5777 923 5827 vtll,
964 5762 1051 5817 '22.
1125 5764 1144 5794 ⁷
1195 5762 1338 5818 Psal.
1372 5779 1496 5825 uxr,
1526 5763 1608 5817 lt.

2120 4676 2245 4745 quis
2285 4673 2529 4729 medicus
2568 4679 2852 4742 acceptum
2884 4673 3131 4726 saucium
3171 4685 3280 4727 non
3309 4668 3469 4722 modo
3496 4680 3694 4722 curare

2121 4764 2382 4835 negligat,
2424 4778 2613 4818 verum
2653 4761 2817 4815 etiam
2866 4759 3226 4818 exedentibus
3278 4757 3607 4826 quibusdam
3639 4764 3695 4808 et

2122 4856 2482 4913 consumendi
2513 4854 2623 4909 vim
2661 4853 2993 4907 habentibus
3032 4850 3442 4906 medicamentis
3469 4848 3694 4914 insuper

2126 4950 2387 5006 miserum
2416 4947 2700 5002 doloribus
2723 4945 2928 5015 afﬂigat
2961 4952 3125 5013 atque
3153 4942 3425 4995 conticiat.
3450 4936 3685 4993 Proinde

2127 5038 2515 5095 intumescenti
2563 5037 2784 5095 vulneri,
2827 5031 3155 5088 elfundenda
3196 5039 3281 5086 est
3329 5029 3536 5091 oratio,
3572 5042 3695 5096 qua:

2128 5129 2488 5191 sicutoleum,
2508 5126 2743 5185 leniendi
2766 5122 3162 5195 mitigandiquc
3180 5120 3281 5173 vim
3300 5119 3521 5171 habeat.
3544 5115 3696 5169 Solet

2126 5220 2271 5274 enim
2329 5218 2494 5277 etiam
2542 5214 2857 5285 evangelica
2910 5211 3179 5266 medicina
3240 5210 3351 5264 vini
3402 5207 3697 5263 astrictiva:

2127 5319 2335 5368 natura:
2356 5311 2533 5364 oleum
2558 5307 2882 5361 admiscere.
2912 5303 3310 5357 Convcrtamus
3331 5301 3497 5370 igitur
3521 5299 3693 5363 vobis,

2126 5402 2334 5459 oleario
2357 5417 2390 5456 a
2426 5416 2583 5456 sacra
2622 5398 2911 5468 Scriptura
2944 5411 3075 5450 vase
3099 5404 3339 5465 sumpto,
3365 5391 3543 5463 quoad
3577 5390 3697 5460 ejus

2129 5493 2244 5549 ﬂeri
2277 5500 2477 5564 potest,
2505 5491 2781 5561 prioribus
2811 5487 3088 5543 contraria
3115 5486 3169 5539 in
3199 5485 3439 5540 medium
3470 5482 3699 5536 aﬂ'creu--

2129 5593 2233 5650 tes,
2266 5584 2621 5640 acerbitatem
2654 5593 2817 5653 atque
2838 5578 3155 5636 iniustitiam
3180 5592 3369 5635 eorum
3398 5588 3518 5645 qua:
3548 5573 3696 5629 dicta
