4132 6356
425 319 526 372 9987
552 367 554 370 ,

1675 335 1731 392 S.
1764 335 2091 393 GliEGOllll
2123 338 2162 392 Ν
2175 339 2422 395 YSSENI

3595 334 3702 393 883

423 447 570 500 sunt,
613 436 667 491 in
707 439 1162 497 consolationem.
1355 461 1539 510 nemo.
1571 467 1784 522 quaeso,
1835 454 2000 510 (idem

2124 458 2318 527 γνῶναι
2352 459 2511 513 τοῦτο
2539 459 2742 526 ποθεῖς;
2775 460 2888 514 Οὐκ
2929 451 3106 526 ἔξεστί
3145 475 3228 512 σοι
3258 455 3528 529 βασιλίδος
3569 455 3702 509 θέαν

423 525 664 578 sermoni
689 526 930 597 deroget,
959 533 1175 588 etiamsi
1204 547 1402 605 praeter
1420 539 1734 610 opinionem
1759 545 2000 612 accidat,

425 631 456 668 a
485 619 766 673 comtttuni
804 624 1073 678 sententia
1109 624 1408 699 discrepet,
1441 641 1607 700 atque
1632 633 1889 692 diversus
1912 639 2007 695 sit.

426 705 670 773 Salvum,
713 710 935 778 fratres,
966 725 1054 770 est
1089 717 1316 782 bonum,
1349 723 1505 790 quod
1538 727 1862 794 quaerimus,
1895 730 2008 784 sai-

427 816 556 853 vum
582 811 687 858 est.
722 813 775 857 et
807 820 914 858 non
943 806 1272 878 pet-iit.‘|mo
1304 827 1436 868 vero
1468 817 1650 872 minus
1680 818 1816 884 dixi,
1842 837 2007 890 quam

430 894 627 948 veritas
666 896 846 950 habet.
881 896 1000 953 Non
1036 904 1198 956 modo
1236 906 1380 959 enim
1414 908 1626 963 salvum
1660 911 1864 968 bonurn
1899 925 2007 981 est,

427 997 618 1036 verum
661 988 827 1040 etiant
873 997 958 1042 est
1002 990 1057 1044 in
1109 994 1553 1063 sublimioribus,
1603 1017 1769 1072 quam
1828 1006 2004 1075 prius.

428 1073 834 1146 lmperatricem
860 1083 1063 1148 quau-is
1080 1084 1106 1137 ?
1138 1085 1195 1140 In
1224 1087 1428 1156 palatio
1453 1092 1796 1150 domicilium
1822 1073 2007 1154 habet.

427 1170 498 1221 At
524 1169 688 1224 oculo
724 1169 828 1238 hoc
859 1188 1197 1244 cognoscere
1230 1177 1538 1237 desideras.
1579 1183 1698 1241 Non
1735 1187 1862 1243 licet
1906 1191 2002 1245 tibi

2117 548 2592 622 περιεργάζεσθαι.
2624 549 2834 621 Φοῦερὰ
2855 568 2920 604 πε
2931 553 2982 621 pl.
3003 549 3222 622 αύτὴνή
3257 549 3368 603 τῶν
3386 547 3701 621 δορυφόρων

2117 642 2329 711 φρουρά
2348 659 2361 672 ’
2391 643 2454 695 ού
2483 641 2686 695 τούτων
2715 642 2858 710 λέγω
2886 643 2995 695 τῶν
3021 642 3354 714 δορυφόρων,
3378 635 3461 702 οἷς
3485 637 3701 708 σίδηρος

2113 732 2174 784 τὸ
2206 732 2367 788 ὅπλον
2397 734 2565 796 ἐστὶν,
2606 735 2743 788 ἀλλὰ
2781 733 2890 787 τῶν
2917 737 2982 804 τῇ
3017 735 3244 805 φλογίνῃ
3286 731 3531 804 Ingenia
3573 730 3702 783 καθ-

2115 826 2495 896 ωπλισμένων,
2522 821 2598 881 ὧν
2625 829 2686 882 τὸ
2710 825 2847 892 εῒδος
2877 827 3181 899 ἀνθρώπων
3210 827 3362 894 ὄψεις
3384 825 3482 894 (οὐχ
3507 821 3700 876 61:065-

2117 935 2290 990 χεται.
2333 920 2426 972 Ἐν
2463 915 2544 982 οἷς
2586 921 2918 994 ἀπορρήτοις
2947 920 3043 990 τῆς
3075 917 3348 990 βασιλείας
3463 915 3698 984 οἴκησις,

2115 1011 2237 1064 τότε
2263 1010 2384 1080 ὕψει
2411 1051 2425 1075 ,
2455 1011 2586 1066 ὅταν
2624 1013 2720 1066 καὶ
2753 1014 2818 1067 σὺ
2858 1011 3144 1084 προκύψῃς
3175 1009 3272 1064 τοῦ
3315 1007 3598 1076 σώματος’
3635 1005 3699 1056 οὗ

2116 1103 2225 1172 γὰρ
2264 1102 2410 1157 ἔστιν
2464 1103 2638 1167 ἄλλως
2686 1105 2836 1169 ἐντὸς
2866 1104 2974 1158 τῶν
3021 1102 3231 1158 ἀδύτων
3280 1101 3380 1173 τῆς
3422 1097 3698 1171 βασιλείας

2117 1195 2391 1262 γενέσθαι,
2415 1195 2489 1268 μὴ
2505 1198 2792 1268 διασχόντα
2813 1197 2876 1250 τὸ
2899 1197 3000 1268 τῆς
3031 1195 3232 1268 σαρκὸς
3261 1192 3696 1264 παραπέτασμα.

427 1277 824 1330 supervacuam
867 1281 1090 1336 operam
1142 1285 1360 1329 sumere
1391 1274 1446 1328 in
1495 1277 1620 1344 hoc,
1653 1287 1714 1333 ut
1752 1283 2000 1353 reginam
2043 1296 2280 1356 spectes.
2312 1288 2602 1346 Terribilis
2631 1292 2843 1345 circum
2864 1305 2984 1344 eam
3045 1289 3446 1358 armigerormn
3506 1293 3699 1338 custo-

427 1351 517 1406 dia
537 1360 623 1407 est
651 1373 665 1408 :
694 1370 806 1410 non
834 1357 1058 1423 horum,
1088 1360 1336 1432 inquam.
1405 1351 1834 1439 armigerorum,
1884 1351 2088 1445 quibus
2120 1381 2299 1435 ferrea
2347 1390 2476 1436 sunt
2519 1397 2671 1436 arma
2693 1423 2708 1447 ,
2747 1382 2844 1439 sed
2873 1397 3068 1437 eorum
3106 1381 3201 1451 qui
3237 1379 3487 1432 ﬂammeo
3518 1373 3702 1444 gladio

428 1445 622 1499 armati
651 1455 780 1501 sunt
813 1466 1086 1519 :quorum
1111 1458 1354 1524 speciem
1383 1460 1539 1517 visus
1575 1464 1860 1522 hominum
1894 1487 2001 1524 non
2043 1475 2301 1538 sustinet,
2336 1475 2390 1530 in
2419 1477 2623 1546 quibus
2661 1478 2878 1532 areanis
2899 1476 3053 1546 regni
3109 1481 3196 1529 est
3265 1467 3698 1542 magniﬁccnlia.

429 1545 561 1592 "me
595 1541 838 1609 Videbis.
880 1561 1004 1601 cum
1038 1559 1093 1603 ει
1123 1551 1242 1620 ipse
1268 1570 1298 1609 e
1329 1570 1566 1626 corpore
1599 1563 1848 1619 eminens
1879 1572 2226 1638 prospexeris
2255 1591 2267 1628 :
2297 1587 2404 1628 non
2430 1573 2580 1628 enim
2652 1575 2815 1630 aliter
2882 1574 3025 1628 intra
3072 1572 3236 1644 adyta
3303 1577 3472 1638 atque
3535 1579 3701 1635 pcne-

429 1631 592 1688 tralia
617 1638 766 1708 regni
795 1643 1082 1707 pervenire
1101 1645 1250 1713 licet,
1277 1648 1382 1704 nisi
1403 1653 1591 1707 carnis
1618 1655 1739 1708 velo
1763 1655 2011 1715 diducto.

498 1725 581 1778 An
633 1730 1001 1795 pt'testabilius
1057 1748 1218 1803 puras
1272 1755 1368 1808 per
1422 1757 1648 1798 carnem
1693 1747 1806 1801 vita
1861 1748 2003 1804 frui?
2036 1759 2075 1812 Β

428 1815 671 1874 Proinde
707 1821 902 1876 doceat
935 1833 989 1880 te
1035 1827 1257 1886 divinus
1299 1832 1618 1901 Apostolus,
1649 1839 1743 1907 qui
1772 1855 2010 1896 arcano-

428 1923 551 1962 rum
594 1912 833 1979 paradisi
887 1920 1278 1986 mysteriorum
1323 1925 1604 1996 particeps
1655 1929 1818 1986 fuit“.
1865 1930 2013 1998 Quid

430 2002 568 2057 dicit
598 2005 668 2060 de
698 2006 802 2061 hac
839 2011 992 2066 vita?
1032 2011 1268 2069 forsitan
1297 2033 1364 2072 ex
1396 2025 1678 2077 communi
1725 2025 2010 2082 hominum

430 2094 664 2164 loquens
695 2104 976 2167 persona?
998 2104 1165 2161 Miser
1195 2125 1288 2179 ego
1317 2110 1472 2165 homo
1492 2113 1514 2166 !
1552 2117 1670 2184 quis
1707 2134 1789 2172 me
1824 2121 2020 2189 eripiet

430 2202 496 2239 ex
524 2189 628 2242 hoc
656 2206 876 2261 corpore
920 2199 1081 2252 morti
1121 2200 1432 2257 obnoxio’?
1469 2205 1654 2272 Quare
1693 2209 1798 2264 hoc
1833 2208 2018 2266 dicit?

431 2279 708 2345 Quoniam
740 2287 965 2354 resoivi,
997 2300 1053 2344 et
1081 2307 1206 2347 esse
1232 2293 1360 2349 cuni
1379 2295 1608 2352 Christo
1628 2298 1790 2371 longe
1819 2303 2014 2359 melius

431 2388 555 2428 esse
579 2375 794 2432 dicit".
820 2379 960 2446 Quid
989 2382 1116 2438 item
1142 2398 1375 2456 magnus
1401 2387 1490 2444 ille
1519 2387 1711 2458 David,
1739 2393 1831 2462 qui
1862 2402 2016 2448 tanto

433 2468 746 2540 principatu
788 2471 1038 2533 ﬂorebat.
1076 2477 1170 2546 qui
1220 2480 1431 2546 omnia,
1472 2498 1597 2552 qua:
1626 2486 1905 2554 pertinent
1946 2489 2013 2542 ad

431 2561 770 2630 voluptatem
815 2563 1124 2634 fruendam,
1179 2569 1400 2626 abunde
1443 2572 1725 2630 habebat?
1755 2576 1874 2632 Non
1912 2595 2012 2633 an-

433 2652 580 2722 gitur
617 2653 765 2707 vita?
821 2671 926 2712 non
968 2658 1278 2714 custodiam
1323 2663 1572 2718 nominat
1615 2666 1758 2722 hanc
1811 2669 2018 2723 vitam?

434 2743 517 2795 An
577 2757 684 2797 non
734 2745 938 2799 clamat
981 2747 1050 2801 ad
1097 2749 1384 2806 Dominum
1428 2770 1445 2806 :
1497 2752 1650 2809 Educ
1699 2774 1726 2810 ε
1769 2760 2015 2814 custodia

434 2837 672 2888 animant
691 2854 859 2892 meam
876 2840 916 2870 “
937 2841 1056 2895 ?An
1073 2858 1180 2896 non
1201 2846 1566 2914 productione
1586 2850 1708 2904 vita:
1730 2849 2013 2918 gravatur,

435 2936 485 2981 et
517 2927 858 2985 offenditur?
894 2931 1010 2986 Hert
1056 2936 1210 2996 mihi,
1255 2939 1470 3001 dicens,
1503 2943 1754 3010 quoniam
1801 2943 2016 3013 inquili-

2179 1751 2251 1805 Ἢ
2281 1754 2524 1824 κρεῖττον
2549 1753 2650 1806 οἴει
2684 1752 2744 1806 τὸ
2777 1751 2864 1806 διὰ
2896 1751 3098 1822 σαρκὸς
3133 1749 3384 1820 μετέχειν
3413 1747 3505 1802 τοῦ
3540 1749 3658 1818 βίον
3681 1765 3713 1811 ;:

2113 1843 2322 1898 Ούκοῠν
2370 1845 2712 1899 παιδευσάτω
2759 1862 2818 1897 σε
2859 1845 2887 1896 6
2929 1843 3072 1908 θεῖος
3136 1841 3476 1904 Ἀπόστοὶ.ος,
3527 1844 3555 1894 6
3591 1841 3706 1894 τῶν

2113 1936 2367 2007 ἀρρήτων
2399 1935 2498 1988 τοῦ»
2523 1935 2849 2007 παραδείσου
2885 1931 3236 2006 μετεσχηκὼς
3273 1932 3603 2004 μυστηρίων.
3635 1931 3703 1984 Τί

2113 2029 2263 2098 λέγει
2289 2029 2416 2100 περὶ
2438 2029 2536 2100 τῆς
2551 2022 2654 2082 ὧδε
2681 2028 2828 2097 ζωῆς
2849 2069 2863 2093 ,
2884 2028 3026 2098 τάχα
3055 2029 3120 2080 ἐκ
3147 2025 3243 2079 τοῦ
3274 2023 3456 2080 κοινοῦ
3474 2024 3582 2077 τῶν
3604 2025 3701 2078 ἀν-

2116 2118 2349 2190 θρώπων
2378 2119 2778 2189 φθεγγόμενος;
2809 2120 3187 2188 Τιιλαίπωρος
3207 2115 3324 2188 ἐγὼ
3351 2116 3664 2185 ἄνθρωπος
3681 2115 3708 2167 .'

2122 2215 2218 2278 Τίς
2257 2231 2333 2283 με
2363 2215 2616 2282 ῥύσεται
2665 2213 2782 2267 ἀπὸ
2831 2211 2939 2266 τοῦ
2981 2211 3258 2280 σώματος
3302 2209 3409 2264 τοῦ
3441 2207 3708 2265 θανάτου

2116 2306 2369 2370 τούτου;
2398 2303 2500 2359 Διὰ
2528 2305 2582 2358 τί
2619 2303 2779 2358 τοῦτο
2807 2303 2988 2372 λέγεις
3026 2303 3146 2356 Ὅτι
3190 2301 3252 2355 τδ
3289 2298 3575 2361 ἀναλῦσαι,
3608 2297 3705 2351 καὶ

2120 2397 2218 2450 σὺν
2266 2395 2486 2466 Χριστῷ
2515 2390 2674 2462 εἶναι,
2729 2393 2908 2466 πολλῷ
2957 2393 3203 2464 κρεῖττόν
3250 2406 3437 2462 φησιν.
3489 2388 3647 2442 7181:-
3673 2390 3709 2441 ὁ

2122 2487 2294 2558 μέγας
2331 2485 2515 2551 Δαϐὶδ,
2563 2488 2593 2540 6
2621 2485 2859 2559 τοσαύτῃ
2886 2484 3177 2554 δυναστείᾳ
3223 2482 3432 2552 κομῶν,
3464 2482 3494 2534 6
3525 2479 3711 2534 πάντα

2121 2577 2256 2646 πρὸς
2288 2577 2481 2648 ἡδονὴν
2521 2577 2615 2630 καὶ
2657 2577 2778 2629 κατ’
2806 2574 3049 2642 ἐξουσίαν
3083 2575 3165 2636 είς
3202 2573 3503 2628 ἀπόλαυσιν
3529 2571 3705 2643 ἔχωνς

2119 2669 2194 2722 Ού
2225 2671 2638 2739 στενοχωρεϊται
2670 2668 2748 2740 τῷ
2783 2666 2915 2738 βίῳ;
2947 2667 3022 2720 Οὐ
3053 2665 3299 2737 φυλακὴν
3323 2664 3578 2736 ὀνομάζει
3606 2663 3710 2736 τὴν

2120 2754 2220 2814 ὦδε
2256 2760 2437 2831 ζωὴνς
2487 2762 2562 2813 υύ
2596 2760 2695 2830 βοᾷ
2730 2759 2864 2830 πρὸς
2908 2758 2997 2811 τὸν
3046 2758 3280 2828 Κύριον*
3323 2756 3603 2825 Ἐξάγαγε
3633 2756 3705 2809 ἐκ

2118 2852 2401 2922 φυλακῆς
2429 2851 2544 2922 τὴν
2569 2851 2781 2921 ψυχήν
2805 2867 2925 2921 μου
2954 2866 2972 2912 ;
2999 2850 3072 2902 Οὐ
3106 2850 3242 2921 πρὸς
3269 2847 3371 2920 τὴν
3396 2848 3706 2919 παράτασιν

2118 2943 2217 3012 τῆς
2247 2941 2394 3013 ζωῆς
2425 2941 2800 3012 δυσχεραίνει,
2829 2937 3338 3009 Οιμοι,λέγων.ὅτι
3358 2938 3395 3004 ἡ
3425 2938 3711 3006 παροιμία

435 3032 594 3077 natus
651 3041 796 3079 meus
834 3028 1182 3098 proiongaltts
1225 3033 1405 3086 est“!
1455 3035 1536 3087 Att
1591 3049 1699 3088 non
1750 3045 2017 3091 noverant

2124 3052 2234 3103 μου
2263 3034 2639 3103 ἐμακρύνθηί
2673 3033 2742 3086 Ἢ
2791 3032 2890 3086 ούκ
2921 3032 3140 3103 ⁴ᾔδεισαν
3165 3031 3436 3103 διακρῖναι
3474 3031 3524 3082 οἱ
3561 3030 3706 3098 ἅγιοι

437 3115 614 3168 sancti
646 3115 969 3174 discernere
997 3121 1201 3175 bonum
1231 3139 1258 3176 a
1289 3126 1432 3180 man
1456 3165 1470 3188 ,
1500 3133 1554 3181 et
1581 3127 1789 3184 idcirco
1818 3129 2018 3184 anima:

2124 3126 2178 3179 τὸ
2219 3127 2378 3180 καλὸν
2417 3129 2481 3180 ὲκ
2517 3125 2610 3180 τοῦ
2645 3126 2918 3196 χείρονος,
2971 3126 3063 3178 καὶ
3101 3124 3192 3178 διὰ
3237 3122 3398 3176 τοῦτο
3447 3138 3709 3193 προτιμο-

437 3205 890 3274 prtestabiliorem
936 3225 1060 3265 esse
1106 3213 1373 3281 putabant
1421 3216 1626 3270 exitum
1666 3233 1697 3270 e
1741 3219 2021 3289 corpore?

437 3296 518 3350 Tu
552 3313 701 3364 vero,
751 3301 880 3370 quid
923 3302 1073 3368 boni,
1111 3319 1318 3374 quaso,
1355 3307 1409 3359 in
1456 3309 1565 3362 vita
1593 3309 1797 3364 vides?
1825 3311 2020 3365 Consi-

436 3392 572 3446 dera
607 3393 810 3462 qttihus
841 3395 894 3448 in
933 3397 1096 3452 rebus
1133 3398 1240 3452 vita
1278 3408 1583 3468 spectetur.
1632 3401 1751 3456 Non
1799 3405 2019 3473 prol‘ero

440 3485 537 3538 tibi
563 3501 747 3541 vocem
775 3489 1052 3558 prephetee
1076 3490 1313 3547 dicentis
1340 3511 1352 3546 :
1384 3493 1570 3547 Omnis
1596 3512 1720 3548 curo
1756 3497 2015 3564 fenum".

438 3578 614 3632 Ornat
651 3581 798 3634 enim
841 3581 932 3636 ille
976 3593 1029 3636 et
1075 3583 1330 3639 honestat
1357 3589 1530 3655 magis
1561 3603 1624 3640 ea
1651 3589 2019 3644 similitudine

439 3671 720 3726 miseriam
753 3681 964 3728 natura:
1003 3695 1015 3728 :
1055 3673 1284 3730 forsitan
1317 3677 1462 3732 enim
1508 3680 1703 3736 melius
1734 3690 1884 3736 esset
1943 3681 2021 3736 fe-

443 3777 576 3816 num
610 3778 729 3815 eam
779 3779 903 3818 esse
955 3765 1138 3834 potius
1183 3782 1349 3836 quam
1395 3769 1449 3823 id
1485 3771 1628 3840 quod
1663 3781 1767 3827 est.
1802 3771 2023 3838 Quare?

441 3855 568 3925 quia
597 3856 805 3909 nullam
837 3871 870 3910 a
894 3865 1090 3912 natura
1114 3859 1576 3930 injucunditatem
1606 3864 1791 3920 fenum
1819 3866 2016 3934 habet;

441 3961 575 4002 caro
603 3963 733 4003 vero
765 3957 953 4005 nostra
986 3953 1110 4007 tetri
1137 3952 1330 4010 odoris
1365 3965 1451 4011 est
1472 3955 1716 4022 ofﬁcina,
1751 3959 2018 4031 quidquid

442 4042 720 4111 acceperit
744 4044 1151 4114 corrumpendo
1181 4045 1379 4104 inutile
1405 4049 1664 4107 reddens.
1697 4050 1856 4118 Quod
1890 4067 2023 4107 vero

444 4134 779 4203 simplicium
820 4144 903 4191 est
937 4153 1094 4208 aeque
1140 4155 1329 4210 grave,
1368 4149 1534 4212 atque
1579 4144 1727 4198 omni
1777 4153 2023 4214 tempore

441 4227 754 4282 ministerio
805 4231 1011 4284 ventris
1059 4231 1361 4287 obnoxium
1407 4236 1576 4290 esse?
1627 4235 1820 4294 Videte
1873 4239 2020 4292 enim

442 4317 591 4374 hunc
614 4330 937 4389 perpetuum
977 4321 1167 4376 tributi
1199 4336 1511 4382 exactorem
1533 4367 1547 4388 ,
1593 4340 1838 4383 ventrem
1869 4328 2020 4393 dico,

441 4423 704 4481 quantam
731 4413 976 4482 quotidie
1014 4417 1402 4472 necessitatem
1445 4419 1636 4474 all‘erat
1678 4421 2026 4476 exactionis?

2127 3219 2289 3290 τέραν
2319 3216 2485 3290 ῷοντο
2521 3221 2586 3290 τῇ
2627 3218 2772 3288 ψυχῇ
2807 3219 2908 3288 τὴν
2950 3219 3057 3272 ἀπὸ
3089 3217 3184 3271 τοῦ
3215 3217 3467 3288 σώματος
3497 3215 3712 3280 ἔξοδον;

2129 3309 2200 3360 Σὺ
2229 3309 2304 3370 δὲ,
2323 3309 2374 3360 τί
2408 3308 2592 3369 καλὸν,
2621 3307 2742 3359 εἰπέ
2771 3322 2882 3376 μοι,
2903 3306 3056 3378 παρὰ
3076 3305 3167 3359 τὸν
3196 3304 3306 3376 βίον
3335 3304 3495 3374 ὀρᾷςς
3530 3303 3712 3355 Κατα-

2128 3401 2320 3470 νόησον
2369 3403 2426 3453 ὲν
2473 3401 2612 3452 τίσιν
2658 3401 2691 3471 ἡ
2754 3397 2868 3470 ζωὴ
2932 3398 3232 3469 θεωρεῖται.
3290 3397 3363 3449 Oti
3425 3395 3568 3462 λέγω
3628 3411 3710 3447 σοι

2127 3487 2224 3560 τὴν
2268 3489 2361 3542 τοῦ
2403 3489 2682 3560 προφήτου
2729 3488 2932 3559 φωνὴν,
2961 3489 3042 3540 ὅτι
3068 3485 3242 3541 Πᾶσα
3272 3483 3428 3553 σὰρξ
3475 3483 3712 3552 χόρτος.

2129 3584 2389 3654 Σεμνύνει
2415 3583 2520 3654 γὰρ
2545 3585 2749 3648 ἐκεῖνος
2772 3581 2968 3654 μᾶλλον
2997 3582 3074 3652 τῷ
3105 3579 3460 3648 ὑποδείγματι
3493 3576 3589 3647 τὴν
3614 3579 3713 3646 τῆς

2129 3679 2346 3746 φύσεως
2392 3677 2701 3748 ἀθλιότητα.
2753 3676 2907 3746 Τάχα
2951 3675 3060 3747 γὰρ
3103 3675 3351 3746 κρεῖττον
3399 3667 3469 3742 ἦν
3519 3671 3713 3740 χόρτον

2129 3765 2267 3822 εἶναι
2299 3767 2517 3838 μᾶλλον,
2545 3768 2578 3839 ἦ
2608 3769 2742 3838 ὅπερ
2772 3767 2908 3821 ἐστί.
2940 3767 3038 3821 Διὰ
3083 3766 3167 3831 τί;
3222 3767 3344 3818 ’Ότι
3391 3763 3649 3833 οὐδεμίαν
3683 3761 3714 3813 ὁ

2129 3861 2320 3931 χόρτος
2361 3862 2426 3912 ἐκ
2474 3860 2687 3929 φύσεως
2743 3858 2934 3930 ἀηδίαν
2980 3859 3124 3928 ἔχει’
3175 3857 3297 3928 ἠδὲ
3343 3856 3480 3928 σὰρξ
3531 3853 3710 3926 ἡμῶν,

2129 3954 2306 4025 ὀσμῆς
2349 3955 2494 4005 ἐστιν
2532 3953 2913 4023 ἐργαστήριον,
2965 3950 3112 4004 ἆπαν
3149 3950 3208 4004 τὸ
3248 3949 3450 4020 ληφθὲν
3483 3949 3564 4011 εἰς
3595 3946 3715 3999 δια-

2129 4048 2334 4117 φθορὰν
2383 4045 2696 4116 ἀχρειοῦσα.
2733 4045 2806 4097 Τὸ
2858 4044 2915 4097 δὲ
2959 4042 3052 4098 τὸν
3102 4043 3317 4096 ἅπαντα
3360 4041 3548 4114 χρόνον
3583 4043 3713 4094 ὑπο-

2130 4139 2341 4194 κεῖσθαι
2373 4141 2440 4210 τῇ
2477 4137 2578 4206 τῆς
2606 4136 2841 4208 γαστρὸς
2868 4135 3197 4206 λειτουργίᾳ,
3246 4134 3402 4198 ποίας
3447 4133 3714 4204 τιμωρίας

2130 4233 2229 4285 οὐκ
2294 4230 2441 4283 ἔστιν
2493 4228 2892 4301 ἀνιαρὼτερον;
2970 4228 3159 4300 Ὁρᾶτε
3215 4227 3322 4296 γὰρ
3380 4224 3564 4279 τοῦτον
3623 4225 3714 4278 τὴν

2129 4325 2351 4396 διηνεκῆ
2393 4324 2705 4396 φορολόγον,
2739 4323 2838 4395 τὴν
2882 4322 3126 4394 γαστέρα
3155 4322 3318 4390 λέγω,
3353 4323 3485 4392 ὅσην
3518 4321 3714 4388 ἐπάγει

2132 4418 2252 4474 καθ’
2290 4419 2505 4490 ἡμέραν
2531 4418 2632 4490 τὴν
2661 4415 2904 4486 ἀνάγκην
2933 4416 3031 4483 τῆς
3069 4413 3447 4484 ἀπαιτήσεωςς
3496 4404 3565 4482 ᾯ
3612 4411 3716 4464 κᾶν

441 4503 542 4555 (Ini
575 4505 794 4560 etiamsi
828 4506 1128 4577 aliquando
1177 4511 1413 4578 amplius
1457 4527 1620 4581 quam
1669 4521 1937 4567 statutum
1969 4525 2018 4569 et

2129 4528 2259 4566 ποτε
2303 4510 2462 4564 πλέον
2491 4508 2584 4563 τοῦ
2633 4507 2965 4579 τεταγμένου
2996 4505 3520 4577 προκαταϐἀλωμεν,
3561 4503 3716 4557 οὐδὲν

443 4595 759 4651 ordinatum
805 4598 900 4656 sit.
947 4608 1078 4654 ante
1123 4601 1572 4672 depcndcrimns,
1609 4605 1746 4660 nihil
1788 4606 1856 4661 de
1885 4607 2031 4662 inse-

443 4689 633 4756 quenti
674 4687 862 4743 debito
900 4698 1027 4745 ante
1063 4693 1330 4747 solvendo
1367 4694 1696 4752 deduximus
1721 4714 1735 4750 ;
1765 4700 2030 4768 quemad-

445 4780 664 4834 modum
692 4781 951 4836 animalia
988 4799 1114 4854 quae
1142 4785 1194 4838 in
1236 4785 1475 4856 pistrino
1502 4789 1688 4844 labore
1719 4790 2029 4846 coniiciun-

443 4877 558 4935 tur,
586 4872 746 4928 tectis
784 4875 964 4930 oculis
1010 4875 1136 4931 vita:
1187 4880 1390 4932 tnolam
1443 4879 1766 4945 circuintus,
1813 4897 2030 4953 semper

446 4977 543 5033 per
570 4965 771 5020 similia
803 4967 1244 5037 obambulantes,
1279 4980 1333 5025 et
1356 4970 1422 5026 ad
1442 4971 1631 5027 eadem
1661 4983 2021 5029 revertentes.

445 5054 637 5112 Dicam
691 5059 789 5115 tibi
831 5061 980 5116 hunc
1014 5063 1280 5117 ambitum
1328 5064 1656 5120 circnlarem
1697 5085 1709 5120 :
1747 5067 2025 5137 appetitus

446 5158 554 5211 est,
587 5154 840 5221 satietas,
876 5171 1128 5221 somnus,
1164 5157 1370 5229 vigilia,
1401 5161 1711 5224 evacuatio,
1747 5161 1978 5231 repletio
2009 5177 2022 5214 :

447 5261 666 5314 semper
699 5249 768 5302 ab
793 5249 902 5305 illis
931 5249 1068 5317 hinc,
1109 5260 1162 5306 et
1195 5251 1266 5306 al)
1300 5251 1388 5307 his
1419 5251 1535 5311 illa,
1570 5261 1626 5307 et
1664 5269 1862 5308 rursus
1889 5253 2023 5319 haec,

449 5353 514 5392 ac
541 5355 814 5409 nunquam
843 5341 894 5394 in
923 5341 1107 5396 orbem
1135 5343 1487 5400 obambulare
1509 5346 1830 5407 desinimus.
1852 5345 2030 5402 donec

451 5441 603 5483 extra
669 5433 1046 5488 molendinnm
1099 5440 1462 5494 evaserimus.
1534 5438 1703 5494 Recte
1765 5439 2026 5494 Salomon

452 5521 655 5576 dolium
707 5526 1076 5593 perforatum,
1121 5537 1175 5582 et
1224 5529 1446 5585 domum
1490 5531 1724 5586 alienant
1778 5532 2031 5585 nominat

453 5613 596 5670 hanc
633 5615 816 5671 vitam.
857 5616 992 5674 Vere
1025 5621 1169 5674 enim
1203 5623 1380 5677 aliena
1429 5622 1627 5678 domus
1666 5631 1779 5687 est,
1827 5632 1883 5677 et
1921 5639 2028 5677 non

523 5729 544 5761 '
585 5727 626 5804 ll
659 5730 784 5788 Cor.
820 5749 915 5790 xu.
949 5734 987 5787 ‘2
1013 5750 1138 5804 sqq.
1217 5734 1421 5791 ’Rozn.
1448 5750 1547 5802 vn,
1566 5737 1656 5790 ‘24.

455 5813 548 5866 ιι,
579 5801 636 5854 ii.

1737 5735 1778 5768 '°
1829 5733 2064 5806 Philipp.
2109 5750 2148 5797 ι,
2206 5729 2297 5783 ‘25-

2126 4605 2221 4656 τοῦ
2263 4601 2460 4671 ἑφεξῆς
2507 4600 2699 4673 χρέους
2751 4598 3214 4670 προεξετίσαμεν·
3263 4596 3385 4651 καθ’
3419 4596 3716 4668 ὁμοιότητα

2125 4692 2234 4747 τῶν
2269 4695 2325 4746 ὲν
2365 4693 2443 4763 τῷ
2479 4691 2683 4763 μύλωνι
2730 4690 3219 4762 ταλαιπωρούντων
3253 4688 3408 4754 ζώων
3438 4688 3718 4760 κεκαλυμ-

2129 4785 2310 4857 μένοις
2334 4787 2447 4850 τοῖς
2481 4783 2799 4855 ὀφθαλμοῖς,
2833 4783 2930 4855 τὴν
2958 4783 3050 4836 τοῦ
3075 4783 3192 4854 βίου
3223 4781 3398 4853 μύλην
3430 4780 3718 4852 περιερχὸ-

2130 4878 2289 4948 μεθα,
2327 4878 2414 4929 ἀεὶ
2459 4876 2546 4930 διὰ
2596 4874 2705 4928 τῶν
2751 4875 2953 4945 ὁμοίων
2986 4873 3441 4946 περιχωροῦντες,
3486 4871 3581 4925 καὶ
3626 4871 3718 4922 ἐπὶ

2131 4970 2199 5023 τὰ
2258 4968 2396 5023 αὐτὰ
2446 4969 2894 5039 ἀναστρέφοντες.
2959 4966 3111 5019 luit-tto
3164 4983 3245 5018 σοι
3299 4963 3400 5034 τὴν
3451 4963 3718 5033 κυκλικὴν

2132 5063 2336 5132 ταύτην
2376 5061 2642 5133 περίοδον,
2672 5057 2870 5131 ὄρεξις,
2919 5058 3098 5130 κόρος,
3134 5057 3322 5119 ὕπνος,
3366 5055 3716 5127 ἐγρήγορσις.

2134 5154 2378 5216 κένωσις.
2408 5153 2706 5223 πλήρωσις.
2752 5152 2862 5204 ’Λεὶ
2887 5151 2978 5204 ἀπ’
3011 5150 3233 5203 ἐκείνων
3266 5147 3460 5211 ταῦτα,
3492 5146 3587 5200 καὶ
3611 5143 3719 5202 ἀπὸ

2133 5244 2335 5296 τούτων
2370 5245 2584 5296 ἐκεῖνα·
2617 5243 2710 5296 καὶ
2735 5242 2893 5296 πάλιν
2913 5239 3106 5302 ταῦτα,
3136 5238 3230 5292 καὶ
3253 5238 3506 5290 οὐδέποτε
3533 5233 3719 5304 κύκλῳ

2135 5336 2435 5407 περιιόντες
2484 5334 2790 5406 παυόμεθα,
2822 5334 2925 5398 ἓως
2965 5333 3033 5386 ἂν
3077 5331 3180 5398 ἔξω
3226 5329 3318 5384 τοῦ
3353 5329 3596 5401 μύλωνος
3628 5344 3718 5396 γε·

2139 5431 2376 5500 νὼμεθα.
2426 5430 2617 5492 Καλῶς
2663 5433 2691 5483 6
2739 5426 2990 5499 Σολομὼν
3035 5427 3188 5480 πίθον
3237 5426 3568 5498 τετρημένον
3625 5425 3719 5478 καὶ

2138 5518 2285 5576 οἷκον
2329 5521 2606 5591 ἀλλότριον
2637 5519 2891 5590 ὀνομάζει
2931 5517 3025 5570 τὸν
3046 5510 3147 5570 ὧδε
3185 5515 3321 5586 βίον.
3373 5517 3579 5580 Ὄντως
3608 5515 3718 5586 γὰρ

2140 5615 2416 5685 ἀλλότριος
2445 5608 2611 5676 οἶκος,
2641 5612 2733 5664 καὶ
2766 5610 2866 5679 οὐχ
2895 5607 3186 5680 ἡμέτερος,
3215 5607 3296 5660 ὅτι
3326 5608 3426 5660 οὐκ
3464 5607 3550 5676 ἐφ’
3581 5607 3718 5677 ἡμῖν

2380 5730 2414 5759 “
2446 5726 2589 5782 Psal.
2631 5739 2774 5786 cm.
2817 5723 2868 5778 8.
2951 5723 2992 5754 “
3019 5721 3169 5778 Psal.
3203 5738 3360 5781 xxix.
3384 5722 3438 5776 5.
3527 5722 3568 5752 ’³
3601 5719 3713 5777 lsa.
