4132 6356
387 348 503 408 εἴ.)

1438 345 1697 404 ORATIO
1733 347 2083 405 FUNEBRlS
2126 347 2211 402 DE
2252 346 2614 403 PLACILLA.

3576 333 3697 397 εθο

390 472 549 522 ἔστιν
579 465 616 537 ἢ
657 461 745 519 ὅτε
785 464 1168 538 βουλόμεθα,ἢ
1219 470 1302 536 ἐφ’
1355 469 1478 522 ὅσον
1528 470 1896 542 ἐπιποθοῦμεν
1941 473 1998 525 ἐν

2110 476 2294 524 nostra
2317 509 2332 533 ,
2378 469 2638 538 quoniam
2687 466 2741 520 in
2774 472 2961 521 nostra
2998 470 3272 536 potestate
3298 476 3414 517 non
3443 467 3560 525 est,
3593 461 3687 515 vel.

390 558 554 629 αὐτῷ
600 552 743 610 εἶναι
770 575 783 588 ·
830 556 964 610 ἀλλὰ
1008 557 1102 612 καὶ
1133 559 1466 630 είσαγόμεθα
1495 561 1569 624 ὡς
1615 563 1715 616 οὒκ
1755 563 1998 633 οἴδαμεν,

391 654 494 707 καὶ
538 649 922 722 ἐξοικιζόμεθα
965 651 1054 704 ὅτε
1083 652 1184 705 οὐκ
1229 653 1468 722 οἴδαμεν.
1507 652 1580 706 Τὸ
1614 654 1669 706 δὲ
1700 654 1795 708 τοῦ
1841 655 2000 708 πίθου

392 744 648 813 αἴνιγμα
692 744 923 814 νοήσεις,
961 744 1054 796 ὲάν
1089 745 1168 808 εἰς
1200 742 1259 797 τὸ
1297 744 1619 817 ἀπλήρωτον
1665 745 1774 801 τῶν
1809 747 2000 800 ἐπιθυ-

397 831 551 906 μιῶν
597 831 934 903 ἀποϐλέψῃς.
977 831 1139 902 Ὁρᾷς
1169 829 1289 895 πῶς
1327 831 1680 886 ἐπαντλοῦσιν
1708 834 1921 896 ἑαυτοῖς
1951 835 1998 886 οἱ

395 925 690 998 ἄνθρωποι
716 924 814 988 τὰς
848 924 1032 996 τιμάς,
1064 923 1163 987 τάς
1193 923 1531 990 δυναστείας,
1569 924 1666 988 τὰς
1696 924 1874 990 δόξας,
1906 925 2002 977 καὶ

398 1019 594 1087 πάντα
625 1016 693 1071 τὰ
721 1014 979 1081 τοιαῦτας
1016 1013 1128 1068 ἀλλ’
1162 1015 1395 1086 ὑπορῤεἶ
1428 1013 1488 1068 τὸ
1530 1015 1875 1086 βαλλόμενον,
1909 1017 2002 1069 καὶ

397 1108 463 1160 οὐ
521 1105 834 1178 παραμένει
868 1104 947 1174 τῷ
986 1105 1192 1174 ἔχοντι·
1297 1106 1393 1176 μὲν
1419 1105 1528 1182 γὰρ
1559 1107 1687 1178 περὶ
1708 1106 1806 1178 τὴν
1821 1107 1999 1172 δόξαν,

398 1196 502 1250 καὶ
547 1197 650 1267 τήν
705 1194 1022 1249 δυναστείαν
1070 1195 1163 1248 καὶ
1207 1195 1306 1259 τὴν
1338 1194 1502 1265 τιμὴν
1537 1194 1738 1266 σπουδὴ
1773 1193 2000 1247 πάντοτε

400 1288 754 1358 ἐνεργεῖται·
803 1287 832 1340 6
874 1285 929 1338 δὲ
979 1287 1075 1356 τῆς
1123 1283 1416 1354 ἐπιθυμίας
1453 1285 1610 1348 πίθος
1651 1285 1800 1357 μένει
1829 1285 2002 1356 ἀπλή-

403 1398 606 1454 ρωτος.
659 1379 725 1432 Τί
770 1379 827 1433 δὲ
867 1381 900 1451 ή
949 1377 1388 1450 φιλοχρηματίας
1437 1380 1537 1431 οὐκ
1587 1377 1801 1447 ἀληθῶς
1845 1378 2002 1443 πίθος

399 1471 743 1542 τετρημένος
789 1470 960 1532 ἐστὶν,
1011 1469 1116 1539 ὅλῳ
1161 1467 1238 1539 τῷ
1283 1468 1516 1540 πυθμένι
1565 1471 1736 1541 ῥέων,
1896 1470 2002 1524 κᾶν

403 1565 595 1617 πᾶσαν
627 1562 968 1635 ἐπαντλήσῃς
994 1561 1091 1633 τὴν
1115 1560 1412 1626 θάλασσαν,
1455 1561 1808 1633 πληρωθῆναι
1837 1561 2001 1631 φύσιν

404 1656 515 1708 οὐκ
544 1655 691 1726 ἔχει;

484 1921 549 1974 Τί
585 1917 676 1976 οὖν
703 1920 967 1993 λυπηρὸν.
993 1923 1044 1976 εί
1069 1923 1177 1976 τῶν
1211 1923 1304 1976 τοῦ
1339 1921 1453 1994 βίου
1484 1922 1725 1994 κακῶνή
1755 1923 2000 1994 μακαρία

406 2012 768 2086 κεχώρισται,
801 2015 896 2068 καὶ
925 2013 1114 2086 ὥσπερ
1147 2015 1266 2068 τινα
1293 2014 1475 2085 λήμην
1507 2013 1598 2066 τὸν
1629 2013 1722 2066 τοῦ
1753 2012 2001 2082 σώματος

412 2109 588 2180 ῥύπον
621 2107 991 2172 ἀποϐαλοῦσα,
1033 2107 1251 2180 καθαρᾷ
1277 2110 1342 2178 τῇ
1381 2108 1526 2178 ψυχῇ
1562 2107 1697 2178 πρὸς
1730 2106 1824 2175 τήν
1859 2107 1998 2176 ἀκή·

412 2216 579 2272 ρατον
617 2199 762 2272 ζωὴν
802 2199 1230 2270 μετανίσταται,
1271 2201 1328 2254 ἐν
1420 2199 1604 2268 ἀπάτη
1640 2199 1702 2252 οὐ
1724 2198 2001 2252 πολιτεύε-

410 2309 535 2358 ται,
563 2292 784 2364 διαϐολὴ
804 2294 863 2346 οὗ
887 2292 1236 2356 πιστεύεται,
1267 2293 1526 2346 κολακεία
1551 2293 1733 2363 χώραν
1751 2293 1848 2344 οὐκ
1867 2291 1999 2360 ἔχει,

411 2383 609 2454 ψεῦδος
647 2385 710 2437 οὐ
735 2385 1142 2455 καταμίγνυται
1168 2425 1182 2446 ,
1238 2384 1401 2456 ἡδονή
1443 2401 1501 2437 τε
1550 2384 1644 2436 καὶ
1691 2384 1858 2452 λύπη,
1909 2385 2000 2436 καὶ

413 2476 579 2544 (prmo;
612 2477 702 2529 ml.
731 2477 951 2547 θάρσος,
987 2478 1080 2530 καὶ
1101 2477 1260 2528 πενία
1289 2477 1382 2530 καὶ
1408 2475 1656 2540 πλοῦτος,
1679 2479 1772 2529 καὶ
1791 2475 2002 2528 δουλεία

414 2569 509 2620 καὶ
535 2567 812 2639 κυριότης,
842 2568 936 2621 καὶ
969 2570 1117 2621 πᾶσα
1146 2569 1178 2639 ή
1213 2569 1436 2634 τοιαύτη
1461 2565 1554 2620 τού
1587 2567 1702 2636 βίου
1719 2567 2004 2637 ἀνωμαλία

414 2658 490 2722 ὡς
519 2660 856 2730 πορρωτάτω
883 2659 980 2730 τῆς
1011 2659 1156 2730 ζωῆς
1185 2661 1401 2731 ἐκείνης
1428 2659 1716 2730 ὲξώρισται
1734 2676 1749 2724 ;
1769 2659 2005 2727 Ἀπέδετα

417 2750 646 2812 ἐκεῖθεν,
679 2750 861 2814 καθώς
887 2767 1053 2820 φησιν
1081 2752 1109 2803 6
1141 2752 1445 2821 προφήτης,
1491 2749 1677 2820 ὀδύνη,
1711 2750 1804 2804 καλ¹
1837 2748 2002 2820 λύπη,

417 2841 511 2893 καὶ
539 2841 859 2912 στεναγμός.
910 2841 1057 2894 Ἀντὶ
1098 2842 1155 2896 δὲ
1191 2842 1396 2894 τούτων
1429 2844 1522 2908 τί;
1577 2841 1861 2904 Ἀπάθεια,
1897 2859 2004 2911 μα-

417 2931 697 3002 καριότης,
745 2931 918 2985 κακοῦ
967 2932 1168 2995 παντὸς
1194 2931 1570 3004 ἀλλοτρίωσις,
1603 2933 1854 3000 ἀγγέλων
1882 2935 2005 3002 όμι-

417 3020 527 3086 λία,
553 3023 664 3075 τῶν
693 3024 940 3093 ἀοράτων
979 3023 1201 3095 θεωρία,
1226 3023 1361 3078 Θεοῦ
1391 3025 1670 3095 μετουσία,
1700 3023 2005 3094 εὐφροσύνη

417 3114 569 3177 τέλος
595 3116 696 3168 οὐκ
747 3114 962 3185 ἔχουσα.
1000 3111 1109 3186 τΑρ
1142 3111 1234 3170 οὖν
1260 3115 1549 3170 λυπεῖσθαι
1584 3117 1853 3187 προσήκει
1881 3116 2006 3187 περὶ

419 3205 520 3274 τῆς
537 3207 825 3276 βασιλίδος,
850 3208 1122 3278 μαθόντας
1143 3202 1229 3262 οἷα
1249 3207 1365 3263 ἀνθ’
1382 3209 1510 3262 οἴων
1533 3208 1829 3278 ﬁliaiam;
1855 3211 2004 3260 Κατ-
2033 3189 2077 3244 (δ

419 3299 571 3352 ἐλιπε
603 3299 880 3370 βασιλείαν
907 3301 1030 3371 γηῖν
1040 3319 1121 3371 ην,
1142 3301 1279 3354 ἀλλά
1302 3301 1402 3372 τὴν
1423 3301 1672 3374 οὐράνιον
1690 3301 2003 3355 κατέλαϐεν’

421 3391 659 3445 ἀπέθετο
691 3391 782 3446 τὸν
840 3394 903 3446 ὲκ
938 3392 1100 3446 λίθων
1127 3394 1409 3461 στέφανον,
1442 3391 1578 3445 ἀλλά
1605 3393 1696 3445 τὸν
1728 3394 1826 3464 τῆς
1853 3393 2010 3464 δόξης

423 3481 786 3555 περιεθήκατο
807 3499 822 3514 °
862 3484 1168 3538 ἀπεδύσατο
1217 3485 1316 3556 τὴν
1349 3485 1675 3557 πορφυρίδα,
1711 3486 1846 3539 ἀλλά
1870 3487 2006 3557 Χρι-

424 3577 548 3629 στὸν
598 3577 903 3631 ἐνεδύσατο.
955 3577 1125 3632 Τοῦτό
1159 3579 1274 3631 ἐστι
1317 3578 1377 3630 τὸ
1413 3577 1685 3648 βασιλικὸν
1719 3578 1886 3642 ὅντως
1913 3579 2012 3632 καὶ

422 3669 602 3738 τίμιον
653 3667 876 3739 ἔνδυμα.
919 3669 1028 3740 Τὴν
1090 3663 1194 3724 ὧδε
1248 3670 1534 3743 πορφύραν
1585 3672 1768 3726 ἀκούω
1814 3675 2008 3744 αἵματι

422 3761 611 3831 κόχλου
640 3761 780 3823 τινὸς
801 3761 1098 3825 θαλασσίας
1125 3763 1640 3836 φοινίσσεσθαιοτήν
1655 3763 1711 3816 δὲ
1738 3764 1850 3817 ἄνω
1876 3782 2009 3836 πορ-

422 3857 622 3928 φύραν,
648 3857 708 3911 τὸ
724 3855 816 3910 τοῦ
835 3855 1073 3928 Χριστοῦ
1099 3853 1240 3929 αἷμα
1262 3858 1498 3928 λάμπειν
1518 3862 1680 3912 ποιεῖ.
1711 3856 1862 3922 Εἶδες
1887 3861 2009 3912 ὅσον

422 3951 482 4003 ἐν
514 3948 590 4022 τῷ
607 3949 864 4022 ἐνδύματι
902 3950 962 4003 τὸ
994 3950 1268 4023 διάτορον.
1305 3951 1492 4006 Βούλει
1523 3953 1809 4023 πεισθῆναι
1837 3953 1920 4005 ὅτι
1953 3953 2010 4004 ὲν

422 4043 651 4106 ἐκείνοις
676 4043 856 4110 ὲστίν;
893 4043 1194 4112 Ἀνάγνωθι
1238 4043 1299 4098 τδ
1335 4044 1688 4114 Εὑαγγέλιον’
1736 4044 1933 4107 Δεῦτε,
1957 4045 2012 4096 ol

423 4134 815 4203 ablomyérct
862 4134 970 4188 τοῦ
1011 4136 1241 4205 Πατρός
1287 4153 1406 4203 μου
1444 4135 1628 4206 (φησιν
1669 4135 1839 4187 ταῦτα
1877 4134 2010 4205 πρὸς

423 4224 547 4287 τοὺς
566 4224 773 4288 δεξιοὺς
795 4225 822 4276 6
851 4223 1086 4296 κριτὴς),
1115 4221 1611 4293 κληρονομήσατε
1637 4224 1751 4291 τὴν
1773 4225 2012 4292 ἡτοιμα-

424 4315 660 4387 σμένην
701 4315 842 4384 ὑμῖν
881 4317 1208 4380 ,βασιλείαν
1229 4334 1241 4345 ·
1273 4316 1370 4387 τήν
1403 4317 1554 4385 παρὰ
1609 4317 1752 4380 τίνος
1781 4319 2009 4386 ἡτοιμα-

428 4407 665 4479 σμὲτιηη
722 4408 825 4461 Ἦν
848 4409 1080 4472 ἑαυτοῖς,
1104 4409 1260 4480 φησι,
1300 4408 1388 4460 διὰ
1418 4408 1526 4460 τῶν
1554 4406 1731 4480 ἔργων
1757 4424 2010 4478 προητοιο

431 4501 659 4571 μάσατε.
705 4498 866 4566 Πῶς;
920 4501 1219 4563 Ἐπείνων,
1275 4499 1521 4568 ἐδίψων,
1593 4499 1768 4564 ξένος
1823 4498 2006 4566 ἤμην,

427 4592 675 4664 γυμνὸς,
703 4591 988 4658 ἀσθενὴς,
1015 4592 1083 4645 ἐν
1095 4591 1362 4662 φυλακῇ.
1381 4590 1669 4660 Ἐφ’ὅσον
1689 4590 2013 4656 ἐποιήσατε
2049 4571 2087 4612 υ

427 4683 517 4738 ἐνὶ
539 4687 766 4737 τούτων
785 4683 902 4736 τῶν
927 4684 1287 4752 ἐλαχίστων,
1308 4683 1437 4754 ἐμοὶ
1461 4682 1804 4748 ἐποιήσατε.
1836 4685 1895 4735 Εἰ
1918 4679 2011 4735 οὖν

427 4780 461 4849 ἡ
486 4796 551 4832 πε
563 4778 614 4848 pl.
635 4777 806 4830 ταῦτα
834 4776 1036 4847 σπουδὴ
1061 4777 1335 4847 βασιλείας
1371 4777 1630 4846 πρόξενος
1652 4776 1878 4844 γίνεται,
1899 4777 2014 4845 ἀρι-

431 4869 698 4942 θμήσατε,
727 4871 883 4941 εἴπερ
910 4869 1132 4923 δυνατόν
1165 4870 1311 4922 ἐστιν
1333 4868 1802 4940 ἐξαριθμήσασθαι
1821 4907 1836 4932 ,
1860 4869 2012 4920 πόσοι

429 4965 542 5026 τοῖς
580 4962 840 5037 ἐνδύμασι
892 4964 1006 5025 τοῖς
1050 4962 1180 5033 παρ’
1222 4963 1388 5033 αὐτῆς
1421 4961 1828 5028 ὲσκεπάθησανί
1857 4962 2035 5014 πόσοι·

429 5058 497 5126 τῇ
560 5056 772 5126 μεγάλῃ
817 5056 998 5126 ἐκείνῃ
1060 5054 1211 5125 δεξιᾷ
1273 5055 1666 5126 διετράφησανί
1715 5055 1870 5108 πόσοι
1910 5054 2019 5106 τῶν

433 5145 842 5200 κατακλείστων
865 5146 966 5198 οὐκ
991 5145 1334 5215 ἐπισκέψεως
1371 5146 1547 5214 μόνον,
1576 5145 1713 5198 ἀλλά
1756 5145 1851 5199 καὶ
1880 5161 2020 5197 παν.

432 5239 620 5302 τελοῦς
676 5238 920 5306 ἀφέσεως
955 5237 1297 5309 ήξιὼθησανί
1342 5239 1405 5291 Εἰ
1439 5238 1495 5290 δὲ
1536 5239 1596 5290 τὸ
1626 5238 2021 5307 ἐπισκέψασθαι

432 5330 524 5385 τὸν
543 5330 949 5390 κατάκλειστον,
974 5328 1224 5400 προξενεῖ
1247 5329 1522 5400 βασιλείαν
1545 5347 1556 5358 ·
1581 5330 1641 5382 τὸ
1662 5329 2021 5402 ἐλευθερῶσαι

434 5419 534 5490 τῆς
565 5420 836 5490 τιμωρίας
859 5419 1060 5490 δηλαδὴ
1087 5420 1330 5483 πλείονος
1366 5419 1531 5488 τιμῆς
1569 5419 1740 5485 ἄξιον,
1777 5421 1935 5491 εἴπερ
1966 5437 2018 5473 τι

440 5512 715 5582 βασιλείας
772 5513 918 5566 ἐστὶν
971 5512 1262 5585 ἀνώτερον.
1312 5512 1449 5564 Ἀλλ’
1495 5514 1554 5565 οὐ
1613 5513 1774 5582 μέχρι
1811 5513 2019 5566 τούτων

364 5623 370 5626 ·
439 5604 584 5659 ἑστιν
612 5604 824 5674 ἐκείνης
843 5606 871 5657 6
897 5604 1128 5669 ἔπαινος.
1151 5605 1614 5677 Παρέρχεταιγάρ
1632 5607 1722 5658 καὶ
1753 5604 1820 5658 τά
1850 5622 2017 5676 προσ.

514 5789 557 5819 ’⁵
595 5783 703 5841 lsa.
741 5802 912 5849 xxxv,
954 5784 1040 5841 l0.
1120 5785 1160 5817 "
1203 5783 1394 5839 Matth.
1432 5799 1564 5850 xxv,
1599 5783 1668 5840 54
1708 5801 1832 5856 sqq.

2102 561 2327 632 quando
2357 561 2628 620 volumus,
2667 558 2752 614 vel
2800 557 3048 628 quandiu
3086 555 3492 615 desideramus,
3529 551 3585 606 in
3621 568 3686 606 ea

2102 672 2226 710 esse
2259 672 2273 709 :
2307 654 2440 724 quin
2473 655 2638 706 etiam
2666 651 2950 706 nescimus
2993 647 3459 720 quemadmodum
3509 645 3686 699 intro-

2102 747 2391 808 ducamur,
2435 759 2613 814 neque
2667 741 2926 797 novimus
2975 737 3196 810 quando
3226 737 3465 807 migrare
3487 735 3688 805 jubent-

2103 855 2246 893 mur.
2285 837 2457 892 Porro
2489 836 2622 890 dolii
2650 835 2883 905 aenigma
2915 841 3081 903 atque
3119 830 3469 884 involucrum
3519 825 3690 880 inteb-

2105 934 2276 1004 liges,
2318 931 2362 986 si
2399 929 2465 984 ad
2499 928 2860 999 inexplebiles
2882 935 2936 982 et
2971 922 3315 980 insatiabiles
3353 919 3696 990 cupiditates

2104 1023 2434 1094 respexeris.
2472 1018 2653 1087 Vides,
2692 1028 2751 1073 ut
2781 1016 3033 1072 homines
3079 1014 3182 1069 sibi
3241 1021 3460 1082 semper
3503 1008 3692 1063 adun—

2101 1118 2236 1174 dant
2271 1125 2326 1172 et
2361 1121 2621 1187 aggerant
2653 1114 2925 1175 honores,
2965 1115 3286 1180 potentatus
3308 1144 3324 1170 ,
3360 1102 3606 1174 glorias,
3633 1110 3696 1154 et:

2101 1210 2285 1263 omnia
2323 1205 2642 1278 ejusmodi?
2684 1204 2754 1257 At
2799 1200 2945 1273 quod
2989 1199 3348 1266 immittitur,
3382 1193 3590 1257 eﬂlnit,
3632 1199 3696 1248 et.

2102 1319 2211 1356 non
2242 1309 2526 1372 permanet
2551 1299 2606 1353 in
2639 1313 2703 1353 eo
2726 1311 2836 1368 quo
2879 1295 3226 1360 continetur;
3277 1307 3404 1346 nam
3443 1287 3697 1346 studium.

2102 1395 2320 1465 quidem
2351 1393 2561 1464 gloriae,
2594 1395 2908 1462 potentatus
2941 1395 2997 1442 et
3030 1387 3258 1440 honoris
3288 1397 3511 1454 semper
3534 1397 3700 1437 exer-

2102 1498 2256 1542 cetur
2307 1494 2361 1542 et
2391 1485 2574 1556 viget,
2621 1481 2715 1539 sed
2759 1479 3078 1552 cupiditatis
3108 1478 3319 1532 dolium
3356 1474 3696 1544 inexplebile-

2102 1587 2308 1633 manet.
2351 1575 2494 1643 Quid
2535 1579 2662 1630 item
2694 1573 2941 1645 pecunia:
2987 1568 3273 1626 studium?
3307 1568 3390 1620 An
3423 1581 3530 1620 non
3561 1579 3701 1618 vero

2101 1670 2310 1725 dolium
2358 1668 2700 1741 perforatum
2747 1677 2852 1730 est,
2885 1674 3001 1718 toto
3042 1663 3213 1717 fumlo
3245 1657 3564 1731 pertinens?
3599 1653 3697 1708 cui.

2102 1764 2146 1818 si
2179 1765 2261 1818 vel
2297 1770 2471 1816 totum
2514 1775 2664 1815 mare
2695 1757 2946 1813 aliundas
2971 1796 2986 1820 ,
3023 1771 3088 1811 ea
3130 1763 3328 1810 natura
3360 1761 3476 1813 est,
3508 1757 3569 1805 ut
3595 1765 3700 1804 en-

2034 1843 2071 1896 Β
2105 1854 2238 1925 pleri
2273 1869 2380 1907 non
2420 1853 2621 1922 possit.

2173 1947 2316 2016 Quid
2347 1949 2513 2018 igitur
2542 1945 2834 2000 molestum
2869 1949 2924 1997 et
2966 1941 3228 1996 acerbum
3271 1943 3375 2001 est,
3413 1934 3458 1989 si
3501 1951 3530 1987 a
3569 1933 3702 1986 vitar-

2105 2042 2266 2095 malis
2315 2041 2476 2095 beata
2534 2038 2640 2094 ista
2696 2042 2983 2107 segregata
3040 2041 3166 2095 est,
3221 2038 3277 2085 et
3334 2028 3498 2104 \jeluti
3551 2025 3694 2079 lenia

2104 2131 2361 2202 quadam,
2419 2129 2672 2201 corporis
2717 2125 2977 2183 sordibus
3025 2121 3290 2191 abjectis,
3342 2133 3475 2188 pura
3508 2117 3697 2169 auium

2104 2223 2172 2277 ad
2210 2224 2573 2278 inunortalem
2617 2228 2671 2275 et
2718 2219 3094 2286 incorruptam
3144 2213 3312 2266 vitam
3364 2205 3596 2263 transit?
3635 2207 3700 2260 iu

2102 2334 2210 2388 qua
2264 2315 2415 2371 fraus
2465 2331 2573 2369 non
2623 2321 2913 2369 exercetur
2957 2329 2969 2365 :
3013 2307 3306 2363 calumniae
3353 2319 3461 2356 non
3516 2298 3700 2354 credi-

2105 2418 2242 2463 tur:
2279 2406 2522 2461 adulatio
2570 2406 2749 2459 locum
2796 2420 2906 2457 non
2956 2401 3155 2465 habet;
3209 2394 3554 2451 mendacium
3585 2397 3705 2446 ιιυιι

2106 2500 2484 2564 itnmiscctur;
2532 2498 2785 2567 voluptas
2829 2497 2958 2549 item
3005 2503 3060 2547 ct
3106 2489 3395 2560 aegritudo,
3431 2493 3609 2540 metus
3641 2491 3708 2540 et;

2108 2593 2305 2647 liducia
2327 2633 2341 2658 ,
2375 2602 2670 2662 paupertas
2705 2598 2760 2644 et
2803 2587 3045 2652 divitiae,
3087 2584 3328 2640 servitus
3357 2590 3412 2637 et
3445 2578 3709 2636 domina-

2105 2691 2222 2754 tio,
2274 2688 2564 2756 (minisque
2614 2684 2742 2739 talis
2792 2683 2917 2736 vita:
2975 2677 3323 2747 iuchnalitas
3377 2687 3540 2744 quam
3578 2672 3706 2726 lon-

2107 2776 2330 2846 gissime
2370 2775 2439 2827 ab
2472 2773 2564 2826 illa
2595 2774 2704 2824 vita
2737 2777 2946 2824 remota
3000 2777 3106 2822 est.
3161 2763 3388 2833 Aufugit
3431 2762 3600 2821 illiue,
3640 2765 3709 2813 ιιι

2108 2865 2285 2933 inquit
2335 2860 2684 2933 propheta“,
2734 2858 2894 2912 dolor
2938 2864 2993 2911 et
3035 2855 3306 2915 molestia,
3345 2859 3398 2906 et
3441 2850 3704 2921 gemitus.

2109 2955 2212 3010 l'ro
2243 2956 2329 3009 his
2370 2968 2499 3008 vero
2533 2951 2707 3022 quid?
2753 2947 3136 3019 lmpatibilitas
3181 2953 3234 2999 et
3277 2943 3546 2996 malormtt
3605 2939 3705 2992 inn

2109 3048 2637 3115 eommodorumque
2664 3044 2935 3107 vacuitas,
2962 3037 3267 3104 beatitudo,
3293 3036 3362 3090 ab
3384 3031 3532 3090 oumi
3554 3032 3708 3085 man

2110 3141 2404 3205 alienatio,
2476 3138 2796 3209 angelorum
2869 3131 3256 3198 consuetudo,
3335 3124 3696 3182 invisi'bilium

2113 3231 2537 3302 contemplatio,
2572 3231 2815 3286 societas
2846 3244 2969 3283 eum
2997 3225 3128 3290 Deo,
3163 3223 3350 3279 laetitia
3388 3221 3548 3274 linem
3585 3231 3695 3270 non

2113 3326 2346 3381 habens.
2376 3321 2634 3393 Nunquid
2661 3321 2826 3391 igitur
2859 3331 3093 3373 mmrere
3115 3311 3377 3369 convenit
3410 3308 3478 3363 de
3508 3305 3701 3376 regina

2109 3419 2336 3474 edoctos
2369 3432 2492 3486 qua:
2549 3413 2753 3484 quibus
2798 3405 3268 3466 commutaverit‘!
3320 3400 3562 3470 Reliqult
3613 3413 3700 3452 re-

2111 3527 2277 3582 gnum
2314 3515 2598 3571 terrestre,
2629 3522 2693 3560 ac
2722 3505 2946 3560 ctelcsle
2985 3508 3241 3556 assecuta
3283 3501 3368 3551 est
3397 3509 3410 3547 :
3444 3491 3701 3561 deposuit

2110 3617 2373 3659 coronam
2422 3597 2696 3669 lapidibus
2733 3607 3004 3655 ornatam,
3045 3598 3101 3644 at
3151 3587 3338 3659 gloria:
3383 3595 3588 3637 corona
3639 3593 3702 3634 se

2110 3691 2470 3749 circumdedit
2497 3708 2509 3744 :
2537 3688 2689 3744 exuit
2719 3693 2922 3741 vestem
2947 3695 3307 3754 purpuream,
3338 3685 3392 3730 at
3415 3673 3698 3729 Christum

2111 3784 2312 3844 induit.
2342 3779 2458 3835 lloc
2481 3787 2566 3834 est
2593 3793 2720 3834 vere
2749 3775 2959 3845 regium
2986 3787 3050 3826 ac
3078 3770 3382 3842 pretiosum
3411 3765 3705 3820 indumen-

2111 3885 2246 3930 tum.
2304 3869 2456 3926 lianc
2512 3878 2788 3926 terrenam
2851 3878 3155 3936 purpuram
3212 3860 3379 3915 audio
3429 3856 3702 3928 sanguine

2112 3967 2340 4023 conchae
2368 3963 2658 4034 cujusdam
2692 3960 2919 4014 marina:
2958 3957 3273 4011 rubescere.
3328 3953 3398 4005 At
3447 3963 3700 4020 supernae

2115 4072 2369 4130 purpura:
2392 4055 2596 4110 Christi
2622 4053 2851 4122 sanguis
2872 4047 3221 4118 splendorem
3243 4052 3298 4096 et
3313 4041 3500 4095 florem
3523 4038 3694 4093 addit.

2118 4148 2313 4203 Vidisti
2347 4156 2549 4216 quanta
2602 4146 2674 4200 sit
2713 4144 2766 4196 in
2809 4139 3131 4195 indumento
3175 4131 3484 4190 dillerentia
3530 4139 3698 4199 atque

2116 4238 2455 4309 praestantia.
2505 4233 2602 4295 Vis
2652 4235 2749 4288 tibi
2802 4232 2961 4287 fidem
3011 4229 3124 4282 fieri
3177 4224 3326 4296 quod
3368 4224 3480 4277 illis
3529 4221 3702 4280 rebus

2116 4331 2368 4386 fruatur?
2409 4329 2550 4399 Lege
2599 4325 2993 4395 Evangelinm:
3031 4320 3252 4384 Venite,
3293 4315 3552 4371 benedicti
3585 4313 3699 4366 Pa.

2115 4427 2212 4478 tris
2242 4424 2362 4483 mei,
2397 4422 2577 4490 inquit
2619 4419 2757 4489 (haec
2796 4418 2861 4470 ad
2895 4415 3154 4469 dextri-os
3182 4409 3409 4478 J‘udex),
3435 4405 3706 4478 possideto

2115 4528 2366 4587 paratum
2408 4513 2551 4568 vobis
2602 4529 2819 4582 regnum
2846 4509 2910 4561 ".
2958 4506 3114 4574 Quod
3165 4521 3196 4559 a
3245 4517 3365 4573 quo.
3400 4497 3708 4571 paratum?!

2116 4606 2272 4672 Quod
2307 4604 2464 4659 vobis
2496 4603 2624 4670 ipsi,
2659 4601 2858 4670 inquit,
2903 4613 3001 4669 per
3046 4609 3212 4666 Opera
3263 4589 3703 4664 praeparavistis.

2116 4693 2442 4770 Quomodo?
2481 4689 2848 4751 Esuricbam,’
2870 4685 3147 4747 sitiebant,
3180 4683 3487 4752 peregrinus
3527 4693 3695 4733 erum.

2119 4787 2314 4851 mulus,
2344 4786 2612 4855 inﬁrmus,
2664 4785 2717 4836 in
2759 4796 2990 4835 carcere.
3033 4777 3308 4844 Quatenus
3358 4772 3559 4842 fecistis
3606 4769 3706 4823 uni

2119 4883 2183 4936 de
2216 4880 2296 4934 his
2352 4878 2613 4939 minimis,
2669 4875 2798 4929 mihi
2839 4873 3063 4943 fecistis.
3105 4867 3165 4923 Si
3215 4867 3382 4936 igitur
3429 4859 3701 4932 ejusmodi

2121 4987 2309 5028 rerum
2345 4970 2593 5026 studium
2643 4965 2796 5036 regni
2835 4959 3165 5020 conciliandi
3202 4959 3310 5011 vim
3348 4953 3513 5009 habet
3546 4971 3558 5006 :
3593 4966 3699 5004 nu-

2119 5073 2348 5127 merate,
2387 5059 2434 5115 si
2464 5057 2628 5114 modo
2657 5053 2972 5111 enumerari
3002 5056 3255 5122 possunt,
3287 5053 3422 5115 quot
3447 5041 3706 5097 homines

2122 5151 2462 5207 indumentis
2491 5149 2558 5216 ab
2583 5148 2676 5202 illa
2710 5143 3076 5215 suppeditalis
3101 5136 3342 5209 cooperti
3375 5134 3529 5198 sint;
3565 5140 3703 5202 quot

2121 5259 2153 5297 a
2184 5258 2377 5311 magna
2414 5240 2507 5294 illa
2552 5239 2744 5294 dextra
2778 5236 3034 5290 alimenta
3079 5228 3428 5300 acceperint;
3472 5234 3609 5296 quot
3643 5223 3704 5283 in

2121 5349 2398 5390 carcerem
2428 5330 2674 5386 conclusi
2715 5342 2824 5383 non
2865 5324 3026 5381 modo
3061 5323 3130 5379 ab
3157 5337 3221 5378 ea
3246 5320 3474 5381 visitati,
3505 5329 3702 5371 verum

2129 5423 2291 5477 etiam
2345 5421 2566 5490 penitus
2612 5415 2990 5472 dimissionem
3040 5409 3278 5466 assecuti
3336 5405 3486 5462 sint!
3539 5401 3702 5469 Quod

2127 5514 2172 5568 si
2206 5513 2430 5568 visitare
2459 5511 2804 5574 conclusum,
2847 5519 3075 5576 regnum
3119 5500 3422 5558 conciliat:
3462 5495 3704 5550 liberare

2125 5621 2282 5678 pruna
2308 5603 2563 5660 nimirum
2592 5601 2783 5673 majori
2817 5597 3042 5672 praemio
3072 5595 3296 5670 dignmn
3327 5596 3436 5656 est,
3467 5586 3720 5643 simodo
