4132 6356
490 317 586 388 891
1724 317 1783 374 S.
1809 313 2134 372 GREGORII
2173 313 2460 369 NYSSENI
3644 313 3750 370 89'!

489 433 694 505 aliquid
720 447 887 502 regno
905 433 1256 504 praestantius
1277 439 1330 488 et
1352 433 1710 491 excellentius
1726 441 1830 490 est.
1858 432 2057 489 Verum
2087 439 2121 495 Α

2115 440 2136 494 L
2162 431 2466 503 τεταγμένα
2496 433 2608 496 τοῖς
2630 429 3074 503 κατορθώμασιν.
3123 429 3286 484 Πόσοι
3310 430 3375 483 δι’
3412 427 3628 498 ἐκείνην
3649 428 3747 497 τὴν

489 540 598 577 non
628 523 716 578 hic
743 524 999 578 consistit
1027 525 1174 579 illius
1209 524 1349 578 laus.
1373 520 1508 576 Nam
1539 525 1704 578 etiam
1740 526 1881 579 ultra
1906 541 2061 580 man-

2163 523 2263 593 τῆς
2290 523 2638 586 ἀναστάσεως
2660 523 2819 594 χάριν
2847 523 2929 593 ἐφ’
2968 521 3178 576 ἑαυτῶν
3203 520 3530 592 ἐγνώρισαν,
3558 521 3607 574 οἳ
3632 525 3745 585 τοῖς

485 615 615 668 data
650 625 796 669 recte
839 615 996 669 factis
1040 614 1421 685 progreditur,
1467 625 1602 685 quot
1647 627 1869 686 prepter
1912 617 2058 671 illam

2162 616 2346 687 νόμοις
2377 614 2758 679 ἀποθανόντες,
2787 616 2882 668 καὶ
2907 616 3006 686 τὴν
3033 616 3126 668 ἐπὶ
3145 614 3363 684 θανάτῳ
3387 613 3567 684 ψῆφον
3593 609 3747 678 δεξά-

485 707 911 761 resurrectionis
962 708 1193 776 gratiam
1247 707 1301 760 in
1364 721 1486 760 sese
1539 708 1924 777 agnoverunt?
1961 708 2057 779 qui

2163 725 2332 779 μενοι,
2366 707 2526 762 πάλιν
2563 707 2629 760 δι’
2663 707 2834 777 αὐτῆς
2885 709 2965 771 εἰς
2998 705 3096 777 τὴν
3135 705 3280 776 ζωὴν
3317 705 3733 775 ἀνεκλήθησανί

486 797 699 866 legibus
750 797 994 862 mortui,
1053 806 1106 849 et
1156 796 1353 866 capitis
1393 795 1680 859 damnati,
1726 813 1922 854 rursus
1962 814 2058 868 per

2172 801 2258 853 Ἐν
2273 801 2592 872 ὀφθαλμοῖς,
2611 799 2720 852 τῶν
2737 797 3042 871 εἰρημένων
3058 800 3091 868 ὴ
3113 798 3405 871 μαρτυρία.
3425 794 3578 862 Εἶδες
3595 798 3744 867 παρᾶ

483 899 604 937 eam
646 885 713 939 ad
768 885 936 938 vitam
987 885 1228 938 revocati
1285 885 1451 938 sunt?
1505 886 1561 938 ltt
1614 885 1792 941 oculis
1842 894 1926 941 est
1973 887 2056 938 di-

2157 893 2217 947 τὸ
2249 892 2635 964 θυσιαστήριον
2667 892 2972 959 ἀπογνόντα
2995 890 3093 962 τὴν
3124 892 3397 962 σωτηρίαν
3434 890 3737 960 μειράκιον.

479 983 692 1028 etorum
728 974 1125 1029 testimonium.
1159 972 1356 1030 Vidisti
1386 977 1540 1045 juxta
1566 977 1756 1039 altare,
1785 977 1877 1047 qui
1909 977 2056 1031 salu-

2158 980 2308 1050 Εἶδες
2345 985 2566 1053 γύναιον
2618 983 2713 1037 ἐπὶ
2759 984 3082 1051 κατακρίσει
3123 982 3351 1051 ἀδελφοῦ
3395 981 3737 1052 ὀδυρόμενον,

479 1076 589 1120 tem
615 1067 1026 1136 desperat-erat,
1061 1067 1556 1122 adolescentulum.
1591 1067 1792 1123 Vidisti
1829 1070 2055 1123 mulier-

2154 1075 2249 1128 τοῦ
2278 1076 2347 1129 τὰ
2393 1076 2574 1145 ἀγαθὰ
2621 1079 2689 1146 τῇ
2730 1075 3030 1146 Ἐκκλησία
3075 1073 3463 1146 κηρύσσοντος,
3499 1073 3648 1136 ὅπως
3671 1075 3738 1142 τῇ

479 1157 658 1212 eulam
703 1160 775 1212 oh
815 1158 1221 1213 damnationem
1275 1160 1461 1214 fratris
1501 1160 1907 1215 lamentantem.
1939 1161 2052 1214 An.

2157 1169 2259 1239 μνή
2270 1184 2344 1240 μῃ
2369 1168 2464 1239 τῆξ⁹
2491 1167 2761 1240 βασιλίδος
2792 1168 2825 1237 ἡ
2863 1165 3160 1237 σκυθρωπὴ
3186 1165 3280 1217 τοῦ
3307 1164 3538 1217 θανάτου
3560 1163 3738 1234 ψῆφος

478 1249 667 1303 divisti
695 1265 760 1303 ex
797 1263 883 1314 eo,
921 1250 1014 1319 qui
1060 1251 1200 1304 bona
1232 1251 1492 1306 Ecclesia:
1526 1251 1878 1320 praedicabat,
1908 1261 1964 1304 ιιι
1997 1252 2051 1305 in

2153 1263 2233 1322 εἰς
2280 1260 2425 1330 ζωὴν
2472 1259 2788 1314 ἀναλύεται.
2817 1254 2965 1329 *Λρα
2998 1258 3092 1311 καὶ
3125 1257 3286 1329 μόνον
3313 1255 3520 1322 ταύτας
3551 1255 3650 1324 τὴν
3679 1253 3736 1307 δὲ

475 1343 796 1397 memoriam
846 1343 1048 1414 reginae
1102 1343 1277 1398 tristis
1325 1344 1603 1399 sententia
1653 1344 1934 1398 mortifera
1994 1344 2048 1397 in

2150 1352 2654 1425 ταπεινοφροσύνην
2696 1351 2801 1405 ποῦ
2829 1351 3104 1422 θήσομεν,
3154 1351 3221 1421 ἢν
3275 1349 3673 1420 προτιμοτέραν
3703 1348 3735 1417 ή

429 1458 432 1462 -
472 1433 640 1486 vitam
663 1431 909 1487 resoluta
945 1433 1040 1489 sit.
1073 1433 1155 1488 An
1187 1433 1353 1489 etiam
1383 1433 1498 1489 haec
1526 1434 1684 1490 sola?
1710 1433 1892 1489 Animi
1919 1447 2048 1489 vero

2152 1445 2340 1517 Γραφὴ
2373 1447 2607 1498 ποιεῖται
2636 1445 2836 1508 παντὸς
2860 1444 2954 1496 τοῦ
2999 1444 3121 1498 κατ’
3147 1442 3348 1514 ἀρετὴν
3380 1439 3735 1510 κατορθώμα-

471 1522 865 1578 demissionem
911 1523 1002 1578 ubi
1065 1524 1500 1579 collocabimus?
1540 1523 1714 1591 Quam
1762 1523 2045 1594 Scriptura

2147 1554 2267 1603 70;;
2324 1536 2484 1598 ’Ἢτις
2528 1532 2919 1606 συνηνιοχοῠσα
2970 1531 3048 1604 τῷ
3107 1531 3330 1603 μεγάλῳ
3373 1531 3584 1602 βασιλεῖ
3638 1531 3738 1600 τὴν

475 1615 694 1686 Ρταείοτι
711 1618 860 1672 omni
891 1619 1157 1688 praeclaro
1181 1626 1347 1689 atque
1373 1635 1498 1674 cum
1530 1620 1730 1674 virtute
1750 1618 2046 1689 conjuneto

2185 1625 2414 1698 οσαύτην
2456 1627 2652 1697 ἀρχὴν,
2693 1627 2876 1697 πάσης
2929 1624 3248 1686 δυναστείας
3295 1619 3736 1690 ὑποκυπτούσης,
3805 1679 3817 1700 ι

474 1706 749 1762 facinori?
800 1706 932 1773 Quae
987 1723 1112 1762 cum
1165 1716 1376 1762 tantum
1421 1709 1712 1779 imperium
1760 1724 1869 1763 una
1917 1725 2042 1765 cum
2081 1779 2106 1784 _

2104 1779 2113 1784 _
2146 1717 2402 1771 τοιούτων
2433 1717 2603 1770 ἐθνῶν
2639 1715 3069 1779 ὑποτελούντων,
3103 1714 3210 1784 γῆς
3245 1731 3306 1766 τε
3344 1714 3439 1766 καὶ
3467 1710 3736 1781 θαλάττης

469 1814 669 1870 magno
694 1800 1027 1870 imperatore
1052 1801 1433 1857 moderaretur
1452 1843 1467 1868 ,
1498 1802 1648 1856 omni
1681 1810 1961 1874 potentatu
1988 1820 2047 1858 se
2080 1779 2101 1830 Ῑ

2103 1779 2118 1830 ἰ
2147 1810 2211 1861 ἐκ
2238 1808 2347 1861 τῶν
2376 1807 2591 1861 οἰκείων
2647 1806 2913 1877 ἑκατέρας
2971 1801 3400 1875 δορυφορούσης,
3435 1802 3534 1855 οὐκ
3569 1799 3735 1854 ἔδωκε

469 1892 868 1962 submittente,
911 1902 992 1948 tot
1039 1895 1298 1965 gentibus
1341 1895 1578 1952 subditis
1616 1908 1671 1952 et
1718 1897 2045 1965 tributariis,

2146 1897 2268 1952 καθ’
2302 1898 2500 1967 ἑαυτῆς
2535 1894 2614 1965 τῷ
2662 1894 2816 1965 τύφῳ
2853 1895 2940 1947 (ὶεί¹
2986 1892 3122 1961 πρὸς
3159 1891 3379 1960 ἑαυτὴν,
3423 1889 3522 1942 ούκ
3557 1889 3637 1950 εἰς
3667 1889 3734 1939 τὰ

467 2001 595 2038 cum
622 1993 766 2039 terra
795 1987 1000 2054 pariter
1024 2001 1088 2040 ac
1117 2001 1268 2041 mare
1309 1987 1427 2044 suis
1475 1997 1709 2059 utraque
1741 1989 1918 2058 copiis
1950 1988 2048 2042 sti-

2144 1985 2248 2051 ἐξω
2282 1987 2481 2057 ἑαυτῆς
2511 1985 2913 2039 ἀποϐλέπουσα·
2954 1983 3043 2038 διὰ
3069 1982 3230 2036 τοῦτο
3259 1980 3354 2034 τού
3385 1977 3734 2051 μακαρισψῦ

467 2085 661 2145 parent
689 2091 810 2130 eam
839 2084 1005 2146 atque
1036 2075 1285 2132 foverent
1319 2093 1332 2130 :
1365 2080 1641 2150 superbiae
1660 2079 1951 2135 adversum
1987 2095 2047 2134 se

2142 2079 2352 2146 γίνεται
2379 2077 2734 2148 κληρονόμος,
2764 2076 2851 2128 διὰ
2883 2076 2982 2146 τῆς
3007 2074 3348 2147 προσκαίρου
3374 2087 3733 2140 ταπεινοφρο-

466 2165 675 2219 aditum
709 2182 819 2220 non
837 2167 1008 2233 dedit,
1039 2183 1255 2238 semper
1283 2167 1351 2223 ad
1376 2173 1637 2239 seipsam,
1662 2187 1769 2224 non
1802 2170 1866 2224 ad
1901 2171 2042 2226 bona

1712 2187 1769 2224 )n
1802 2170 1866 2224 ad
1901 2171 2042 2226 bona
2143 2171 2308 2241 σύνης
2330 2171 2389 2223 τὸ
2427 2169 2680 2240 ἀληθινὸν
2709 2168 2840 2238 ὕψος
2866 2168 3344 2239 ἐμπορευσαμένη.

465 2276 564 2316 sua
601 2272 828 2317 externa
865 2263 1187 2334 respiciens,
1216 2273 1505 2336 propterea
1546 2266 1901 2322 beatitudinis
1945 2268 2119 2324 haeres
2165 2268 2403 2334 exsistit,
2452 2281 2551 2337 pro
2601 2265 2934 2334 temporaria
2979 2263 3146 2317 animi
3196 2261 3530 2317 demissione
3570 2267 3734 2330 atque

463 2355 779 2411 humilitate
818 2373 947 2412 vera
990 2358 1316 2415 celsitudine
1345 2361 1599 2431 qumsita.

538 2449 722 2505 Dicam
744 2450 908 2507 etiam
926 2452 1147 2522 aliquod
1177 2455 1449 2509 maritalis
1468 2455 1676 2512 amoris
1699 2455 1962 2512 iudicium
1988 2465 2042 2511 et

2214 2450 2367 2504 Εἴπω
2414 2469 2466 2504 τι
2523 2451 2617 2505 καὶ
2672 2450 2773 2520 τῆς
2821 2449 3137 2521 φιλανδρίας
3193 2451 3515 2520 τεκμήριονο
3585 2448 3731 2501 Ἔδει

461 2551 864 2612 argumentum.
908 2542 1208 2614 Oportebat
1251 2545 1497 2609 omnino,
1545 2547 1728 2601 soluto
1768 2547 2039 2616 corporali

2144 2545 2382 2608 πάντως,
2431 2543 2792 2613 διαλυομένης
2837 2542 2936 2612 τῆς
2964 2542 3284 2612 σωματικῆς
3313 2540 3596 2610 συζυγίας,
3641 2542 3732 2594 καὶ

459 2633 738 2704 conjugio,
776 2633 939 2688 etiam
983 2635 1221 2705 pretiosa
1274 2637 1416 2691 bona
1463 2639 1668 2708 quibus
1705 2638 2040 2704 abundabat,

2141 2634 2212 2688 τὰ
2250 2634 2411 2706 τίμια
2450 2634 2560 2687 τῶν
2600 2634 2915 2705 προσόντων
2963 2632 3137 2702 αὐτῆς
3177 2632 3395 2700 ἀγαθῶν
3437 2632 3614 2685 ἐλθεῖν
3653 2635 3729 2695 εἰς

458 2725 649 2780 venire
675 2725 730 2780 in
753 2725 1098 2782 divisionem.
1128 2728 1416 2794 Quomodo
1441 2730 1607 2798 igitur
1633 2729 1762 2785 fecit
1785 2730 2042 2785 distribu-

2141 2725 2424 2797 διαίρεσιν.
2465 2724 2587 2787 Πῶς
2615 2720 2709 2778 οὖν
2755 2724 3049 2794 ἐποιήσατο
3084 2722 3184 2794 τὴν
3219 2723 3516 2794 διανομήν;
3552 2723 3731 2792 Τριῶν

458 2815 708 2870 tionem?
736 2815 872 2872 Cum
901 2824 1016 2889 tres
1042 2828 1227 2874 essent
1258 2820 1414 2875 liberi
1441 2821 1578 2890 (luec
1603 2821 1748 2876 enim
1775 2821 2041 2876 bonorum

2144 2817 2315 2868 ὄντων
2361 2815 2570 2869 τέκνων
2629 2815 2822 2886 (ταῦτα
2869 2814 2978 2886 γὰρ
3031 2813 3400 2891 τῶνάγαθῶν
3447 2814 3517 2866 τὰ
3563 2817 3730 2883 κεφά-

456 2907 638 2976 capita
674 2910 824 2976 sunt)
869 2909 964 2980 qui
1003 2911 1179 2967 virilis
1215 2927 1384 2968 sexus
1415 2921 1620 2978 essent,
1661 2915 1805 2985 apud
1832 2924 2041 2984 patrem

2142 2907 2316 2977 λαια),
2355 2908 2484 2972 τοὺς
2517 2907 2752 2979 ἄρρενας
2782 2907 2858 2978 τῷ
2890 2908 3057 2980 πατρὶ
3087 2906 3539 2980 προσκατέλιπεν,
3587 2905 3729 2960 ὥστε

455 2999 701 3070 reliquit,
743 3004 835 3070 qui
883 3018 1050 3072 regno
1087 3004 1208 3073 ejus
1248 3005 1504 3076 praesidio
1532 3015 1720 3064 essent
1749 3027 1763 3062 :
1790 3009 1858 3064 ad
1882 3025 2038 3065 suam

2142 2996 2282 3053 εἶναι
2325 2999 2490 3053 αὑτοῦ
2534 3001 2634 3070 τῆς
2680 2997 2959 3068 βασιλείας
2991 2997 3314 3070 ἐρείσματαο
3354 2997 3452 3068 τῆς
3491 2997 3550 3052 δὲ
3594 2997 3729 3059 ἰδίας

456 3105 588 3156 vero
640 3100 851 3161 partem
905 3094 1078 3149 solam
1129 3095 1292 3150 filiam
1343 3097 1621 3166 pertinere
1677 3099 2035 3154 existimavit.

2144 3089 2360 3162 μερίδος
2414 3091 2584 3162 μόνην
2623 3089 2723 3162 τὴν
2770 3089 3044 3163 θυγατέρα
3088 3088 3513 3158 ἀππεποίηται.
3567 3089 3730 3160 Ὁρᾷς

457 3177 624 3237 Vides
658 3191 866 3252 quanto
893 3185 1135 3243 candore
1164 3196 1327 3257 atque
1353 3188 1611 3258 aequitate
1633 3189 1800 3244 animi
1828 3191 2037 3261 pariter
2063 3224 2089 3282 ί

2097 3227 2104 3279 ⁵
2140 3184 2258 3247 πῶς
2296 3183 2595 3254 εὐγνώμων
2641 3199 2700 3236 τε
2731 3183 2828 3236 καὶ
2869 3182 3242 3254 φιλόστοργος,
3278 3183 3338 3235 ἐν
3377 3183 3487 3246 τοῖς
3525 3181 3729 3250 τιμίοις

454 3287 522 3326 ac
548 3272 884 3346 indulgentia
915 3279 986 3333 sit
1020 3293 1141 3344 usa,
1173 3293 1296 3348 qua:
1327 3279 1380 3333 in
1429 3282 1595 3337 rebus
1624 3281 1882 3350 pretiosis
1918 3298 2034 3335 ma-
2069 3272 2086 3282 ’

2094 3272 2104 3279 ’
2135 3276 2196 3329 τὸ
2234 3275 2397 3330 πλέον
2434 3276 2512 3347 τῷ
2556 3275 2712 3348 ἀνδρὶ
2761 3277 3202 3347 συγχωρήσασα;
3257 3274 3395 3328 Ἀλλ’
3430 3274 3460 3328 δ
3491 3273 3726 3345 μάλιστα

451 3364 625 3436 iorem
677 3375 896 3437 partem.
947 3368 1065 3422 viro
1111 3371 1501 3425 concesserit?
1544 3369 1814 3426 Caeterum
1887 3372 2033 3443 quod

2136 3368 2268 3439 παρ’
2300 3367 2458 3438 ἡμῶν
2488 3366 2740 3437 λέγεσθαι
2767 3367 2893 3438 χρὴ,
2916 3365 3076 3419 τοῦτο
3111 3365 3367 3437 προσθεὶς
3389 3365 3727 3420 καταπαύσω

454 3456 692 3514 maxime
723 3475 752 3512 a
785 3459 950 3513 nobis
983 3459 1092 3513 dici
1125 3466 1369 3529 oportet,
1430 3461 1520 3515 ubi
1573 3461 1854 3532 adjecero,
1911 3479 2026 3519 ser-

2134 3459 2225 3514 τὸν
2251 3461 2407 3529 λόγον
2431 3477 2443 3489 ·
2468 3460 2540 3514 Τὸ
2577 3461 2684 3514 τῶν
2719 3459 2953 3513 εἰδώλων
2993 3461 3148 3529 μῖσος
3168 3459 3345 3513 κοινὸν
3367 3458 3585 3512 πάντων
3609 3459 3724 3511 ἐστὶ

453 3550 601 3603 moni
633 3550 796 3605 finem
843 3551 1145 3621 imponant.
1181 3549 1614 3606 Simulaerorum
1649 3551 1837 3606 odium
1888 3567 2034 3607 com-

2133 3553 2240 3607 τῶν
2286 3553 2620 3624 μετεχόντων
2664 3553 2762 3624 τῆς
2806 3552 3076 3616 πίστεως·
3115 3551 3231 3605 ἀλλ’
3271 3552 3490 3623 ἐκείνης
3517 3551 3724 3623 ἐξαίρεε

454 3653 618 3694 mune
669 3647 755 3695 est
802 3641 1047 3694 omnium
1108 3640 1200 3712 qui
1238 3641 1360 3696 fidei
1397 3641 1691 3711 participes
1727 3649 1898 3696 sunt:
1935 3642 2030 3696 sed

2133 3659 2244 3708 τον,
2293 3643 2354 3696 τὸ
2405 3643 2504 3712 τὴν
2564 3641 2847 3713 ’Λρειανὴν
2894 3641 3152 3696 ἀπιστίαν
3194 3643 3399 3712 ὁμοίως
3452 3645 3519 3713 τῇ
3571 3642 3722 3696 εἰδω·

449 3729 574 3798 ejus
599 3731 934 3801 praecipuum
957 3769 971 3795 ,
1000 3732 1149 3801 quod
1178 3731 1441 3785 Arianam
1471 3732 1846 3787 infidelitatem
1875 3733 2031 3786 simi-

2133 3735 2422 3807 λολατρείᾳ
2479 3733 2884 3806 βδελύττεσθαι.
2945 3733 3086 3797 Τοὺς
3120 3731 3227 3803 γὰρ
3269 3733 3327 3785 ἐν
3357 3735 3426 3804 τῇ
3456 3731 3630 3786 κτίσει
3661 3730 3724 3786 τὸ

451 3825 577 3880 liter
628 3833 794 3896 atque
840 3826 1263 3881 simulacrorum
1322 3827 1529 3881 cultum
1589 3825 2028 3882 abominabatur.

2132 3829 2285 3884 Θεῖον
2337 3824 2477 3882 εἶναι
2515 3828 2861 3899 νομίζοντας,
2903 3827 3057 3880 ούδέν
3084 3825 3344 3879 ἐλάττονα
3382 3825 3559 3878 σέϐειν
3586 3825 3720 3896 ᾤετο

448 3917 586 3972 Nam
625 3933 764 3982 eos,
806 3921 898 3990 qui
949 3919 1002 3972 in
1055 3927 1308 3974 creatura
1358 3935 1562 3976 numen
1609 3919 1857 3974 divinum
1907 3935 2032 3975 esse

2131 3922 2240 3975 τῶν
2291 3920 2777 3975 εἰδωλοποιούντων
2809 3919 2908 3983 τὰς
2956 3918 3109 3983 ὔλας,
3140 3916 3320 3981 καλῶς
3347 3918 3437 3972 καὶ
3482 3917 3719 3982 εὐσεϐῶς

447 4011 852 4076 existimarent,
883 4012 1057 4066 nihilo
1091 4013 1305 4067 minora
1343 4011 1527 4068 colere
1559 4021 1724 4084 atque
1776 4015 2028 4070 venerari

2130 4014 2289 4068 τοῦτο
2311 4014 2588 4086 κρίνουσα.
2605 4013 2663 4067 '0
2702 4014 2807 4085 γὰρ
2837 4013 2899 4065 τὸ
2927 4013 3130 4083 κτίσμα
3151 4010 3491 4082 προσκυνῶν,
3509 4010 3614 4063 κᾶν
3631 4011 3717 4064 ἐπ’

447 4105 697 4174 putabat,
727 4119 891 4174 quam
922 4105 1016 4174 qui
1046 4121 1111 4159 ex
1143 4106 1373 4161 materia
1404 4105 1704 4162 simulacra
1743 4105 1987 4162 efficiunt
2013 4127 2027 4163 ε

2130 4106 2352 4177 ὀνόματι
2383 4105 2478 4159 τοῦ
2505 4104 2744 4176 Χριστοῦ
2773 4103 2932 4158 τοῦτο
2952 4105 3131 4168 ποιεῖ,
3161 4100 3553 4173 εἰδωλολάτρης
3579 4102 3711 4168 ἐστὶ,

447 4212 513 4251 ae
542 4204 690 4253 recte
715 4205 769 4252 et
795 4198 883 4267 pie
933 4197 1008 4252 ita
1035 4197 1339 4268 judicabat.
1393 4197 1528 4252 Nam
1570 4199 1666 4269 qui
1718 4207 2028 4254 creaturam

2131 4200 2175 4252 X
2183 4197 2367 4270 ριστού
2379 4198 2468 4252 όνο
2474 4215 2548 4268 μα
2559 4197 2636 4269 τῷ
2657 4196 2857 4267 εἰδώλῳ
2885 4195 2912 4248 θ
2921 4195 2942 4248 ἐ
2952 4212 3129 4266 μενος.
3154 4194 3252 4248 Δια
3267 4193 3425 4248 τοῦτο
3449 4192 3618 4265 μαθοῦ
3627 4211 3713 4259 σα,

447 4288 662 4353 adorat,
697 4289 915 4344 etiamsi
952 4289 1006 4344 in
1032 4289 1254 4344 nomine
1277 4289 1481 4346 Christi
1508 4289 1560 4344 id
1606 4290 1756 4354 facit,
1803 4291 2029 4347 simula-

2129 4292 2210 4344 ὅτι
2228 4291 2326 4345 οὐκ
2339 4290 2453 4344 ἐστι
2469 4291 2602 4354 Θεὸς
2619 4277 2954 4362 πρόσφατος,
2977 4287 3105 4358 μίαν
3123 4287 3447 4356 προσεκύνει
3465 4286 3710 4355 θεότητα,

445 4395 669 4434 crorum
701 4381 882 4435 cultor
919 4389 1025 4445 est,
1059 4380 1262 4437 Christi
1295 4396 1495 4436 nomen
1524 4381 1825 4437 simulacro
1855 4381 2029 4452 impo-

2126 4384 2226 4453 τὴν
2255 4384 2312 4435 ἐν
2342 4383 2515 4454 Πατρὶ
2553 4382 2645 4435 καὶ
2667 4381 2781 4453 Υίῷ
2820 4381 2915 4434 καί⁸
2945 4377 3223 4451 Πνεύματι
3252 4378 3394 4448 ἁγίῳ
3430 4377 3715 4448 δοξαζομέι

445 4487 606 4526 nens.
641 4470 874 4534 Idcirco,
920 4487 1045 4527 cum
1088 4472 1378 4528 didicisset
1433 4471 1580 4542 quod
1613 4487 1724 4527 non
1755 4473 1828 4528 sit
1881 4471 2024 4528 Deus

2127 4489 2245 4545 νην,
2274 4472 2459 4544 Ταύτῃ
2500 4471 2772 4542 ἐνηυξήθη
2825 4472 2892 4540 τῇ
2949 4469 3152 4534 πίστει,
3188 4466 3364 4539 ταύτῃ
3411 4468 3708 4538 ἐνήκμασε,

443 4577 640 4617 recens
671 4571 724 4617 et
766 4579 964 4628 novus,
995 4579 1160 4619 unam
1203 4564 1460 4620 deitatem
1497 4564 1783 4629 adorabat,
1815 4581 1939 4635 quae
1970 4568 2024 4620 in
2059 4561 2075 4616 1

2077 4562 2102 4616 )
2131 4565 2301 4636 ταύτῃ
2324 4565 2384 4618 τδ
2413 4565 2630 4636 πνεῦμα
2657 4562 3072 4635 παρακατέθετο
3103 4581 3113 4590 ·
3149 4561 3256 4615 ὑπὸ
3285 4561 3489 4632 ταύτης
3540 4577 3709 4630 προσ-

443 4653 630 4718 Patre,
661 4664 716 4709 et
764 4655 926 4721 Filio,
955 4664 1010 4710 et
1062 4656 1271 4726 Spiritu
1306 4666 1500 4712 sancto
1547 4656 1911 4728 glorificatur.
1965 4656 2024 4712 ln

2124 4658 2264 4729 ήχθη
2302 4657 2382 4728 τῷ
2431 4657 2615 4727 κόλπῳ
2657 4655 2751 4710 τοῦ
2779 4654 2982 4726 πατρὸς
3026 4654 3124 4725 τῆς
3178 4653 3416 4716 πίστεως
3463 4651 3711 4721 Ἀϐραὰμ

443 4748 547 4802 hac
573 4747 680 4803 ﬁde
709 4749 906 4813 crevit,
944 4749 999 4802 in
1037 4749 1142 4804 hac
1173 4749 1363 4819 viguit,
1403 4750 1546 4820 apud
1591 4752 1735 4805 hanc
1766 4753 2024 4821 spiritum

2124 4747 2276 4819 παρὰ
2299 4747 2396 4817 τὴν
2412 4747 2504 4800 τοῦ
2531 4747 2855 4818 παραδείσου
2878 4746 3061 4817 πηγὴν
3091 4737 3194 4816 (ἦς
3223 4745 3256 4815 ἡ
3285 4742 3439 4814 ῥανὶς
3468 4742 3560 4796 ἐπὶ
3584 4743 3711 4805 τοὺς

441 4839 700 4910 deposuit
729 4858 744 4895 :
773 4839 839 4893 ab
868 4839 968 4893 hae
989 4839 1174 4895 oblata
1199 4851 1284 4896 est
1306 4840 1451 4896 sinui
1484 4840 1662 4896 Patris
1686 4841 1812 4897 ﬁdei
1846 4842 2024 4896 Abra-

2122 4838 2384 4900 ἀπίστους
2407 4837 2506 4890 οὐκ
2534 4835 2811 4907 ἔρχεται),
2845 4835 2949 4888 ὑπὸ
2988 4835 3087 4906 τὴν
3119 4836 3278 4888 σκιὰν
3302 4832 3393 4886 τοῦ
3427 4831 3585 4897 ξύλου
3610 4831 3707 4902 τῆς

443 4931 588 4985 hami
611 4931 770 5001 juxta
807 4931 1009 4985 fontem
1039 4931 1279 5000 paradisi
1307 4949 1320 4985 :
1364 4931 1526 5000 cujus
1550 4931 1747 4985 humor
1784 4938 1838 4985 et
1870 4939 2022 5002 gutta

2123 4930 2266 5000 ζωῆς
2291 4929 2386 4982 τοῦ
2421 4927 2825 4999 πεφυτευμένου
2855 4927 3004 4998 παρὰ
3025 4927 3122 4991 τὰς
3145 4926 3409 4991 διεξόδους
3441 4924 3548 4979 τῶν
3577 4924 3705 4979 ὑδά-

437 5023 510 5079 ad
562 5023 814 5080 infideles
862 5039 972 5079 non
1019 5032 1259 5080 manat:
1315 5025 1420 5081 sub
1467 5025 1662 5079 mnbra
1713 5025 1848 5096 ligni
1895 5027 2019 5081 vita:

2121 5040 2249 5087 των,
2283 5016 2358 5076 ὧν
2389 5024 2481 5077 καὶ
2541 5024 2702 5094 ἡμεῖς
2750 5021 3113 5092 ἀξιωθείημεν
3163 5021 3222 5074 ἐν
3267 5017 3486 5088 Χριστῷ
3534 5014 3702 5087 Ἰησοῦ

438 5112 584 5182 quod
611 5111 913 5182 plantatum
944 5122 1028 5167 est
1051 5112 1207 5181 juxta
1242 5112 1511 5168 decursus
1549 5127 1842 5182 aquarum,
1889 5114 2016 5183 qui-

2121 5115 2202 5186 τῷ
2267 5114 2455 5188 Κυρίῳ
2514 5115 2673 5186 ἡμῶν
2702 5128 2718 5144 ⁸
2795 5107 2841 5183 ᾧ
2897 5115 2930 5186 ἡ
2979 5113 3105 5180 δόξα
3165 5113 3245 5176 εἰς
3307 5111 3433 5174 τοὺς
3479 5109 3701 5172 αἰῶνας.

438 5204 544 5258 bus
567 5204 733 5258 rebus
761 5203 926 5259 etiam
956 5219 1055 5258 nos
1077 5203 1231 5275 digni
1257 5203 1578 5268 habeamur,
1612 5217 1708 5273 per
1733 5201 2014 5260 Christum
2135 5207 2328 5280 Ἀμήν.

435 5293 622 5354 Iesum
646 5297 935 5356 Dominum
957 5307 1207 5353 nostrum
1237 5315 1250 5352 :
1276 5297 1362 5352 cui
1390 5297 1560 5369 gloria
1587 5297 1639 5350 in
1666 5297 1888 5356 satcula.
1913 5297 2109 5356 Amen.
