4132 6356
408 308 515 366 893

1378 313 1467 370 DE
1504 316 1660 371 VITA
1706 319 1763 374 S.
1799 318 2132 375 GREGORII
2175 321 2712 379 TIIAUMATUHGI.

410 466 3478 496 mmw

1711 635 1941 722 ΤΟΥ
2027 636 2404 723 ΑΥΤΟΥ

600 823 842 938 ΕΙΣ
880 822 1197 939 ΤΟΝ
1240 824 1613 940 ΒΙΟΝ
1679 828 1981 944 ΤΟΥ
2052 828 2518 944 ΑΓΙΟΥ
2611 829 3485 947 ΓΡΗΓΟΡΙΟΥ

1584 1044 1627 1095 Τ
1651 1045 1756 1097 ΟΥ
1812 1044 1917 1098 ΘΛ
1938 1044 2524 1104 ΥΜΔΤΟΥΡΓΟΥ.

1797 1375 2344 1515 EJUSDEM

1047 1587 1225 1702 DE
1335 1589 1686 1706 Vl'l‘A

1821 1590 2252 1704 BEATI
2356 1592 3043 1708 GREGORII

1616 1812 2137 1870 MIRACULORUM
2159 1812 2475 1870 OPIFICIS.

1792 1971 1976 2021 Eodem
2021 1968 2125 2018 inte
2133 1974 2318 2033 rprete.

487 2281 547 2335 Ὀ
588 2283 685 2352 μὲν
710 2281 912 2345 σκοπὸς
941 2275 1021 2344 εἷς
1053 2282 1169 2334 ἐστι
1197 2278 1292 2333 τοῦ
1324 2296 1383 2333 τε
1414 2278 1684 2351 ἡμετέρου
1700 2278 1881 2347 λόγου,
1907 2281 1988 2333 καῖ

2175 2279 2240 2333 Ει
2276 2277 2455 2332 oratio
2491 2276 2710 2346 quidem
2744 2283 2968 2340 nostra,
3008 2281 3064 2332 et
3107 2290 3351 2347 pra’sens
3382 2284 3689 2331 conventus

405 2372 499 2425 τοῦ
513 2373 777 2444 παρόντος
793 2373 950 2443 ἡμῶν
973 2372 1257 2440 συλλόγου.
1276 2371 1573 2442 Γρηγόριος
1599 2370 1707 2441 γὰρ
1724 2372 1752 2423 ό
1779 2371 1992 2438 Μέγας,

405 2466 534 2534 ὑμῖν
562 2484 623 2519 τε
648 2466 747 2535 τῆς
781 2466 1021 2529 συνόδου,
1065 2465 1232 2537 κάμοὶ
1281 2465 1383 2534 τῆς
1422 2463 1708 2528 διαλέξεως
1742 2464 1997 2527 ὑπόθεσις

403 2558 713 2629 πρόκειται.
757 2558 897 2627 Ἐγὼ
937 2559 993 2611 δὲ
1045 2559 1146 2626 τῆς
1189 2558 1359 2627 αὐτῆς
1420 2552 1575 2625 οἶμαι
1603 2558 1801 2627 χρῆναι
1832 2556 1994 2609 δυνά-

405 2667 574 2721 μεως,
626 2650 777 2721 ἔργῳ
832 2667 893 2703 τε
950 2648 1297 2721 κατορθῶσαι
1338 2648 1438 2719 τὴν
1468 2648 1689 2719 ἀρετὴν,
1731 2649 1825 2702 καὶ
1852 2646 1994 2717 λόγῳ

404 2742 526 2796 κατ’
551 2742 711 2806 ἀξίαν
736 2741 803 2796 τὰ
844 2742 982 2795 καλὰ
1027 2740 1413 2811 διηγήσασθαι.
1443 2741 1604 2793 Ὥστε
1634 2738 1840 2809 ταύτην
1870 2742 1992 2792 ἐπι-

405 2832 633 2903 κλητέον
659 2831 724 2885 ἂν
752 2831 839 2901 εἴη
865 2831 966 2901 τὴν
1008 2829 1347 2900 συμμαχίαν,
1377 2829 1444 2880 δι’
1471 2823 1538 2898 ἧς
1576 2829 1634 2880 ἐν
1663 2826 1741 2897 τῷ
1772 2827 1871 2896 βίῳ
1894 2828 1994 2897 τὴν

402 2923 602 2995 ἀρετὴν
624 2926 828 2986 ἐκεῖνος
859 2921 1240 2992 κατώρθωσεν.
1280 2919 1436 2972 Ἔστι
1465 2918 1519 2971 δὲ
1558 2918 1721 2989 αὕτη,
1751 2917 1894 2970 κατά
1929 2933 1991 2984 γε

400 3016 492 3068 τὸν
554 3015 685 3086 ἐμὸν
728 3014 905 3082 λόγον,
936 3015 969 3082 ἡ
991 3012 1086 3065 τοῦ
1130 3010 1444 3081 Πνεύματος
1468 3010 1704 3081 χάρις,ή
1734 3009 1828 3062 καὶ
1857 3008 1992 3079 πρὸς

400 3107 492 3159 τὸν
521 3106 634 3176 βίον
659 3106 753 3159 καὶ
785 3105 919 3176 πρὸς
948 3106 1038 3157 τὸν
1069 3104 1225 3171 λόγον
1263 3104 1390 3166 τοὺς
1417 3103 1545 3173 περὶ
1577 3102 1834 3173 ἑκάτερον
1869 3100 1992 3153 τούς-

401 3214 509 3249 των
562 3196 967 3258 ἐσπουδακότας
994 3195 1060 3247 δι’
1091 3196 1292 3265 ἑαυτῆς
1322 3193 1665 3264 ὲνισχύουσα.
1713 3194 1866 3246 Ἐπεὶ
1898 3188 1991 3246 οὖν

402 3290 432 3341 ὁ
459 3288 708 3359 λαμπρὸς
736 3290 939 3349 ἐκεῖνος
970 3288 1063 3341 καὶ
1117 3285 1480 3358 περίϐλεπτος
1509 3286 1623 3356 βίος
1648 3288 1715 3357 τῇ
1762 3286 1990 3357 δυνάμει

402 3378 739 3449 κατωρθὼοη
768 3378 863 3433 τοῦ
892 3380 1236 3450 [ινειΰματος⁸
1265 3378 1430 3449 εὐχῆς
1454 3377 1614 3449 ἔργον
1640 3379 1778 3442 ἐστὶ,
1796 3379 1991 3431 τοσαύ-

398 3485 503 3538 την
528 3468 702 3521 ἐλθεῖν
738 3469 832 3521 ἐπὶ
859 3469 951 3522 τὸν
982 3469 1139 3537 λόγον
1182 3468 1460 3539 βοήθειαν,
1482 3469 1589 3539 ὅση
1616 3470 1808 3539 γέγονε
1838 3470 1989 3542 παρὰ

398 3561 493 3616 τὸν
523 3560 636 3632 βίον
674 3561 888 3629 ἐκείνῳ,
918 3561 993 3624 ὼς
1029 3560 1104 3632 μὴ
1130 3561 1360 3615 κατόπιν
1386 3562 1671 3633 εὑρεθῆναι
1695 3562 1796 3633 τῆς
1830 3564 1987 3630 ἀξίας

2102 2371 2169 2425 ad
2207 2387 2373 2425 unam
2421 2370 2781 2440 eamdemque
2822 2384 2936 2424 rem
2983 2378 3217 2439 specta..
3267 2367 3497 2440 Magnus
3538 2369 3689 2424 enim

2102 2462 2193 2517 ille
2223 2460 2521 2532 Gregorius
2547 2477 2673 2516 cum
2722 2461 2877 2516 vobis
2923 2461 3288 2516 conveniendi
3337 2474 3506 2516 causa
3556 2460 3686 2521 fuit,

2103 2561 2217 2609 tum
2241 2554 2373 2607 mibi
2405 2552 2813 2608 sermocinandi
2843 2555 3071 2608 materia
3102 2562 3269 2623 atque
3297 2563 3686 2621 argumentum

2100 2646 2445 2716 propositum
2480 2653 2586 2699 est.
2645 2643 2758 2715 Ego
2809 2660 2939 2700 vero
2987 2645 3179 2700 eadem
3230 2644 3489 2699 facultate
3546 2660 3687 2718 Opus

2098 2752 2223 2791 esse
2252 2744 2383 2806 puto
2408 2776 2423 2800 ,
2462 2736 2506 2790 si
2544 2743 2599 2789 et
2630 2738 2892 2789 virtutem
2942 2737 3172 2808 exsequi
3206 2737 3388 2802 factis,
3436 2750 3493 2795 et
3544 2757 3685 2810 prae-

2099 2828 2266 2885 claris
2299 2828 2643 2883 facinoribus
2672 2827 2820 2883 dicta
2866 2844 3158 2899 exaequare
3188 2831 3345 2887 velis.
3378 2830 3567 2902 Itaque
3604 2836 3689 2887 in-

2098 2921 2408 2975 vocandum
2447 2921 2612 2975 fuerit
2639 2922 2932 2983 auxilium,
2970 2937 3082 2992 quo
3118 2922 3209 2976 ille
3259 2923 3317 2977 in
3365 2924 3476 2977 vita
3509 2926 3689 2978 virtu-

2099 3017 2205 3064 tem
2233 3016 2534 3064 exsecutus
2570 3017 2677 3064 est.
2711 3007 2809 3064 Est
2851 3019 3035 3062 autem
3096 3009 3253 3075 illud,
3306 3025 3427 3064 mea
3462 3011 3686 3079 quidem

2098 3103 2378 3170 Opinione,
2411 3099 2590 3170 gratia
2623 3099 2871 3170 (sancti)
2913 3099 3199 3170 Spiritus:
3243 3116 3367 3169 quae
3408 3099 3476 3154 ad
3515 3102 3683 3158 vitam

2096 3198 2153 3247 et
2184 3190 2251 3245 ad
2283 3190 2591 3245 orationem
2632 3191 2829 3245 barum
2866 3206 3049 3246 rerum
3085 3192 3380 3263 utriusque
3412 3192 3684 3253 studiosis

2096 3300 2195 3354 per
2224 3301 2346 3340 sesc
2374 3284 2524 3340 vires
2556 3282 2965 3338 subministrat.
3013 3283 3287 3350 Quoniam
3328 3285 3500 3355 igitur
3547 3300 3685 3355 prae-

2095 3377 2245 3432 clara
2278 3377 2394 3439 illa,
2429 3376 2753 3447 Spectabilis
2788 3384 2845 3431 et
2882 3376 3115 3432 illustris
3143 3378 3255 3431 vita
3288 3378 3495 3432 virtute
3522 3385 3687 3447 atque

2096 3470 2345 3542 potentia
2394 3467 2638 3540 Spiritus
2670 3478 2869 3524 exacta
2910 3467 3269 3539 perfectaque
3302 3477 3388 3526 est
3423 3486 3439 3524 :
3471 3470 3682 3539 precari

2094 3571 2149 3618 et
2175 3572 2371 3633 optare
2391 3570 2630 3631 oportet,
2663 3571 2722 3616 ιιι
2751 3571 2955 3632 quanta
2978 3577 3083 3633 ope
3109 3563 3200 3617 ille
3232 3578 3327 3633 per
3355 3564 3521 3617 vitam
3551 3579 3684 3619 usus

400 3652 510 3705 τῶν
542 3651 983 3725 κατορθωμάτων
1009 3654 1101 3706 τὸν
1142 3652 1383 3717 ἔπαινον,
1428 3653 1565 3707 ἀλλὰ
1605 3654 1845 3708 τοιοῦτον
1876 3657 1988 3709 ἐπι-

2095 3664 2199 3719 est,
2232 3663 2449 3708 tantum
2477 3655 2671 3708 auxilii
2711 3655 2939 3709 accedat
2962 3653 3225 3720 orationi,
3259 3669 3371 3724 quo
3422 3655 3682 3724 amplitu-

400 3744 673 3815 δειχθῆναι
719 3747 831 3808 τοῖς
879 3743 1113 3817 παροῦσι
1157 3743 1246 3797 διὰ
1293 3745 1391 3814 τῆς
1426 3746 1648 3815 μνήμης
1683 3745 1773 3799 τὸν
1801 3746 1991 3817 ἄνδρα,

396 3833 514 3901 οἶος
542 3832 611 3908 ἦν
665 3838 778 3900 τοῖς
838 3837 957 3889 κατ’
993 3838 1199 3889 ἐκεῖνον
1232 3836 1322 3890 τὸν
1357 3838 1547 3908 χρόνον
1581 3837 1744 3900 αὐτὸς
1788 3838 1995 3901 ἐκεῖνος

401 3930 494 3982 ἐπὶ
521 3928 631 3981 τῶν
665 3929 841 4000 ἔργων
872 3927 1170 4000 ὁρώμενος.
1214 3929 1279 3983 Ei
1326 3930 1424 3999 μὲν
1457 3925 1550 3983 οὖν
1589 3929 1824 4000 ἀκερδὴς
1857 3925 1925 3999 ἦν
1956 3932 1989 4000 ἡ

405 4022 593 4092 μνήμη
637 4020 741 4073 τῶν
801 4021 919 4073 κατ’
969 4020 1170 4092 ἀρετὴν
1202 4020 1565 4091 προεχόντων,
1607 4021 1702 4075 καὶ
1750 4022 1993 4091 μηδεμία

400 4113 541 4184 πρὸς
595 4112 656 4165 τὸ
699 4111 865 4165 καλὸν
908 4111 1126 4181 ἐγένετο
1168 4112 1500 4183 συνεισφορὰ
1531 4115 1641 4176 τοῖς
1674 4112 1988 4177 ἀκούουσιν,

401 4205 655 4276 περιττὸν
676 4205 805 4268 ἴσως
824 4203 890 4258 ἂν
917 4200 986 4275 ἦν
1006 4205 1100 4258 καὶ
1116 4204 1373 4273 ἀνόνητον
1407 4204 1499 4256 ἐπὶ
1522 4203 1712 4274 μηδενὶ
1736 4204 1991 4275 χρησίμῳ

402 4298 697 4370 προσάγειν
728 4299 808 4361 είς
824 4297 1101 4368 εὐφημίαν
1132 4297 1224 4349 τὸν
1252 4296 1430 4364 λόγον,
1452 4296 1615 4349 αὐτόν
1637 4313 1697 4349 τε
1723 4296 1992 4360 διεξιόντα

403 4389 607 4460 μάτην,
650 4388 746 4442 καὶ
796 4388 895 4460 τὴν
948 4390 1118 4460 ἀκοὴν
1163 4388 1349 4459 ἀργῶς
1398 4387 1801 4443 ἀποκναίοντα’
1838 4391 1986 4441 ἐπει·-

401 4484 466 4554 δὴ
498 4482 555 4538 δὲ
598 4485 633 4554 η
679 4481 905 4553 τοιαύτη
946 4480 1043 4535 τοῦ
1086 4482 1247 4551 λόγου
1291 4482 1474 4553 χάρις,
1510 4484 1560 4534 εί
1605 4481 1989 4552 προσηκόντως

400 4576 631 4646 γένοιτο,
667 4576 843 4630 κοινὸν
870 4575 1018 4629 ἔσται
1040 4575 1149 4629 τῶν
1175 4575 1479 4630 ἀκουόντων
1506 4574 1565 4627 τὸ
1595 4574 1987 4645 κέρδος,καθά-

404 4688 510 4742 περ
542 4672 570 4724 ὁ
609 4669 819 4741 πυρσὸς
862 4672 973 4732 τοῖς
1017 4670 1081 4722 ὲκ
1135 4669 1412 4740 θαλάσσης
1453 4667 1852 4739 προσπλέουσιν
1901 4668 1989 4737 ἐφ’

401 4759 592 4814 ἑαυτὸν
652 4759 887 4814 εὐθύνων
916 4762 1041 4824 τοὺς
1065 4762 1123 4813 ὲν
1147 4760 1223 4831 τῷ
1246 4760 1395 4831 ζόφῳ
1430 4760 1816 4830 πλανωμένους
1847 4760 1989 4815 κατὰ

399 4851 461 4904 τὸ
486 4851 755 4919 πέλαγοςο
791 4850 912 4922 ἴσης
943 4847 1095 4921 οἶμαι
1126 4851 1235 4904 δεῖν
1276 4852 1410 4921 πρὸς
1437 4850 1593 4903 τοῦτο
1627 4852 1722 4922 τῆς
1754 4852 1986 4921 σπουδῆς

400 4944 703 5013 ἑκατέροις,
742 4943 872 5011 ὑμῖν
896 4960 955 4995 τε
986 4941 1120 5012 πρὸς
1149 4943 1248 5011 τὴν
1279 4945 1564 5012 ἀκρόασιν,
1597 4944 1689 4996 καὶ
1730 4944 1864 5014 πρὸς
1894 4944 1985 4997 τόν

398 5036 557 5105 λόγον
617 5036 758 5107 ἐμοί.
797 5037 965 5107 Δῆλον
1020 5036 1149 5107 γάρ,
1197 5038 1277 5090 ὅτι
1327 5036 1535 5108 πυρσοῦ
1568 5037 1724 5108 δίκην
1757 5037 1846 5090 διὰ
1885 5038 1983 5106 τῆς

401 5132 623 5200 μνήμης
671 5130 958 5200 ἐκλάμψας
994 5132 1114 5189 ταῖς
1144 5129 1342 5198 ψυχαῖς
1371 5130 1403 5199 ἡ
1415 5129 1529 5199 μῶν
1559 5131 1587 5181 ό
1616 5130 1735 5182 κατ’
1780 5127 1982 5199 ἀρετὴν

398 5222 565 5276 αὐτοῦ
603 5222 738 5293 βίος,
768 5223 887 5287 ὁδὸς
924 5222 1060 5293 πρὸς
1105 5223 1166 5275 τὸ
1191 5221 1394 5290 ἀγαθὸν
1430 5222 1508 5292 τῷ
1534 5240 1592 5275 τε
1614 5222 1863 5288 διεξιόντι
1888 5221 1981 5275 καὶ

394 5320 508 5380 τοίς
560 5316 818 5370 ἀκούουσι
868 5317 1098 5385 γίνεται.
1145 5316 1479 5387 Πεφύκαμεν
1507 5318 1615 5388 γάρ
1659 5333 1775 5380 πως
1808 5316 1857 5368 οἱ
1888 5314 1983 5369 ἄν·

396 5409 608 5477 θρωποι
637 5408 773 5480 πρὸς
798 5408 943 5462 ἅπαν
971 5408 1033 5461 τὸ
1050 5408 1332 5462 ἐπαινετόν
1364 5425 1423 5461 τε
1452 5407 1547 5461 καὶ
1568 5408 1749 5478 τίμιον
1764 5406 1981 5469 οἰκείως

398 5499 603 5552 ἐθέλειν
631 5499 796 5569 ἔχειν,
826 5500 922 5554 καὶ
950 5502 1007 5555 ὲν
1037 5500 1299 5571 ἐπιθυμίᾳ
1334 5504 1431 5571 τῆς
1448 5500 1692 5570 κτήσεως
1713 5498 1979 5568 γίνεσθαι.

409 5590 474 5643 Ἦ
512 5590 612 5661 μὲν
637 5586 731 5645 οὖν
782 5591 1036 5654 ὑπόθεσις
1068 5590 1178 5644 τῶν
1216 5592 1388 5659 λόγων
1423 5588 1657 5658 τοσαύτη
1685 5607 1699 5620 θ
1749 5590 1875 5658 ἐμοὶ
1925 5589 1983 5641 δὲ

400 5682 736 5752 πανταχόθεν
764 5684 1045 5736 ἀκίνδυνόν
1078 5685 1192 5737 ἐστι
1219 5682 1629 5752 κατατολμῶντι
1658 5682 1755 5751 τῆς
1794 5681 1983 5734 ὑποοέ-

2096 3748 2225 3801 dine
2257 3756 2402 3802 recte
2435 3746 2729 3811 factormn,
2758 3761 2872 3800 non
2900 3746 3133 3801 inferior
3178 3746 3302 3801 laus
3334 3761 3458 3801 esse
3502 3745 3687 3801 videa-

2096 3847 2186 3893 tur
2212 3857 2225 3891 :
2264 3837 2361 3892 sed
2391 3838 2519 3892 talis
2543 3838 2907 3907 praesentibus
2939 3838 3464 3892 commemoratione
3498 3853 3683 3891 rerum

2095 3931 2165 3985 ab
2192 3945 2258 3984 eo
2282 3937 2562 3999 gestarum
2604 3930 2688 3983 vir
2731 3944 2856 3984 esse
2890 3929 3325 3991 demonstretur,
3360 3928 3543 3999 qualis
3590 3930 3685 3983 ille

2096 4023 2215 4092 ipse
2249 4022 2414 4078 factis
2444 4023 2564 4077 suis
2595 4022 2665 4076 ab
2696 4022 2848 4078 illius
2872 4023 3053 4077 aetatis
3092 4022 3409 4077 hominibus
3456 4024 3682 4093 conspi-

2093 4114 2364 4169 ciebatur.
2399 4113 2690 4167 Enimvero
2725 4112 2772 4167 si
2815 4114 3023 4167 mentio
3072 4129 3286 4173 eorum,
3338 4113 3431 4183 qui
3478 4115 3684 4170 virtute

2092 4205 2517 4269 excelluerunt,
2575 4220 2701 4259 cum
2751 4204 2903 4259 nullo
2946 4205 3105 4259 lucro
3162 4204 3457 4275 conjuncta
3514 4214 3680 4269 esset,

2092 4298 2415 4367 nullumque
2444 4296 2800 4352 audientibus
2831 4295 2959 4351 inde
3006 4296 3077 4351 ad
3128 4296 3335 4350 bonum
3390 4297 3684 4353 ali'erretur

2092 4388 2493 4458 adjumentum.
2543 4403 2951 4459 supervacuum
3016 4387 3294 4453 forsitan,
3356 4402 3422 4443 ac
3467 4390 3679 4444 nullum

2090 4496 2271 4551 operte
2310 4480 2548 4550 pretium
2590 4488 2764 4543 esset,
2801 4480 2955 4535 nulla
3004 4479 3291 4551 proposita
3324 4480 3589 4547 utilitate,
3628 4493 3683 4538 et

2089 4571 2340 4628 eamdem
2372 4589 2486 4627 rem
2517 4571 2723 4627 frustra
2748 4571 3254 4635 commemorando,
3282 4579 3339 4627 et
3385 4587 3553 4628 aures
3585 4590 3683 4629 ne-

2089 4666 2394 4737 quidquam
2432 4665 2789 4721 obtundendo
2844 4666 3107 4721 laudandi
3158 4680 3327 4721 causa
3368 4667 3677 4721 orationem

2093 4758 2146 4813 in
2178 4758 2418 4814 medium
2453 4758 2686 4823 eilerre;
2723 4757 2817 4812 sed
2861 4757 3121 4828 quoniam
3152 4755 3425 4826 ejusmodi
3474 4772 3677 4811 munus

2089 4850 2378 4915 orationis,
2406 4850 2451 4905 si
2486 4857 2635 4904 recte
2659 4857 2713 4903 et
2733 4849 3019 4903 commode
3053 4847 3405 4909 adhibeatur,
3434 4862 3676 4901 commu-

2090 4956 2159 4995 ne
2185 4940 2525 4995 andientium
2578 4939 3011 4994 emolumentum
3046 4938 3173 5001 erit,
3207 4944 3471 5007 tanquam
3504 4936 3591 4991 fax
3643 4952 3675 4990 e

2092 5033 2227 5086 mari
2272 5032 2737 5102 adnavigantibus
2764 5031 2830 5086 ad
2861 5047 2983 5086 sese
3016 5030 3259 5103 dirigens
3304 5044 3423 5092 eos,
3467 5029 3561 5099 qui
3619 5030 3675 5082 in

2090 5124 2327 5195 caligine
2354 5139 2452 5193 per
2478 5124 2704 5193 pelagus
2729 5122 3020 5176 oberrant:
3058 5120 3173 5190 pari
3206 5118 3392 5176 studio
3423 5118 3677 5186 utrisque

2088 5226 2144 5270 et
2188 5216 2345 5270 vobis
2392 5213 2857 5277 auscultantibus,
2892 5218 2945 5266 et
2978 5211 3112 5264 mihi
3163 5209 3371 5265 dicenti
3408 5206 3475 5262 ad
3531 5208 3673 5263 bane

2089 5324 2204 5363 rem
2224 5322 2366 5377 opus
2406 5321 2531 5361 esse
2569 5312 2721 5374 puto.
2774 5302 3131 5373 Perspicuum
3181 5308 3266 5355 est
3302 5298 3472 5360 enim,
3523 5299 3671 5369 quod

2088 5403 2198 5455 vita
2232 5399 2355 5467 ejus
2390 5414 2485 5469 per
2512 5398 2766 5451 virtutem
2797 5403 3077 5449 transacta
3107 5392 3275 5448 veluti
3305 5390 3392 5446 fax
3422 5400 3670 5461 quaedam

2090 5492 2289 5547 animis
2339 5491 2545 5544 nostris
2600 5503 2696 5557 per
2743 5484 3329 5541 commemorationem
3379 5482 3668 5553 all'ulgens,

2089 5586 2231 5643 viam
2267 5584 2334 5638 ad
2367 5584 2572 5638 bonum
2596 5593 2703 5635 tam
2736 5578 3215 5640 commemoranti,
3251 5592 3411 5647 quam
3442 5575 3670 5629 audien-

2090 5679 2239 5733 tibus
2292 5676 2573 5748 patefacit.
2615 5674 2821 5728 Natura
2865 5673 3011 5727 enim
3054 5672 3106 5725 id
3157 5671 3316 5725 nobis
3354 5667 3668 5722 hominibus

404 5790 543 5838 σεως
568 5818 580 5843 ,
611 5775 717 5830 εἴτε
753 5772 1153 5847 συνεπαρθῆναι
1175 5776 1250 5847 τῷ
1273 5776 1491 5846 μῖγὲθει
1520 5774 1624 5828 τῶν
1658 5773 1988 5845 πραγμάτιον

2102 5769 2508 5842 quodammodo
2562 5768 2788 5825 insitum
2823 5773 2942 5830 cst,
2977 5773 3034 5819 ut
3086 5762 3350 5834 quidquid
3388 5760 3666 5815 laudabile
