4132 6356
386 330 492 389 857

1382 329 1468 385 DE
1499 331 1659 387 VITA
1696 331 1754 388 S.
1794 330 2123 391 CREGORH
2172 332 2701 392 THAL'MATURGI.

3548 337 3659 394 898

392 450 538 506 σθαι.
587 446 866 518 Κοσμικδς
919 445 1019 517 μὲν
1046 444 1155 518 γάρ
1186 463 1271 510 τις
1312 448 1453 520 ἀνὴρ
1482 448 1621 517 πρὸς
1656 449 1754 519 τὴν
1785 448 1975 519 ύλικὴν

2082 450 2294 505 ratione
2326 450 2720 521 comprehendi
2767 451 3018 522 possint:
3060 450 3190 521 quid
3232 450 3302 507 de
3340 451 3408 507 iis
3465 453 3658 508 existi-

392 540 737 612 εὐδαιμονίαν
772 537 1117 600 ἀποϐλέπων,
1146 537 1328 615 ἐκτῶν
1349 538 1605 592 τοιούτων
1635 541 1747 602 τοῖς
1774 537 1976 609 ἀνθρώ-

393 652 516 699 ποις
548 631 847 705 ὲρανιζέτω
900 630 993 684 τὸν
1033 629 1275 694 ἔπαινον,
1323 632 1373 684 εἰ
1406 630 1605 703 πατρίς
1626 647 1730 683 τινι
1756 631 1975 698 γέγονεν

392 726 620 798 εὔφορος
655 722 1034 793 βοσκημάτων,
1056 724 1102 777 εἰ
1127 722 1413 790 γειτνιῶσα
1438 722 1682 781 Θάλασσα
1695 722 1975 787 πλεονάζει

391 819 456 872 δι’
488 819 684 888 ἑαυτῆς
708 819 820 879 τοῖς
850 814 1214 887 ).αιμαργοῦσι
1242 815 1338 877 τὰς
1370 813 1521 875 ὔλας,
1548 815 1596 866 εἰ
1620 813 1783 868 λίθων
1810 813 1977 867 ἐπάλ-

390 900 541 983 ληλοι
559 911 734 973 θέσεις
754 908 852 971 τὰς
863 907 1207 970 κατασκευὰς
1227 906 1675 970 καλλωπίζουσιν.
1694 906 1750 958 Ὀ
1764 904 1819 957 δὲ
1841 904 1977 975 προς

391 1002 482 1056 τὸν
498 1002 610 1057 ἄνω
644 1001 759 1071 βίον
793 999 1028 1071 βλέπων,
1072 991 1116 1066 ᾧ
1160 997 1354 1060 κάλλος
1387 997 1484 1067 μέν
1518 999 1665 1050 ἐστιν
1695 999 1728 1067 ἡ
1752 996 1849 1067 τῆς
1874 995 1976 1065 ψυ-

392 1093 495 1163 χῆς
523 1090 833 1162 καθαρότης
856 1106 871 1119 ·
905 1088 1130 1152 πλοῦτος
1159 1088 1236 1150 δὲ,
1274 1089 1307 1153 ἡ
1354 1087 1709 1157 ἀκτημοσύνη
1733 1104 1745 1116 ·
1778 1088 1976 1157 πατρὶς

392 1186 468 1251 δὲ,
499 1188 532 1257 ἡ
567 1186 734 1257 ἀρετή
762 1202 771 1212 ·
797 1183 949 1245 πόλις
987 1181 1066 1245 δὲ,
1096 1180 1234 1234 αὐτὰ
1283 1180 1376 1233 τοῦ
1405 1179 1539 1233 Θεοῦ
1585 1179 1653 1233 τὰ
1687 1180 1934 1249 βασίλεια
1960 1196 1974 1210 ·

393 1276 592 1340 ὄνειδος
638 1275 736 1347 τὴν
782 1275 839 1328 ἐν
889 1276 1000 1337 τοῖς
1056 1273 1264 1343 γηῖνοις
1318 1270 1625 1341 φιλοτιμίαν
1672 1273 1973 1342 ποιήσεται.

394 1367 606 1424 Οὐκοῦν
656 1367 990 1428 ἀποστάντες
1026 1365 1120 1418 καὶ
1162 1365 1321 1433 ἡμεῖς
1363 1362 1472 1415 τῶν
1512 1362 1769 1417 τοιούτων
1817 1363 1975 1416 ἐπαί-

394 1479 521 1526 νων,
576 1460 698 1514 οῠτε
742 1461 843 1531 τὴν
888 1458 1127 1529 πατρίδα
1178 1458 1290 1518 τοῖς
1315 1455 1556 1518 ἐπαίνοις
1595 1452 1689 1509 τοῦ
1722 1455 1974 1524 Μεγάλου

394 1552 695 1627 Γρηγορίου
719 1550 1123 1623 προσθήσομεν,
1169 1548 1294 1601 οὔτε
1333 1547 1631 1617 προγόνους
1657 1548 1736 1612 εἰς
1765 1564 1976 1616 συμμα-

394 1644 517 1718 χίαν
537 1646 649 1700 τῶν
678 1642 967 1713 ἐγκωμίων
990 1639 1445 1713 παραληψόμεθα,
1468 1638 1665 1702 εἰδότες
1698 1639 1777 1692 ὅτι
1802 1639 1977 1702 οὐδεὶς

395 1738 599 1810 ἀληθής
642 1738 789 1791 ἐστιν
846 1737 1084 1799 ἔπαινος,
1131 1734 1189 1798 ὃς
1220 1734 1286 1786 ἂν
1326 1733 1399 1803 μὴ
1428 1730 1536 1785 τῶν
1570 1732 1976 1800 ἐπαινουμένων

2078 542 2337 596 mandunt
2371 553 2474 606 est,
2497 558 2619 612 quae
2643 557 2808 613 supra
2848 542 2962 599 haec
2995 551 3299 620 sunt,qu
3320 559 3495 614 neque
3524 559 3660 599 ocu-

2078 633 2130 687 lo
2160 633 2553 703 comprehendi
2612 641 2864 704 possunt,
2918 650 3095 705 neque
3138 636 3366 690 auribus
3423 638 3659 707 percipi,

2077 740 2256 794 neque
2302 724 2501 780 mentis
2550 733 2607 780 et
2650 724 3022 796 intelligentia:
3069 726 3425 795 cimjeeturis.
3468 728 3657 799 qualia

2078 816 2211 881 sint,
2248 815 2489 883 iudicari
2525 826 2578 871 et
2606 816 2913 872 existimari
2950 820 3174 887 potest?
3212 819 3314 873 Per
3358 820 3502 875 hanc
3543 822 3658 891 spi—

2077 906 2331 962 ritualem
2355 906 2592 972 laudem,
2624 908 2693 962 ab
2720 909 2788 964 iis
2816 908 2910 977 qui
2943 909 3418 977 commendantur,
3472 912 3660 968 divina

2080 997 2455 1052 laudationum
2494 999 2578 1052 lex
2619 999 2866 1056 infernas
2898 1001 2998 1056 bas
3044 1017 3216 1071 nugas
3261 1013 3421 1073 atque
3457 1005 3660 1060 delira—

2080 1096 2261 1143 menta
2291 1091 2532 1144 secernit
2559 1100 2615 1144 et
2641 1091 2907 1157 excludit,
2948 1102 3108 1163 turpe
3143 1102 3306 1163 atque
3336 1096 3658 1153 indecorum

2076 1196 2204 1236 esse
2256 1180 2519 1251 judicans
2584 1198 2709 1247 eos,
2781 1184 2873 1253 qui
2927 1196 3146 1255 propter
3195 1188 3467 1256 ejusmodi
3516 1188 3660 1243 bona

2080 1272 2193 1325 noti
2234 1280 2384 1337 sunt,
2421 1289 2516 1342 per
2546 1290 2640 1329 eas
2675 1290 2762 1330 res
2821 1292 2941 1345 qua:
2998 1277 3050 1330 in
3089 1286 3236 1331 terra
3298 1278 3571 1333 habentur
3603 1278 3658 1333 in

2079 1364 2272 1433 pretio,
2302 1365 2565 1420 celebrari
2592 1374 2756 1434 atque
2790 1367 3094 1422 bonestari.
3146 1368 3278 1422 Nam
3336 1371 3384 1423 si
3437 1370 3657 1441 quidem

2078 1456 2281 1526 aliquis
2307 1464 2390 1510 est
2412 1457 2575 1511 homo
2600 1456 2931 1519 mundanus,
2956 1460 3048 1525 qui
3079 1461 3413 1515 materialem
3448 1468 3661 1531 spectat

2078 1545 2420 1612 felicitatem,
2464 1549 2510 1601 is
2543 1563 2608 1603 ex
2643 1547 2953 1616 hujusmodi
2985 1550 3149 1602 rebus
3180 1550 3395 1604 laudem
3422 1550 3662 1605 homini-

2080 1641 2181 1694 bus
2213 1649 2482 1710 corruget,
2524 1641 2568 1695 si
2600 1640 2688 1693 cui
2729 1641 2903 1710 patria
2937 1657 3195 1711 pecorum
3231 1641 3380 1699 ferax
3412 1643 3661 1713 contige-

2084 1730 2175 1792 rit,
2211 1730 2257 1785 si
2297 1746 2447 1784 mare
2481 1730 2717 1785 vicinum
2756 1732 2893 1797 gula:
2930 1731 3127 1786 deditis
3163 1748 3258 1801 per
3290 1747 3411 1787 sese
3444 1732 3663 1787 abunde

398 1831 526 1894 ἱδιος
637 1832 796 1884 Ἰδιον
816 1830 873 1884 δέ
900 1846 1110 1901 φαμεν,
1136 1827 1165 1880 ὃ
1191 1825 1433 1897 διαμένει
1464 1825 1679 1888 πάντως
1715 1826 1793 1888 εἰς
1819 1826 1877 1877 τὸ
1898 1824 1974 1877 δι-

2082 1838 2168 1876 res
2196 1829 2352 1890 aptas
2386 1822 2452 1875 ad
2484 1822 2814 1879 vescendum
2860 1824 3188 1893 suppeditat,
3230 1823 3275 1879 si
3318 1822 3528 1893 lapides
3566 1823 3660 1877 alii

392 1924 586 1995 ηνεκὲς
607 1923 987 1992 ἀναφαίρετον.

2082 1913 2208 1970 aliis
2248 1913 2655 1984 superimpositi
2700 1914 2931 1971 aedilicia
2974 1925 3261 1971 exornent.
3307 1915 3379 1968 At
3426 1914 3521 1985 qui
3565 1930 3665 1970 su-

396 2032 580 2088 peram
628 2014 860 2084 suspicit
905 2014 1087 2077 vitam,
1140 2010 1226 2066 cui
1269 2005 1619 2080 pulchritudo
1663 2015 1827 2078 atque
1873 2014 2253 2063 ornamentum
2290 2008 2457 2062 animi
2495 2007 2705 2078 puritas
2735 2016 2862 2074 est;
2911 2008 3000 2062 cui
3033 2007 3257 2072 divitiae,
3300 2010 3527 2079 inopia;
3569 2008 3663 2063 cui

396 2109 591 2179 patria.
618 2107 828 2171 virtus;
856 2106 942 2159 cui
968 2104 1186 2168 civitas,
1213 2102 1344 2156 item
1391 2100 1509 2169 ipsa
1559 2116 1722 2169 regna
1762 2099 1876 2164 Dei,
1915 2100 1968 2155 in
2018 2101 2182 2156 rebus
2216 2099 2453 2155 terrenis
2499 2099 2959 2171 magniﬁcentiam
2995 2110 3050 2155 et
3090 2103 3513 2158 ostentationem
3555 2102 3664 2158 sibi

397 2206 599 2277 probro
629 2212 793 2273 atque
819 2201 1073 2257 dedecori
1104 2214 1227 2256 esse
1257 2199 1442 2253 ducet.
1475 2195 1841 2263 Quamobrem
1872 2198 2037 2252 etiam
2082 2212 2184 2252 nos
2222 2196 2446 2252 omissis
2476 2196 2751 2265 ejusmodi
2780 2196 3035 2269 laudibus
3068 2213 3246 2268 neque
3275 2200 3507 2268 patriam
3536 2201 3662 2254 lau-

393 2295 555 2349 dibus
592 2292 769 2363 Magni
810 2291 1057 2362 Gregorii
1104 2289 1454 2359 adjiciemus,
1489 2302 1666 2356 neque
1703 2287 1943 2357 majores
1990 2288 2044 2343 in
2080 2286 2390 2345 subsidium
2424 2287 2803 2345 laudationum
2835 2304 3203 2356 assumemus,
3238 2291 3475 2346 scientes
3512 2293 3665 2362 quod

394 2389 543 2443 nulla
571 2404 697 2443 vera
722 2386 794 2441 sit
826 2385 947 2442 laus
983 2399 1104 2453 qua:
1131 2398 1344 2449 eorum,
1378 2380 1470 2453 qui
1509 2380 1823 2446 laudantur,
1870 2381 2092 2451 propria
2141 2396 2249 2436 non
2284 2381 2378 2435 sit.
2411 2378 2703 2450 Proprium
2740 2387 2926 2436 autem
2958 2380 3217 2449 dicimus,
3250 2381 3397 2452 quod
3430 2398 3664 2453 prorsus

395 2489 714 2551 perpetuum
749 2479 822 2532 ita
854 2477 1158 2547 permanet,
1188 2485 1243 2530 ut
1272 2471 1438 2529 adimi
1471 2473 1744 2528 auferrivc
1774 2488 1879 2528 non
1911 2474 2106 2542 possit.

477 2572 635 2626 Ἐπεὶ
667 2566 760 2624 οὖν
790 2570 1008 2624 πάντων
1037 2566 1419 2639 χωριζόμενοι,
1450 2564 1704 2629 πλούτου,
1739 2581 1977 2635 περιφα-

392 2663 560 2728 νείας,
590 2662 770 2733 δόξης,
793 2660 981 2733 τιμῆς.
1015 2658 1249 2729 τρυφῆς,
1273 2657 1649 2721 ἀπολαύσεως,
1677 2654 1976 2723 συγγενῶν,

393 2756 595 2827 φίλων,
631 2754 800 2826 μόνης
831 2753 927 2823 τῆς
959 2752 1102 2827 κατὰ
1148 2750 1344 2804 κακίαν
1379 2749 1412 2821 ἢ
1446 2749 1648 2820 ἀρετὴν
1686 2746 1975 2811 διαθέσεως

392 2846 687 2919 ἀχώριστοι
719 2844 952 2916 μένομεν
976 2857 989 2870 ·
1036 2842 1196 2913 μόνον
1226 2841 1484 2912 κρίνομεν
1515 2838 1854 2910 μακαριστὸν
1886 2837 1977 2890 τὸν

394 2938 670 3009 ὲνάρετον.
720 2935 829 2990 Καί
880 2951 946 3005 με
1009 2931 1201 3003 μηδεὶς
1248 2930 1446 2983 οἰέσθω
1492 2930 1570 3001 τῷ
1618 2930 1784 3002 μηδὲν
1834 2929 1980 3000 ἔχειν

395 3029 594 3101 σεμνὸν
621 3027 749 3099 περί
782 3027 880 3097 τῆς
914 3024 1169 3093 πατρίδος
1188 3061 1203 3086 ,
1236 3022 1268 3094 ἢ
1303 3021 1412 3074 τῶν
1444 3022 1727 3094 προγόνων
1756 3019 1850 3075 τοῦ
1883 3022 1979 3075 ἀν-

392 3120 517 3193 δρὸς
551 3117 947 3190 διηγήσασθαι,
996 3117 1052 3167 ἐν
1098 3114 1335 3185 σχήματι
1367 3112 1461 3165 τοῦ
1495 3113 1671 3167 δοκεῖν
1718 3114 1981 3185 περιορᾷν

392 3212 504 3267 τῶν
531 3210 786 3265 τοιούτων
820 3206 1216 3262 ὑελεκκλέπτειν
1248 3204 1309 3257 τὸ
1341 3204 1563 3268 ὄνειδος.
1615 3204 1711 3268 Τίς
1739 3204 1848 3274 γὰρ
1879 3205 1980 3257 οὐκ

2154 2564 2426 2630 Quoniam
2460 2563 2629 2633 igitur
2654 2578 2781 2621 eum
2810 2565 2996 2620 omnia
3027 2563 3188 2620 nobis
3221 2565 3549 2637 eripiantur,
3585 2569 3673 2624 die

2083 2655 2247 2721 vitize,
2282 2655 2578 2722 claritudo,
2621 2656 2817 2727 gloria,
2852 2658 3051 2724 ltonor,
3092 2658 3318 2726 deliciae,
3363 2668 3526 2731 atque
3572 2661 3664 2714 lu—

2083 2763 2206 2812 xus,
2240 2748 2491 2817 voluptas
2515 2754 2570 2802 et
2595 2748 2915 2813 oblectatio,
2965 2751 3207 2825 cognati,
3254 2752 3455 2819 amici,
3508 2755 3671 2812 solus

2086 2837 2177 2893 ille
2211 2838 2432 2894 habitus
2464 2846 2519 2893 et
2554 2837 2804 2903 aﬂ‘eetus,
2828 2855 2939 2909 quo
2965 2841 3046 2895 vel
3079 2856 3205 2895 cum
3241 2844 3375 2898 vitio
3399 2846 3481 2900 vel
3532 2862 3663 2902 cum

2085 2930 2289 2983 virtute
2322 2928 2602 2998 conjuncti
2635 2945 2849 2993 sumus,
2884 2931 2958 2984 ita
2999 2931 3157 2986 nobis
3193 2932 3439 3000 inhaeret,
3479 2946 3539 2989 ut
3573 2952 3669 2992 se-

2084 3022 2265 3089 parari
2303 3028 2357 3074 et
2382 3019 2586 3074 auferri
2628 3035 2736 3073 non
2767 3021 2942 3089 possit
2972 3039 2989 3075 :
3016 3022 3192 3076 solum
3216 3022 3433 3079 beatum
3466 3026 3672 3081 haben.

2085 3111 2215 3166 dum
2248 3126 2371 3167 esse
2398 3111 2718 3181 judicamus
2746 3127 2893 3180 eum,
2919 3114 3012 3183 qui
3040 3115 3239 3171 virtute
3270 3118 3534 3186 praeditus
3567 3121 3662 3177 sit.

2086 3203 2165 3258 Ac
2192 3218 2353 3259 nemo
2381 3210 2533 3274 putet
2565 3218 2652 3258 me
2680 3203 2821 3258 nihil
2848 3206 3089 3275 amplum
3115 3216 3280 3278 atque
3309 3211 3665 3281 magniﬁcum

393 3298 503 3359 οἶδε
549 3302 648 3375 τὴν
690 3299 1005 3370 ἐπωνυμίαν
1045 3296 1139 3351 τοῦ
1192 3298 1387 3350 πόντου
1422 3296 1521 3368 τὴν
1561 3296 1713 3367 παρὰ
1755 3296 1971 3350 πάντων

2085 3295 2153 3350 de
2190 3296 2364 3367 patria
2423 3295 2798 3365 majoribusve
2846 3296 2950 3352 viri
2990 3314 3155 3368 posse
3210 3280 3663 3369 commemorare,

395 3392 700 3466 ἀνθρώπων
731 3389 854 3445 κατ’
885 3388 1160 3459 ἐξαίρετον
1195 3386 1546 3441 ἀνατεθεῖσαν
1578 3385 1656 3460 τῷ
1694 3386 1837 3442 ἔθνει
1859 3425 1874 3450 ,
1914 3386 1979 3439 δι’

395 3479 465 3558 ἧς
490 3483 597 3537 τῶν
624 3482 683 3550 se
714 3480 891 3552 ἀρχῆς
920 3478 1211 3549 εἰληχότων
1248 3477 1340 3531 τὸν
1370 3478 1546 3549 χῶρον
1571 3481 1603 3549 ἡ
1632 3478 1802 3550 ἀρετὴ
1837 3495 1977 3551 μαρ-

394 3578 677 3650 τυρεῖταις
711 3574 889 3637 Μόνος
912 3573 1020 3644 γὰρ
1040 3573 1100 3637 ἐξ
1121 3572 1339 3642 ἀπάσης
1360 3571 1463 3642 γῆς
1492 3588 1549 3624 τε
1577 3571 1671 3625 καὶ
1700 3570 1979 3642 θαλάσσης

395 3674 553 3735 οὕτος
575 3669 605 3722 ό
633 3667 827 3730 πόντος
864 3664 1116 3731 Εὔξεινος
1154 3662 1516 3732 ὀνομάζεται,
1556 3662 1667 3716 εἴτε
1701 3662 1800 3735 τὴν
1846 3664 1981 3735 πρὸς

396 3761 524 3822 τοὺς
552 3755 957 3827 ἐπιδημοῦντας
994 3752 1104 3807 τῶν
1136 3752 1305 3819 ξένων
1341 3752 1739 3825 φιλοφροσύνην
1772 3771 1983 3825 μαρτυ-

397 3849 622 3926 ροῦντος
662 3848 846 3911 αὐτοῖς
875 3845 971 3899 τοῦ
1007 3844 1270 3916 ὀνόματος
1292 3884 1308 3908 ,
1354 3844 1465 3898 εἴτε
1496 3844 1591 3898 καὶ
1618 3844 1700 3899 ὅτι
1741 3844 1983 3908 τοιοῦτος

396 3945 428 3999 ὁ
469 3942 646 4015 χῶρός
693 3940 863 4002 ἐστιν,
892 3937 968 4001 ὡς
1001 3936 1078 4008 μὴ
1114 3935 1274 4006 μόνον
1320 3940 1433 3999 τοῖς
1474 3936 1761 4007 ἐγχωρίοις
1802 3953 1861 3989 τε
1890 3937 1983 3990 καὶ

396 4035 735 4105 αὐτόχθοσιν,
785 4030 923 4087 ἀλλά
965 4030 1060 4084 καὶ
1101 4031 1214 4092 τοῖς
1262 4028 1635 4098 ἁπανταχόθεν
1688 4029 1767 4091 εἰς
1822 4027 1983 4081 αὑτὸν

402 4124 684 4194 φοιτῶσιν,
719 4121 819 4186 τὰς
845 4119 984 4192 πρὸς
1009 4119 1069 4173 τὸ
1095 4119 1193 4189 ζῇν
1227 4116 1581 4189 παρασκευὰς
1610 4116 1858 4186 ἀφθόνως
1886 4133 1985 4187 χα-

402 4217 670 4290 ρίζεσθαι.
698 4212 933 4283 Τοιαύτη
968 4210 1078 4281 γὰρ
1111 4214 1145 4281 ὴ
1169 4210 1330 4280 φύσις
1364 4210 1462 4281 τῆς
1499 4207 1684 4279 χώρας
1704 4248 1718 4274 ,
1746 4206 1822 4273 ὡς
1849 4208 1985 4262 πάν-

399 4326 506 4365 των
537 4308 647 4362 τῶν
678 4307 813 4378 πρὸς
840 4308 938 4375 τὴν
968 4305 1111 4376 ζωὴν
1134 4304 1451 4373 ἀναγκαίων
1488 4303 1778 4375 πάμφορος
1807 4299 1944 4358 εἰναι
1964 4346 1979 4367 ,

399 4400 497 4456 καί
517 4398 731 4472 μηδὲ[ν]
748 4400 855 4453 τῶν
878 4398 1007 4469 παρ’
1026 4397 1233 4466 ἑτέροις
1259 4395 1478 4464 ἀγαθῶν
1502 4395 1772 4467 ἀμοιρεῖν,
1790 4396 1866 4459 ὡς
1887 4397 1983 4450 καὶ

398 4493 501 4566 τῆς
539 4491 812 4563 θαλάσσης
845 4490 1026 4553 αὐτοῖς
1076 4488 1181 4542 ῐδια
1210 4488 1280 4541 τὰ
1319 4486 1655 4557 πανταχόθεν
1697 4487 1977 4559 ποιούσης.

2084 3387 2179 3443 sed
2213 3388 2318 3443 sub
2344 3387 2527 3458 specie
2554 3396 2721 3459 atque
2754 3396 3022 3459 praetextu
3052 3392 3481 3461 contemptionis
3518 3395 3668 3463 ejus-

2084 3479 2232 3533 modi
2259 3494 2442 3534 rerum
2473 3478 2713 3535 dedecus
2735 3488 2899 3550 atque
2924 3481 3322 3551 turpitudinem
3345 3487 3504 3554 quasi
3537 3489 3665 3543 sub-

2083 3572 2286 3628 ducere
2335 3581 2499 3643 atque
2529 3572 2811 3633 suffurari.
2857 3572 2994 3640 Quis
3039 3574 3185 3629 enim
3216 3576 3430 3646 ignorat
3460 3593 3669 3650 cogno-

2084 3684 2209 3723 men
2241 3667 2427 3734 Ponti,
2455 3669 2601 3739 quod
2632 3669 2703 3723 ab
2739 3668 2998 3724 omnibus
3047 3668 3363 3727 hominibus
3400 3679 3667 3744 tanquam

2084 3760 2420 3830 praecipuum
2450 3759 2715 3830 quiddam
2743 3774 2810 3814 ac
2840 3760 3119 3830 peculiare
3142 3762 3289 3831 genti
3343 3761 3666 3833 impositum

2084 3858 2249 3919 atque
2284 3851 2547 3907 tributum
2586 3859 2693 3917 est,
2725 3865 2823 3919 per
2843 3850 2990 3920 quod
3016 3865 3229 3918 eorum,
3260 3853 3463 3922 quibus
3508 3856 3669 3914 locus

2085 3942 2155 3997 ab
2180 3941 2335 3997 initio
2363 3942 2606 4006 obvenit,
2644 3942 2818 3997 virtus
2847 3945 3282 4001 demonstratur.
3320 3945 3483 4002 Solus
3514 3950 3668 4004 enim

2083 4047 2148 4087 ex
2204 4032 2352 4087 omni
2394 4039 2540 4085 terra
2591 4031 2841 4101 marique
2867 4031 2954 4085 hic
3002 4030 3234 4099 Pontus,
3286 4034 3549 4101 εῠξεινος,
3606 4038 3665 4094 id

2082 4131 2203 4185 est,
2265 4122 2586 4190 hospitalis,
2655 4122 2966 4191 hospitibus
3027 4130 3082 4179 et
3150 4128 3455 4197 peregrinis
3506 4143 3663 4184 com-

2084 4211 2280 4268 modus
2330 4220 2386 4267 et
2434 4211 2610 4266 bonus
2660 4211 3009 4278 nominatur,
3063 4212 3179 4268 sive
3239 4217 3555 4272 comitatem
3607 4231 3665 4277 ct

2083 4301 2479 4357 humanitatem
2546 4300 2666 4369 ejus
2736 4316 2865 4371 erga
2924 4301 3163 4359 advenas
3220 4312 3275 4360 et
3340 4310 3665 4379 peregrinos

2084 4390 2217 4445 inibi
2248 4399 2531 4446 versantes
2567 4398 2865 4447 attestante
2899 4392 3167 4447 vocabulo
3199 4411 3213 4460 ;
3268 4395 3384 4451 sive
3432 4398 3663 4466 idcirco,

2083 4480 2229 4553 quod
2264 4481 2419 4537 locus
2450 4482 2718 4553 ejusmodi
2754 4489 2861 4548 est,
2898 4493 2957 4536 ut
2994 4498 3104 4538 non
3139 4485 3302 4540 modo
3365 4487 3562 4545 incolis
3605 4503 3667 4548 et

402 4584 657 4639 Τοιούτου
687 4583 743 4637 δὲ
773 4582 923 4646 ὄντος
948 4580 1043 4634 τοῦ
1071 4580 1256 4643 ἔθνους
1294 4577 1516 4641 παντὸς,
1544 4577 1619 4641 ὡς
1643 4578 1779 4649 ὅπερ
1804 4578 1869 4632 ἀν
1896 4597 1980 4649 τις

2086 4570 2381 4640 indigenis,
2412 4588 2602 4627 verum
2629 4571 2793 4626 etiam
2828 4572 2955 4639 illis,
2985 4574 3077 4643 qui
3110 4588 3177 4628 ex
3207 4578 3464 4634 omnibus
3492 4584 3664 4650 parti-

401 4675 567 4732 αύτοῦ
614 4676 776 4747 μέρος
816 4674 901 4743 ἐφ’
941 4670 1133 4727 ἑαυτοῦ
1176 4669 1622 4741 κατασκέψηται,
1653 4669 1761 4723 τῶν
1807 4670 1982 4725 ἄλλων

401 4766 754 4841 προτερεύειν
779 4765 987 4820 οἴεσθαι
1015 4782 1028 4796 ·
1061 4764 1213 4817 οὐδὲν
1246 4763 1302 4816 δὲ
1330 4757 1492 4833 ἦττον
1520 4764 1586 4832 τῇ
1620 4764 1770 4833 κοινῇ
1803 4763 1982 4833 κρίσει

400 4858 496 4913 τοῦ
528 4857 734 4923 ἔθνους,
772 4851 881 4910 οἷόν
932 4871 1015 4917 τις
1049 4852 1259 4925 κορυφὴ
1304 4852 1484 4920 πάσης
1522 4852 1619 4920 τῆς
1652 4852 1982 4923 περιοικίδος

400 4951 508 5006 τῶν
538 4950 735 5014 ἄλλων,
765 4950 798 5021 ἡ
821 4947 916 5003 τοῦ
946 4946 1182 5018 μεγάλου
1206 4944 1505 5016 Γρηγορίου
1539 4944 1695 5007 πόλις
1722 4943 1887 5007 ἐστὶν,
1914 4942 1981 5013 ἣν

402 5041 652 5113 βασιλεύς
683 5058 765 5104 τις
794 5040 1063 5110 ἐπίσημος
1083 5036 1192 5091 τῶν
1222 5037 1319 5107 τὴν
1346 5034 1520 5107 ἀρχὴν
1549 5038 1660 5098 τοῖς
1689 5034 1979 5105 Ῥωμαίοις

401 5133 852 5206 κρατυνομένων,
905 5133 1124 5201 Καῖσαρ
1165 5128 1226 5181 τὸ
1264 5128 1467 5198 ὄνομα,
1505 5126 1667 5198 ἔρωτι
1700 5125 1796 5179 καὶ
1831 5124 1979 5194 πόθῳ

398 5230 500 5300 τῆς
531 5230 715 5301 χώρας
762 5228 945 5289 ἁλοὺς,
999 5227 1092 5280 ἐπὶ
1131 5224 1209 5294 τῷ
1245 5224 1358 5294 ἰδίῳ
1395 5222 1620 5291 ὀνόματι
1668 5219 1977 5273 Νεοκαισά-

407 5337 555 5392 ρειαν
585 5319 861 5375 καλεῖσθαι
894 5319 992 5389 τὴν
1014 5318 1166 5371 πόλιν
1186 5315 1436 5385 ἠξίωσεν.
1469 5312 1608 5366 Ἀλλ’
1633 5312 1783 5365 οὐδὲν
1805 5310 1978 5366 ταῦτα

404 5410 539 5481 πρὸς
585 5410 675 5463 τὸν
723 5409 924 5463 σκοπὸν
972 5408 1062 5461 τὸν
1103 5404 1391 5477 ἡμέτερον,
1448 5401 1588 5457 ὥστε
1639 5402 1727 5456 διὰ
1770 5401 1976 5455 τούτων

404 5500 609 5557 οἴεσθαι
640 5500 963 5569 σεμνότερον
991 5496 1363 5554 ἀποδεικνύειν
1387 5494 1478 5548 τὸν
1507 5494 1681 5565 μέγαν
1711 5494 1769 5546 ὲν
1802 5492 1977 5561 ἁγίοις

404 5592 713 5656 ὲκεῖνον,.εἰ
747 5594 977 5661 καρποῖς
1009 5588 1183 5662 βρίθει
1214 5588 1246 5657 ἡ
1274 5584 1446 5657 χώρα,
1475 5588 1521 5640 εἰ
1549 5588 1583 5656 ἡ
1617 5584 1772 5647 πόλις
1811 5601 1978 5665 κατατ

408 5683 631 5744 σκευαῖς
680 5681 1120 5734 κεκαλλώπισται
1146 5719 1161 5743 ,
1197 5680 1245 5731 εἰ
1279 5681 1343 5749 τῇ
1383 5678 1585 5746 γείτονι
1626 5677 1864 5747 θαλάττῃ
1908 5676 1975 5729 τὰ

406 5773 742 5844 πανταχόθεν
772 5773 909 5843 πρὸς
934 5773 995 5825 τὸ
1023 5771 1211 5828 δοκοῦν
1240 5772 1360 5825 κατ’
1390 5771 1637 5837 ἐξουσίαν
1672 5770 1972 5838 εἰσάγεται.

2090 4660 2193 4717 bus
2223 4676 2289 4716 eo
2320 4661 2586 4717 accedunt
2614 4670 2667 4715 et
2699 4661 3005 4727 conﬂuunt,
3048 4673 3117 4718 ad
3152 4664 3441 4725 vivendum
3474 4672 3662 4727 subsi-

2081 4754 2171 4807 dia
2234 4760 2401 4823 atque
2450 4761 2788 4810 commeatus
2841 4754 3055 4810 abunde
3124 4759 3435 4828 suppeditet
3497 4772 3661 4834 atque

2083 4845 2486 4901 subministret.
2522 4843 2805 4913 Ejusmodi
2832 4847 2980 4901 enim
3017 4858 3214 4903 natura
3237 4851 3519 4921 religionis
3551 4867 3655 4922 est,

2086 4945 2144 4993 ut
2181 4944 2237 4992 ct
2267 4936 2513 4991 omnium
2547 4951 2756 4999 rerum,
2798 4954 2919 5007 qua:
2947 4937 3014 4991 ad
3040 4938 3205 4993 vitam
3237 4945 3657 5002 sustentandam

2086 5028 2412 5083 necessaria:
2448 5035 2597 5090 sunt,
2631 5042 2845 5082 summe
2881 5028 3099 5091 fertilis,
3136 5039 3191 5083 et
3239 5034 3656 5103 peregrinorum

2084 5120 2307 5191 quidem
2345 5121 2612 5174 bonorum
2654 5119 2859 5175 nullius
2889 5134 3085 5188 expers
3116 5121 3207 5183 sit,
3232 5138 3355 5177 cum
3407 5140 3558 5182 mare
3606 5132 3661 5183 ei-

2087 5212 2307 5284 propria
2350 5210 2514 5265 faciat
2543 5225 2627 5275 ea,
2655 5226 2774 5279 quae
2800 5227 2868 5264 ex
2898 5211 3156 5267 omnibus
3190 5215 3502 5284 regionibus
3527 5220 3657 5277 illuc

2086 5305 2468 5377 importantur.
2504 5300 2642 5359 Cum
2685 5312 2865 5357 autem
2899 5302 3171 5370 ejusmodi
3207 5314 3319 5363 tota
3366 5310 3517 5365 natio
3550 5313 3654 5375 sit,

2085 5404 2146 5453 ut
2170 5409 2554 5465 quamcunque
2584 5394 2712 5464 quis
2744 5393 2864 5463 ejus
2914 5402 3123 5464 partem
3162 5413 3257 5467 per
3305 5415 3428 5456 sese
3483 5405 3655 5458 solam

2085 5490 2541 5554 consideravcril,
2562 5489 2774 5543 czetcris
2805 5498 3065 5557 praestare
3090 5506 3210 5546 eam
3240 5494 3657 5550 existimaturum

2085 5581 2393 5649 sit:nihilo
2436 5582 2617 5636 minus
2672 5582 2952 5636 communi
3002 5582 3216 5656 judicio
3263 5588 3443 5654 gentis
3487 5588 3669 5645 veluti.

2083 5660 2249 5745 caput
2277 5671 2549 5743 quoddam
2589 5670 2833 5724 omnium
2866 5672 3096 5726 aliarum
3147 5674 3500 5730 ﬁnitimarum
3539 5678 3653 5730 Ma-

2084 5767 2175 5835 gni
2218 5763 2463 5835 Gregorii
2512 5762 2709 5816 civitas
2756 5770 2861 5826 est,
2910 5779 3074 5831 quam
3132 5766 3327 5831 urbem
3356 5768 3650 5837 imperator
