4132 6356
455 314 568 376 899

1711 311 1772 367 S.
1814 306 2151 369 GREGORII
2192 311 2487 368 NYSSENI

3624 286 3635 293 1

459 436 686 508 quidam
737 434 974 507 insignis
1039 450 1105 490 ex
1157 435 1227 492 iis
1272 435 1365 507 qui
1427 433 1696 491 Romanis
1752 435 2042 505 imperium

2165 436 2300 490 Ἀλλ’
2338 430 2459 491 οὐδὲ
2493 435 2604 490 τῶν
2640 428 2920 509 προγόνων
2947 434 3134 500 αὐτοῦ,
3168 433 3279 487 τῶν
3308 432 3740 507 προκαθηγήσα-

460 529 955 596 coimrmaverunt,
987 529 1176 588 Cmsar
1214 530 1461 592 nomine,
1503 544 1692 586 amore
1731 545 1798 585 ac
1831 529 2051 585 deside-

462 621 682 678 riolooi
714 631 911 693 captus
960 637 1064 678 suo
1113 623 1335 677 nomine
1371 620 1782 677 Neocaesaream
1815 621 2051 691 insigni-

462 717 561 770 vit.
595 712 797 771 Verum
824 715 944 770 haec
972 714 1112 770 nihil
1145 717 1423 786 pertinent
1457 713 1526 768 ad
1557 722 1810 769 nostrum
1850 729 2053 785 propo-

459 809 634 864 situm
662 818 717 864 et
746 808 1085 871 institutum,
1118 817 1178 862 ut
1218 823 1315 878 per
1349 807 1466 861 hac
1491 807 1819 876 ampliorem
1866 817 1923 862 et
1951 823 2051 861 au-

464 900 768 969 gustiorem
811 898 1197 953 existimemus
1246 913 1350 954 nos
1396 897 1874 953 demonstraturos
1927 913 2052 953 esse

466 1004 724 1059 magunum
759 989 911 1043 illum
948 991 1128 1043 virum
1160 990 1305 1044 inter
1332 1000 1577 1053 sanctos,
1612 989 1658 1044 si
1693 990 1843 1061 regio
1876 988 2051 1060 frugi-

466 1081 573 1135 bus
603 1079 880 1144 abundet,
912 1080 958 1135 si
991 1080 1126 1135 urbs
1158 1080 1420 1150 operibus
1455 1088 1512 1135 et
1552 1078 1803 1135 aedificiis
1853 1088 2049 1134 ornata

462 1173 562 1234 sit,
590 1171 637 1227 si
667 1186 766 1242 per
798 1186 954 1227 mare
985 1173 1226 1227 vicinum
1257 1171 1325 1226 ad
1351 1173 1634 1228 arbitrium
1689 1188 1778 1228 res
1809 1172 2052 1243 undique

466 1279 667 1334 ntagna
703 1263 864 1333 copia
902 1264 1291 1334 importentur.
1323 1264 1393 1318 At
1421 1278 1522 1319 nec
1574 1273 1868 1335 parentum
1922 1265 2050 1336 qui-

467 1355 592 1409 dem
647 1353 793 1424 ejus,
849 1355 946 1424 qui
1008 1352 1316 1408 nativitatis
1365 1352 1487 1422 ejus
1555 1354 1798 1409 carnalis
1856 1361 2046 1407 aucto-

469 1458 559 1499 res
588 1442 834 1506 fuerunt,
869 1444 925 1498 in
966 1445 1220 1514 prmscnti
1264 1444 1517 1499 oratione
1574 1442 1771 1497 faciam
1817 1445 2051 1499 mentio-

468 1550 620 1600 nem,
661 1535 905 1602 divitias,
935 1535 1371 1606 magnilicentias
1413 1544 1468 1590 et
1522 1533 1843 1605 spleudores
1893 1550 2054 1589 mun-

2150 529 2328 600 μένων
2356 528 2459 600 τῆς
2491 527 2635 583 κατὰ
2685 528 2866 600 σάρκα
2906 529 3173 599 γενέσεως
3195 566 3209 591 ,
3246 527 3469 598 μνήμην
3516 526 3612 579 ἐπὶ
3642 524 3737 579 τοῦ

2146 619 2307 690 λόγου
2342 622 2680 694 ποιήσομαι,
2723 620 2950 674 πλοῦτον
3004 620 3099 673 καὶ
3141 617 3457 690 φιλοτιμίας
3499 618 3595 672 καὶ
3638 617 3739 681 τὰς

2148 713 2418 785 κοσμικὰς
2461 713 2821 784 περιφανείας
2867 711 3047 766 αὐτῶν
3087 709 3464 783 διηγούμενος.
3515 709 3583 763 Τί
3629 710 3739 783 γὰρ

2148 806 2321 859 ταῦτα
2357 805 2692 859 συντελέσειε
2724 805 2857 876 πρὸς
2884 805 3126 871 ἔπαινον,
3156 803 3339 874 τάφοι,
3375 802 3472 856 καὶ
3503 800 3698 873 στῆλαι
3718 843 3735 867 ,

2152 898 2244 951 καὶ
2277 897 2697 969 ἐπιγράμματα,
2728 897 2821 951 καὶ
2851 896 2921 950 τὰ
2944 895 3116 967 νεκρὰ
3140 894 3454 968 διηγήματα
3478 894 3617 966 πρὸς
3644 893 3738 947 τὸν

2149 987 2245 1041 τοῦ
2292 987 2502 1059 κόσμου
2542 987 2742 1051 παντὸς
2785 987 2977 1042 ἑαυτὸν
3027 986 3414 1060 ὐπεράραντα;
3458 985 3638 1049 ἄλλως
3678 983 3738 1038 δὲ

2148 1077 2269 1131 οὐτε
2301 1077 2523 1133 δυνατόν
2551 1079 2701 1132 ἐστιν
2735 1079 2816 1143 είς
2854 1079 3139 1134 κοινωνίαν
3168 1080 3268 1151 τῆς
3295 1078 3570 1152 εὐφημίας
3594 1077 3738 1131 ὲκεί-

2148 1187 2273 1233 νους
2298 1170 2473 1239 ἄγειν,
2500 1164 2576 1225 ὧν
2605 1169 2705 1242 τὴν
2738 1170 3062 1240 συγγένειαν
3090 1164 3247 1235 οὗτος
3273 1171 3372 1243 τῆς
3392 1169 3534 1225 κατὰ
3557 1168 3736 1240 ψυχήν

2148 1261 2464 1331 ἀγχιστείας
2492 1262 2800 1333 ήρνήσατο;
2852 1262 2915 1316 Ol
2950 1262 3049 1333 μὲν
3091 1261 3199 1333 γάρ
3230 1262 3288 1316 ἐν
3314 1263 3382 1332 τῇ
3418 1260 3598 1333 πλάνῃ
3630 1259 3741 1312 τῶν

2154 1349 2390 1404 εἰδώλων
2412 1351 2839 1425 ἐματαιώθησαν
2854 1369 2869 1384 ⁶
2895 1354 2924 1407 ὁ
2944 1353 3024 1418 δὲ,
3048 1353 3184 1426 πρὸς
3205 1354 3303 1424 τὴν
3327 1352 3587 1425 ἀλήθειαν
3608 1352 3739 1406 ἀνα-

2157 1442 2381 1513 ϐλέψας,
2418 1445 2486 1514 τῇ
2517 1444 2631 1498 ἄνω
2673 1444 2961 1516 συγγενείᾳ
2998 1444 3087 1499 διὰ
3122 1443 3221 1516 τῆς
3265 1443 3500 1508 πίστεως
3544 1442 3738 1497 ἑαυτὸν

2153 1533 2526 1605 εἰσεποίησεν.

468 1632 645 1686 danos
668 1646 860 1687 eorum
901 1646 1204 1702 exponens.
1240 1630 1382 1697 Quid
1417 1630 1564 1685 enim
1606 1631 1723 1685 haec
1761 1628 2055 1685 conferunt
2093 1630 2159 1685 ad
2187 1630 2736 1702 laudenﬁsepulcra,
2762 1638 2978 1696 statuae,
3002 1629 3392 1706 inscriptiones
3443 1636 3498 1685 et
3567 1625 3734 1692 tituli,

470 1732 701 1778 mortuae
763 1731 819 1780 et
883 1723 1078 1781 inanes
1131 1725 1480 1779 narrationes
1531 1723 1597 1779 ad
1644 1739 1793 1791 enin,
1842 1725 1937 1794 qui
1995 1739 2119 1780 sese
2156 1740 2321 1796 supra
2361 1741 2580 1781 onmem
2614 1726 2882 1781 mundum
2914 1725 3189 1781 extulerat
3216 1733 3271 1783 et
3291 1730 3566 1787 evexerat,
3602 1736 3741 1793 pra:-

471 1817 663 1871 sertim
699 1833 824 1872 cum
854 1833 925 1872 ne
958 1817 1074 1873 fieri
1107 1818 1330 1889 quidem
1375 1818 1571 1891 possit,
1604 1826 1665 1873 ut
1702 1817 1760 1873 in
1806 1818 2126 1874 societatem
2160 1820 2339 1874 laudis
2372 1820 2449 1875 illi
2495 1828 2874 1885 assumantur,
2948 1834 3183 1891 quorum
3258 1822 3384 1885 iste,
3457 1814 3605 1889 quod
3670 1813 3739 1868 ad

473 1909 668 1965 anima:
692 1910 1156 1982 propinquitatem
1177 1911 1390 1978 attinet,
1408 1911 1797 1982 cognationem
1832 1911 2046 1981 reSpuit
2082 1920 2137 1967 et
2159 1921 2489 1981 aspernatur
2513 1913 2538 1969 ?
2563 1911 2699 1969 Nam
2730 1913 2808 1968 illi
2840 1912 3062 1985 quidem
3102 1927 3199 1984 per
3263 1927 3510 1969 errorem
3576 1909 3743 1966 simu.

473 2000 747 2057 lacrorum
809 2003 941 2059 vani
999 2015 1056 2059 et
1103 2002 1275 2074 inepti
1334 2002 1580 2067 fuerunt,
1613 2003 1703 2059 hic
1746 2012 1929 2060 autem
1963 2003 2031 2060 ad
2064 2006 2347 2060 veritatem
2378 2006 2557 2063 oculis
2591 2007 2824 2064 sublatis
2868 2021 3083 2079 superae
3118 2004 3434 2077 cognationi
3484 2018 3608 2060 sese
3646 2017 3743 2073 per

474 2095 637 2152 fidem
661 2097 913 2162 inservit,
954 2104 1009 2152 et
1049 2098 1209 2169 quasi
1242 2098 1296 2152 in
1336 2097 1689 2168 adoptionem
1723 2097 1894 2153 dedit.

542 2188 733 2260 Itaque
782 2190 1060 2260 quomodo
1109 2189 1355 2261 quidem,
1410 2190 1680 2261 quibusve
1733 2188 2055 2260 parentibus
2088 2201 2129 2257 Β

476 2290 641 2337 natus
673 2280 766 2345 sit,
794 2288 889 2334 aut
914 2295 1080 2352 quam
1110 2282 1178 2336 ab
1207 2280 1365 2336 initio
1390 2283 1578 2337 urbem
1620 2281 1935 2347 incoluerit,
1993 2290 2058 2335 ut

475 2389 598 2443 qua:
628 2371 766 2426 nihil
794 2370 1003 2426 faciant
1026 2371 1095 2425 ad
1121 2372 1466 2444 propositam
1498 2372 1895 2437 narrationem,
1915 2388 2058 2442 prae-

476 2463 882 2529 ten-mittemus;
922 2462 1139 2517 initium
1168 2470 1350 2518 autem
1387 2463 1568 2518 laudis
1593 2464 1725 2519 hinc
1756 2479 2058 2533 sumemus,

459 2555 625 2610 .unde
650 2554 741 2611 ille
790 2554 961 2608 vitam
1008 2568 1134 2608 cum
1170 2554 1373 2609 virtute
1418 2554 1773 2625 coniunctam
1826 2570 2061 2612 exorsus

476 2657 584 2702 est.
628 2646 768 2701 Cum
804 2646 950 2701 enim
977 2660 1210 2717 corpore
1248 2645 1785 2715 admodumjuvenili
1824 2648 2060 2703 naturali

477 2739 832 2809 rogitationis
863 2753 1019 2805 cura,
1045 2739 1370 2808 parentibus
1414 2738 1529 2793 vita
1559 2737 1859 2804 defunctis,
1888 2740 2063 2796 desu-

480 2839 638 2884 tutus
680 2836 861 2885 esset:
891 2829 1114 2901 quando
1178 2830 1473 2901 plerisque
1515 2838 1678 2886 aetate
1742 2829 2063 2902 imperfecta

480 2939 638 2978 mens
673 2921 805 2993 quid
839 2921 914 2978 sit
948 2921 1155 2977 bonum
1200 2921 1507 2993 diiudicare
1542 2922 1723 2978 nescit
1753 2940 1768 2979 :
1810 2923 2064 2994 protinus

478 3017 549 3071 ab
584 3015 743 3070 initio
775 3013 1020 3070 ostendit
1055 3013 1237 3085 qualis
1267 3015 1324 3070 in
1370 3022 1531 3070 aetate
1559 3013 1800 3085 perfecta
1847 3013 2066 3075 futurus

478 3117 652 3164 esset.
681 3108 758 3161 Ac
784 3106 1249 3179 quemadmodum
1312 3109 1561 3179 germina
1620 3123 1910 3180 generosa,
1937 3125 2063 3165 cum

479 3217 510 3254 a
542 3202 720 3272 primo
753 3199 1093 3255 incremento
1121 3198 1177 3256 in
1203 3199 1444 3257 directos
1492 3215 1676 3257 ramos
1711 3213 2062 3267 excrescunt,

482 3309 579 3362 per
611 3299 936 3363 prmsentem
978 3291 1450 3361 pulchritudinem
1501 3292 1761 3363 agricolis
1819 3293 2062 3348 futurqu

481 3385 735 3437 decorem
768 3389 1190 3452 prannonstrant
1230 3398 1245 3436 :
1280 3381 1472 3437 eodem
1525 3382 1689 3438 modo
1732 3383 1899 3438 etiam
1951 3384 2062 3447 ille,

481 3476 717 3545 quando‘
748 3474 965 3529 caeteris
997 3481 1217 3545 propter
1267 3474 1635 3546 ignorantiam
1666 3476 1951 3532 erroribus
2009 3483 2066 3532 et

2241 2188 2381 2243 Ἀλλ’
2404 2189 2554 2253 ὅπως
2594 2189 2714 2261 μὲν,
2755 2182 2790 2261 ἢ
2833 2187 2941 2243 ἀπὸ
2975 2185 3138 2242 τίνων
3181 2188 3398 2257 ἐγένετο
3421 2229 3436 2255 ,
3466 2189 3501 2261 ἢ
3532 2189 3655 2244 τίνα
3680 2189 3741 2242 τὸ

2159 2282 2281 2336 κατ’
2310 2281 2486 2355 ἀρχὰς
2508 2281 2693 2356 ᾤκησε
2720 2281 2895 2346 πόλιν,
2925 2281 3003 2347 ὡς
3033 2281 3185 2336 οὐδὲν
3218 2284 3348 2353 ήμῖν
3379 2282 3737 2338 συντελοῦντα

2160 2372 2297 2445 πρὸς
2329 2373 2431 2444 τὴν
2473 2370 2848 2445 προκειμένην
2876 2367 3136 2442 σπουδὴν,
3164 2368 3579 2442 παραλείπομεν
3600 2387 3615 2401 ·
3642 2372 3743 2442 ἀρα

2159 2466 2260 2538 χὴν
2304 2466 2363 2519 δὲ
2411 2464 2616 2536 ταύτην
2642 2466 2742 2537 τῆς
2770 2463 3047 2535 εὐφημίας
3075 2461 3362 2535 ληψόμεθα
3382 2502 3397 2528 ,
3435 2462 3505 2534 ήν
3533 2463 3743 2527 ἐκεῖνος

2160 2559 2255 2612 τοῦ
2302 2560 2425 2613 κατ’
2473 2556 2678 2628 ἀρετήν
2729 2555 2846 2626 βίου
2900 2552 3216 2624 πεποίηται.
3262 2553 3482 2626 Ἐπειδὴ
3532 2554 3643 2626 γὰρ
3683 2556 3743 2608 ὲν

2161 2644 2358 2719 κομιδῇ
2391 2644 2498 2716 νέῳ
2524 2642 2601 2715 τῷ
2631 2642 2842 2714 σώματι
2868 2643 2968 2715 τῆς
3005 2644 3239 2713 φυσικῆς
3267 2641 3588 2713 κηδεμονίας
3611 2642 3742 2714 ἔρη-

2165 2758 2265 2813 μος
2296 2737 2395 2812 ἦν,
2428 2738 2540 2791 τῶν
2579 2737 2782 2806 γονέων
2825 2733 3290 2806 τετελευτηκότων
3330 2733 3422 2789 τὸν
3472 2733 3609 2804 βίον,
3654 2735 3745 2788 ὅτε

2163 2830 2359 2901 ἀτελὴς
2389 2829 2479 2897 ὐφ’
2522 2827 2739 2900 ἡλικίας
2770 2824 2905 2881 οὖσα
2944 2826 3059 2890 τοῖς
3106 2825 3319 2891 πολλοῖς
3346 2828 3380 2899 ὴ
3406 2826 3616 2882 διάνοια
3648 2828 3746 2898 τῆς

2163 2920 2257 2974 τοῦ
2300 2918 2469 2975 καλοῦ
2505 2919 2741 2992 κρίσεως
2780 2918 3117 2990 ἁμαρτάνει.
3167 2917 3368 2985 ἔδειξεν
3402 2918 3566 2984 εὐθὺς
3594 2920 3748 2992 παρά

2163 3017 2262 3086 τὴν
2299 3012 2558 3086 πρώτην,
2610 3007 2723 3076 οἷος
2761 3013 2821 3066 ἐν
2862 3011 2942 3083 τῷ
2985 3011 3177 3084 τελείῳ
3209 3015 3307 3085 τῆς
3342 3013 3563 3083 ἡλικίας
3592 3014 3749 3084 γενή-

2168 3123 2341 3162 σεται.
2388 3105 2500 3159 Καὶ
2543 3103 2794 3172 καθάπερ
2823 3104 2892 3158 τὰ
2920 3104 3117 3175 εὐγενῆ
3163 3103 3272 3157 τῶν
3324 3103 3746 3176 βλαστημάτων,

2164 3199 2292 3253 ὅταν
2325 3199 2391 3252 ὲκ
2437 3199 2663 3271 πρώτης
2690 3197 2971 3270 αὐξήσεως
2997 3197 3078 3261 εἰς
3106 3195 3417 3265 εὐθυγενεῖς
3459 3196 3749 3269 ἀναδράμῃ

2164 3293 2290 3356 τοὺς
2331 3291 2585 3364 δρπηκας
2609 3330 2625 3357 ,
2676 3289 3021 3361 προδείκνυσι
3064 3292 3179 3354 τοῖς
3218 3290 3478 3361 γηπόνοις
3513 3289 3602 3344 διὰ
3649 3289 3751 3359 τῆς

2168 3381 2455 3453 παρούσης
2506 3381 2657 3452 ὥρας
2699 3382 2759 3434 τὸ
2810 3381 2890 3445 είς
2924 3381 3150 3451 ὕστερον
3196 3379 3422 3445 κάλλος
3469 3379 3561 3435 τὸν
3589 3380 3751 3435 αὐτὸν

2166 3475 2367 3548 τρόπον
2401 3476 2652 3540 κάκεῖνος
2677 3515 2692 3539 ,
2722 3474 2810 3528 ὅτε
2845 3476 2959 3537 τοῖς
2988 3472 3168 3537 ἄλλοις
3206 3472 3302 3526 ὐπ’
3336 3471 3562 3542 ἀγνοίας
3591 3489 3749 3543 περι-

481 3566 843 3621 nbnoxiuset
874 3565 1122 3620 lubricus
1147 3572 1234 3620 est
1281 3568 1521 3633 animus,
1553 3566 1620 3622 ad
1652 3581 1743 3623 res
1793 3583 1967 3623 vanas
2014 3577 2065 3623 et

2171 3565 2381 3638 σφαλής
2404 3568 2553 3621 ἐστιν
2582 3568 2614 3639 ή
2641 3565 2809 3638 ψυχὴ,
2834 3565 2970 3637 πρὸς
2989 3564 3058 3618 τά
3083 3564 3290 3637 μάταιά
3313 3580 3372 3617 τε
3399 3564 3493 3618 καὶ
3519 3562 3752 3635 ἀνόνητα

482 3658 714 3715 inutiles
747 3656 1046 3726 iuventute
1098 3655 1261 3713 facile
1339 3659 1665 3729 plerumque
1710 3658 2062 3729 prolabente:

483 3761 617 3804 tunc
634 3764 736 3814 per
769 3749 1002 3819 primam
1036 3747 1163 3803 vita:
1191 3748 1430 3805 instituti
1456 3752 1781 3807 electionem
1830 3752 2069 3808 ostendit

484 3841 541 3895 in
568 3855 692 3895 sese
710 3855 900 3894 verum
925 3853 1051 3895 esse
1085 3838 1218 3893 illud
1267 3839 1492 3896 verbum
1526 3840 1750 3896 Davidis
1795 3840 2063 3897 dicentis:

482 3931 674 3987 Justus
708 3940 764 3985 ut
789 3930 968 4000 palma
993 3930 1260 3999 ﬂorebit'.
1305 3930 1433 3987 Sola
1469 3934 1615 3988 enim
1658 3934 1916 3990 nimirum
1954 3935 2066 3989 haec

485 4025 652 4080 arbor
681 4026 926 4096 perfecta
957 4024 1335 4082 crassitudine
1358 4027 1668 4084 cacuminis
1698 4042 1729 4081 a
1764 4039 1910 4084 terra
1945 4043 2067 4082 sur-

485 4118 564 4188 git
586 4126 644 4172 et
669 4117 965 4180 excrescit,
997 4133 1234 4190 cumque
1255 4119 1607 4190 proceritatis
1666 4121 2066 4177 incrementum

487 4209 885 4279 progrediatur,
919 4210 1127 4265 nullam
1150 4211 1206 4265 in
1231 4210 1575 4267 latitudinem
1604 4227 1634 4266 a
1658 4214 1903 4283 tempore
1924 4211 2069 4267 accio

486 4297 565 4367 pit
585 4298 981 4354 accessionem.
1042 4297 1134 4353 Sic
1174 4299 1340 4353 etiam
1394 4299 1485 4355 ille
1514 4313 1546 4354 a
1595 4301 1776 4371 primo
1824 4300 2070 4372 germine

484 4389 692 4454 floruit,
715 4391 988 4445 electione
1015 4391 1141 4446 vitae
1164 4390 1401 4447 instituti
1436 4392 1688 4463 protinus
1718 4391 1995 4462 perfectus
2016 4401 2072 4448 et

485 4481 851 4536 eminentibus
906 4481 1194 4538 frondibus
1235 4497 1576 4554 consurgens
1624 4492 1679 4540 et
1712 4498 2068 4540 excresccns.

487 4572 760 4629 Omnibus
828 4573 975 4627 enim
1056 4574 1300 4640 omissis,
1377 4590 1609 4646 quarum
1656 4590 1839 4631 rerum
1886 4574 2071 4631 studio

485 4664 747 4734 iuvenilis
776 4672 911 4719 aetas
945 4671 1184 4728 tenetur,
1216 4667 1575 4736 equitatione,
1610 4668 1927 4731 venatione,
1953 4666 2070 4721 cul—

489 4768 547 4809 tu
578 4756 902 4822 arnteniore,
937 4755 1296 4824 indumentis,
1328 4758 1622 4828 aleatione,
1653 4758 1890 4822 deliciis,
1945 4765 2066 4813 sta—

490 4848 587 4901 tim
613 4855 762 4904 totus
797 4848 1870 4925 acquirendis_virtutibnsincumbebat,
1918 4848 2071 4905 dein-

489 4952 621 5009 ceps
640 4938 853 5010 eligens
864 4955 929 4996 ac
952 4956 1290 5013 persequens
1302 4941 1564 5013 quidquid
1589 4941 1840 5012 praasenti
1854 4956 2072 5012 semper
2103 4923 2146 4979 υ

489 5031 640 5086 aetati
669 5045 784 5088 sua:
802 5033 1139 5090 conveniens
1160 5043 1214 5092 et
1236 5035 1709 5091 accommodatum
1736 5042 1907 5091 esset.
1960 5035 2073 5089 lni-

494 5123 631 5178 tium
661 5131 843 5180 autem
881 5126 1346 5196 acquirendarum
1386 5126 1652 5181 virtutum
1688 5141 1719 5179 a
1755 5126 1939 5181 studio
1983 5141 2076 5182 sa-

496 5215 716 5285 pientiae
740 5212 888 5283 fecit,
922 5224 1088 5288 atque
1118 5217 1257 5273 hanc
1287 5217 1457 5273 veluti
1481 5216 1664 5289 pullus
1692 5216 1916 5287 quidam
1942 5233 2079 5272 cun-

491 5310 722 5379 junctus
749 5324 862 5364 una
906 5311 1238 5382 sequebatur
1288 5312 1595 5368 sobrietas:
1633 5311 1855 5381 utrique
1892 5317 2075 5365 autem

493 5398 828 5456 continentia
854 5402 1111 5470 praesidio
1136 5411 1295 5458 erat:
1332 5404 1499 5459 animi
1529 5418 1662 5460 vero
1706 5402 2070 5458 humilitatem

491 5500 549 5546 et
574 5490 1005 5547 moderationem
1040 5507 1148 5548 una
1180 5508 1307 5548 cum
1360 5495 1769 5567 contemptione
1818 5493 2076 5566 pecunia-

495 5595 616 5635 rum
646 5587 935 5636 assecutus
962 5589 1070 5639 est.
1108 5580 1229 5640 Non
1255 5583 1399 5641 enim
1422 5584 1640 5643 aliunde
1670 5584 1850 5643 fastus
1877 5590 1932 5641 et
1980 5597 2078 5641 su-

566 5761 588 5796 ³
622 5758 766 5819 Psal.
801 5772 909 5826 xei,
937 5758 1027 5816 l3.

2173 3655 2690 3727 κατολισοαινούσης
2721 3654 3026 3726 προχείρως
3053 3654 3129 3718 ὡς
3151 3652 3220 3707 τὰ
3255 3652 3426 3709 πολλὰ
3449 3652 3548 3725 τῆς
3567 3652 3753 3723 νεότη-

2171 3765 2262 3813 τος
2282 3765 2296 3780 ’
2325 3749 2445 3803 τότε
2466 3748 2555 3804 διὰ
2586 3749 2685 3820 τῆς
2717 3748 2939 3820 πρώτης
2958 3746 3051 3801 τοῦ
3088 3746 3203 3817 βίου
3233 3746 3522 3818 αἱρέσεως,
3551 3743 3754 3812 ἔδειξεν

2172 3841 2258 3909 ἐφ’
2291 3839 2490 3895 ἑαυτοῦ
2534 3839 2625 3894 τὸν
2670 3838 2834 3893 Δασὶδ
2873 3837 3224 3910 ἀληθεύοντα,
3270 3838 3352 3892 ὅτι
3402 3837 3640 3903 Δίκαιος
3672 3837 3755 3901 ὡς

2173 3930 2377 4001 φοῖνιξ
2409 3929 2752 3997 ἐξανθήσει.
2784 3931 2961 3985 Μόνον
2989 3929 3097 4001 γὰρ
3120 3928 3184 4001 δὴ
3207 3927 3363 3983 τοῦτο
3389 3927 3501 3983 τῶν
3522 3928 3754 3999 δένδρων

2172 4020 2365 4094 τελείῳ
2390 4024 2470 4093 τῷ
2503 4021 2670 4093 πάχει
2707 4022 2806 4093 τῆς
2840 4021 3086 4093 κορυφῆς
3117 4020 3225 4075 ἀπὸ
3252 4021 3351 4093 τῆς
3382 4020 3488 4091 γῆς
3516 4020 3753 4090 ἀναφύε-

2174 4132 2263 4169 ται
2285 4131 2299 4144 ’
2332 4115 2428 4168 καὶ
2454 4113 2557 4184 τῆς
2584 4114 2726 4168 κατὰ
2763 4114 2822 4168 τὸ
2860 4115 3033 4186 μῆκος
3067 4114 3410 4186 ὲπιδιδούσης
3434 4114 3711 4188 αὐξήσεως
3734 4158 3749 4184 ,

2174 4206 2432 4278 οὐδεμίαν
2478 4206 2573 4259 ἐπὶ
2614 4207 2676 4259 τὸ
2707 4205 2908 4269 πλάτος
2937 4205 3256 4279 προσθήκην
3285 4205 3396 4260 ἀπὸ
3439 4206 3532 4260 τοῦ
3559 4208 3752 4278 χρόνου

2174 4300 2407 4371 δέχεται.
2453 4298 2610 4353 Οὕτω
2671 4299 2923 4362 κάκεῖνος
2971 4297 3080 4352 ἀπὸ
3123 4299 3223 4370 τῆς
3284 4296 3507 4370 πρώτης
3551 4299 3753 4371 ἤνθησε

2177 4391 2435 4463 βλάστης,
2477 4390 2639 4455 εὐθὺς
2667 4393 2734 4463 τῇ
2766 4390 2974 4464 αἱρέσει
3005 4388 3099 4443 τοῦ
3127 4389 3244 4460 βίου
3271 4390 3474 4455 τέλειος
3502 4389 3754 4461 ἀνασχὼν

2175 4485 2272 4537 καὶ
2295 4483 2581 4553 ὐψίκομος.
2617 4482 2841 4538 Πάντων
2870 4481 2979 4553 γὰρ
3008 4480 3271 4545 ἀποστὰς,
3314 4482 3443 4552 περὶ
3481 4480 3517 4535 ἃ
3543 4480 3604 4535 τὸ
3636 4480 3755 4534 νέον

2175 4575 2274 4645 τῆς
2313 4575 2526 4646 ήλικίας
2570 4574 2869 4645 ἐπτόηται,
2919 4575 3183 4644 ἱππικῆς,
3220 4572 3593 4645 κυνηγεσίων,
3628 4572 3757 4626 καλ-

2174 4666 2563 4737 λωπισμάτων,
2591 4665 2709 4719 ὲνδυ
2718 4666 2918 4738 μάτων,
2943 4664 3190 4730 κυδείας,
3211 4666 3444 4738 τρυφῆς*
3460 4663 3621 4728 εὐθὺς
3637 4663 3758 4727 ὅλος

2174 4758 2275 4828 τῆς
2307 4758 2415 4812 τῶν
2448 4756 2662 4831 ἀρετῶν
2689 4758 2932 4829 κτήσεως
2962 4753 3061 4829 ἦν,
3092 4756 3154 4811 τὸ
3199 4757 3512 4829 πρόσφορον
3539 4756 3631 4812 ἀεὶ
3659 4756 3759 4827 τῆς

2177 4849 2459 4922 παρούσης
2486 4849 2635 4921 αὐτῷ
2660 4849 2876 4921 ήλικίας
2906 4850 3143 4921 καθεξῆς
3185 4847 3637 4921 προαιρούμενος.
3670 4848 3759 4902 Γί-

2176 4961 2323 5000 νεται
2370 4943 2426 4997 δὲ
2471 4942 2620 5014 αὐτῷ
2666 4941 2856 5015 πρώτη
2887 4942 2989 5013 τῆς
3028 4943 3273 5014 κτήσεως
3312 4940 3687 5013 τῶνλάρετῶν,
3723 4941 3757 5011 ή

2176 5033 2305 5106 περὶ
2331 5033 2429 5105 τὴν
2462 5032 2655 5103 σοφίαν
2700 5032 2927 5105 σπουδή.
2962 5031 3146 5103 Ταύτῃ
3188 5031 3246 5085 δὲ
3280 5031 3565 5086 συνείπετο
3590 5030 3759 5086 καθά-

2177 5142 2283 5196 περ
2333 5142 2419 5189 τις
2463 5125 2643 5189 πῶλος
2689 5124 3090 5196 συνεζευγμένη
3128 5127 3163 5197 ή
3213 5123 3575 5196 σωφροσύνη’
3620 5122 3759 5194 πρὸς

2176 5217 2464 5290 ἀμφότερα
2494 5217 2551 5271 δὲ
2587 5217 2874 5288 σύμμαχος
2914 5213 2983 5289 ἦν
3016 5218 3052 5288 ἡ
3080 5217 3376 5289 ἐγκράτεια
3401 5234 3414 5248 ·
3450 5214 3512 5270 τὸ
3535 5215 3593 5269 δὲ
3629 5217 3760 5271 ἄτυ-

2176 5323 2276 5377 φον
2306 5306 2455 5378 αὐτῷ
2484 5307 2579 5361 καὶ
2611 5306 2898 5380 ἀόργητον,
2924 5309 2992 5378 τῇ
3025 5307 3136 5361 τῶν
3159 5307 3458 5378 χρημάτων
3489 5304 3770 5378 ιῖιπερικῖιίᾳΔ

2186 5398 2655 5472 συγκατωροὼθη.
2709 5399 2786 5453 Οὐ
2839 5399 2948 5470 γάρ
2990 5398 3135 5452 ἐστιν
3177 5398 3312 5470 ἄλλη
3346 5397 3517 5467 τύφου
3555 5415 3615 5451 τε
3664 5396 3761 5451 καὶ

2183 5492 2561 5564 ὑπερηφανίας
2591 5491 2806 5560 γένεσις
2829 5531 2844 5557 ,
2889 5490 2964 5563 μὴ
2997 5492 3097 5562 τῆς
3136 5489 3451 5556 πλεονεξίας
3491 5492 3657 5562 ἑαυτῇ
3688 5489 3759 5543 τὰ

2183 5582 2409 5641 τοιαῦτα
2440 5582 2585 5656 πάθη
2626 5581 3068 5653 συνεισαγούσης.
3107 5580 3374 5656 Καθάπερ
3408 5580 3466 5635 δὲ
3519 5580 3611 5637 τὸν
3655 5597 3761 5640 πα-
