4132 6356
355 325 452 380 901

1324 317 1410 371 DE
1444 315 1605 370 VITA
1648 316 1706 374 S.
1752 314 2080 373 GREGORII
2134 314 2665 373 THAUMATURCI.

3515 316 3622 374 eoa

356 438 623 510 τριάρχην
661 432 916 505 ’Δϐραάμ
946 435 974 486 ὁ
1005 431 1161 500 λόγος
1208 434 1463 503 κατέχει,
1496 433 1599 503 τῆς
1630 432 1937 502 Χαλδαῖκῆς

2047 430 2224 500 perbia
2249 430 2483 493 exsistit,
2518 431 2622 485 nisi
2656 429 2907 497 avaritia,
2936 445 3163 500 remque
3191 443 3346 484 suam
3377 431 3620 501 qualibet

359 527 677 598 φιλοσοφίας
704 527 761 579 ὲν
791 526 1072 597 ἐπιστήμῃ
1100 524 1409 595 γενόμενον,
1444 525 1539 578 καὶ
1573 524 1670 596 τὴν
1705 523 1937 594 ἐναρμό-

358 622 472 675 νιόν
515 638 573 673 τε
610 619 705 673 καὶ
746 616 1090 687 τεταγμένην
1133 616 1239 669 τῶν
1282 616 1496 684 ἄστρων
1528 617 1938 686 κατανοήσαντα

361 713 509 767 θέσιν
565 710 660 764 καὶ
715 709 961 779 κίνησιν,
1002 706 1288 778 ὑποϐάθρᾳ
1335 707 1644 779 χρήσασθαι
1692 710 1757 778 τῇ
1809 707 1938 779 περὶ

298 790 303 793 ’
360 804 532 860 ταῦτα
556 800 754 871 γνώσει
781 800 917 871 πρὸς
938 798 1034 869 τὴν
1054 798 1147 852 τοῦ
1170 798 1566 868 ὑπερκειμένου
1588 798 1791 866 ἀγαθοῦ
1815 797 1939 850 θεω-

364 895 503 966 ρίαν,
525 891 903 962 λογισάμενον,
921 889 995 952 ὠς
1010 890 1139 941 είτά
1160 889 1223 958 τῆ
1238 888 1485 959 αἰσθήσει
1501 888 1679 960 ληπτά
1692 888 1936 954 τοιαῦτα,

362 984 507 1038 τίειν
544 982 631 1054 εἴη
664 980 734 1034 τά
778 981 919 1050 ὑπὲρ
949 978 1240 1050 αῖσΟησιν;
1274 980 1366 1031 καὶ
1412 979 1585 1041 οὕτως
1626 979 1719 1032 τοῦ
1750 980 1940 1050 ζητου-

366 1078 531 1148 μένου
580 1076 784 1145 τυχεῖν,
832 1070 943 1126 οἷον
990 1070 1254 1125 ἐπιϐάντα
1299 1071 1400 1140 τῆς
1432 1071 1536 1135 ἔξω
1579 1071 1767 1140 σοφίας
1795 1112 1808 1135 ι
1846 1072 1941 1126 καὶ

363 1169 652 1237 γενόμενον
686 1166 752 1218 δι’
787 1164 955 1233 αὑτῆς
1004 1163 1350 1234 ὑψηλότερον,
1402 1162 1542 1216 ὥστε
1583 1164 1941 1233 προσεγγίσαι

360 1260 562 1330 τρόπον
610 1256 734 1310 τινὰ
781 1256 847 1309 δι’
886 1254 1056 1324 αὑτῆς
1094 1258 1206 1317 τοῖς
1248 1253 1542 1324 ἀλήπτοις⁶
1590 1253 1732 1306 οὑτω
1779 1255 1874 1306 καὶ
1914 1256 1943 1307 ὁ

362 1349 551 1419 Μέγας
581 1340 769 1412 οὗτος,
800 1350 866 1418 τῇ
901 1345 1004 1412 ἔξω
1040 1346 1329 1416 φιλοσοφίᾳ
1369 1346 1433 1398 δι’
1465 1345 1783 1415 ἐπιμελείας
1819 1346 1943 1399 καο-

361 1442 648 1513 ομιλήσας,
660 1439 725 1493 δι’
747 1432 821 1492 ὧν
836 1440 863 1490 ὁ
876 1438 1232 1508 Ἑλληνισμὸς
1255 1440 1365 1500 τοῖς
1382 1435 1592 1500 πολλοῖς
1610 1436 1941 1506 βεϐαιοῦται,

361 1536 451 1588 διά
487 1534 695 1587 τούτων
735 1531 991 1602 ὠδηγήθη
1038 1530 1174 1602 πρὸς
1219 1530 1316 1600 τήν
1360 1529 1455 1583 τοῦ
1510 1529 1941 1602 Χριστιανισμοῦ

363 1625 713 1695 κατανόησιν,
744 1624 837 1676 καὶ
873 1620 1188 1674 καταλιπὼν
1223 1621 1320 1691 τὴν
1366 1621 1792 1692 πεπλανημένην
1835 1620 1943 1673 τῶν

363 1719 615 1790 πατέρων
637 1716 954 1787 θρησκείαν,
984 1714 1169 1786 ἐζήτει
1196 1715 1295 1785 τὴν
1329 1713 1438 1767 τῶν
1468 1714 1636 1767 ὄντων
1665 1713 1940 1784 ἀλήθειαν,

362 1812 423 1876 ἐξ
446 1808 629 1864 αὑτῶν
666 1807 774 1861 τῶν
801 1806 1194 1876 πεπονημένων
1222 1808 1333 1868 τοῖς
1357 1804 1555 1869 ἔξωθεν
1588 1804 1855 1874 διδαχθεὶς
1881 1806 1941 1859 τὸ
1973 1802 2015 1857 Β

360 1901 471 1954 τῶν
516 1898 842 1968 Ἑλληνικῶν
878 1897 1165 1967 δογμάτων
1202 1896 1528 1949 ἀσύστατον.
1577 1895 1795 1966 Ἐπειδὴ
1832 1895 1943 1968 γάρ

364 1991 501 2046 εἶδεν
524 1990 659 2063 πρὸς
680 1990 966 2060 διαφόρους
988 1988 1284 2058 ὑπολήψεις
1306 1990 1362 2041 ὲν
1383 1991 1501 2051 ταῖς
1522 2005 1588 2041 πε
1599 1986 1651 2059 pl.
1674 1986 1767 2041 τοῦ
1787 1988 1943 2043 Θείου

363 2085 542 2149 δόξαις
571 2082 898 2154 σχιζομένην
927 2081 1026 2153 τὴν
1054 2082 1373 2154 Ἑλληνικὴν
1406 2083 1500 2135 καὶ
1540 2083 1637 2155 τὴν
1670 2082 1943 2155 βάρϐαρον

363 2175 561 2246 ὁμοίως
584 2174 920 2245 φιλοσοφίαν,
946 2173 1039 2225 καὶ
1062 2173 1189 2236 τοὺς
1221 2173 1328 2226 τῶν
1354 2172 1642 2242 δογμάτων
1672 2191 1944 2245 προεστη-

366 2267 548 2330 κότας,
575 2264 697 2319 οὔτε
722 2266 855 2337 πρὸς
880 2264 1143 2334 ἀλλήλους
1170 2266 1584 2335 συμϐαίνοντας,
1628 2268 1721 2319 καὶ
1743 2267 1802 2319 τὸ
1823 2266 1943 2320 καθ’

364 2360 555 2413 ἑαυτὸν
600 2360 828 2413 ἕκαστον
862 2358 1151 2431 κρατύνειν
1192 2360 1258 2429 τῇ
1308 2360 1559 2429 περινοίᾳ
1603 2359 1713 2412 τῶν
1765 2359 1943 2427 λόγων

364 2451 833 2518 φιλονεικοῦνταςο
866 2450 1091 2513 τούτους
1126 2451 1225 2521 μὲν
1260 2449 1451 2523 ὥσπερ
1483 2453 1541 2505 ὲν
1575 2451 1823 2524 ἐμφυλίῳ
1850 2470 1947 2505 πο-

364 2541 535 2613 λέμῳ,
562 2542 652 2594 ὑπ’
671 2540 915 2611 ἀλλήλων
940 2540 1410 2611 ἀνατρεπομένους
1431 2541 1723 2595 κατέλιπεν
1744 2558 1757 2571 ·
1788 2558 1949 2594 κατα-

363 2635 631 2705 λαμϐάνει
660 2634 717 2687 δὲ
750 2633 843 2686 τὸν
876 2632 1088 2686 ἑστῶτα
1114 2632 1271 2700 λόγον
1295 2632 1393 2702 τῆς
1426 2634 1696 2697 πίστεως,
1743 2633 1835 2686 τὸν
1858 2633 1946 2686 ούο

362 2726 525 2796 δεμιᾷ
556 2724 750 2795 λογικῇ
779 2742 884 2777 τινι
917 2723 1211 2795 περιεργία
1260 2724 1355 2777 καὶ
1397 2727 1672 2793 τεχνικαῖς
1720 2724 1947 2788 πλοκαῖς

364 2816 786 2886 κρατυνόμενον,
812 2814 947 2869 ἀλλά
969 2814 1035 2868 δι’
1054 2814 1357 2885 ἁπλότητος
1384 2814 1647 2885 ῥημάτων
1669 2815 1948 2885 ὁμοτίμως

365 2911 500 2962 πᾶσι
537 2907 1043 2979 καταγγελλόμενον
1070 2924 1083 2938 ·
1108 2907 1167 2971 ὃς
1191 2909 1250 2960 ὲν
1275 2905 1423 2977 αύτῷ
1450 2906 1528 2979 τῷ
1555 2907 1696 2979 ὑπὲρ
1719 2907 1818 2979 τὴν
1860 2908 1949 2961 πί-

367 3020 483 3056 στιν
519 2998 692 3064 είναι,
715 3001 776 3054 τὸ
799 3001 991 3053 πιστὸν
1024 2998 1156 3070 ἔχει.
1186 3000 1248 3052 Εἰ
1272 2999 1380 3071 γὰρ
1408 2998 1648 3053 τοιοῦτον
1671 2996 1739 3071 ῆν
1768 3001 1828 3053 τὸ
1860 3001 1949 3054 λε-

363 3094 615 3164 γόμενον,
660 3090 737 3154 ὡς
774 3092 842 3161 τῇ
872 3088 982 3142 τῶν
1018 3088 1375 3160 ἀνθρωπίνων
1413 3088 1691 3159 λογισμῶν
1719 3089 1943 3160 δυνάμει

363 3181 907 3253 καταλαμϐάνεσθαι,
951 3179 1102 3232 οὐδὲν
1145 3177 1211 3231 ἂν
1244 3178 1357 3259 ’τῆς
1398 3178 1722 3250 Ἑλληνικῆς
1755 3182 1945 3251 σοφίας

362 3275 611 3345 διήνεγκε
650 3272 933 3341 (κάκεῖνοι
960 3269 1089 3342 γὰρ,
1121 3270 1256 3341 ὅπερ
1284 3268 1350 3323 ἂν
1382 3270 1707 3324 καταλαϐεῖν
1735 3272 1943 3343 ὲξισχύυ

366 3382 555 3434 σωσιν,
591 3366 769 3418 ἐκεῖνο
802 3364 896 3417 καὶ
924 3357 1063 3415 εἶναι
1093 3362 1474 3431 δοξάζουσιν),
1514 3362 1634 3415 ἐπεὶ
1662 3362 1719 3415 δὲ
1757 3363 1949 3417 ἀνεπί-

366 3459 529 3523 ϐατός
559 3460 675 3512 ἐστι
710 3457 990 3527 λογισμοῖς
1016 3454 1381 3526 ἀνθρωπίνοις
1411 3455 1507 3524 τῆς
1549 3454 1950 3527 ὑπερκειμένης

366 3551 582 3619 φύσεως
608 3553 641 3621 ή
672 3547 997 3619 κατάληψις,
1028 3545 1217 3599 τούτου
1247 3546 1408 3617 χάριν
1438 3548 1471 3617 ή
1494 3546 1676 3610 πίστις
1703 3546 1824 3600 ἀντ)⁸
1842 3547 1949 3600 τῶν

371 3641 646 3711 λογισμῶν
674 3639 905 3709 γίνεται,
928 3639 1040 3700 τοῖς
1072 3636 1210 3707 ὑπὲρ
1242 3636 1397 3703 λόγον
1428 3652 1489 3687 τε
1520 3634 1614 3688 καί⁷
1645 3634 1950 3706 κατάληψιν

368 3733 568 3805 ἑαυτὴν
607 3731 1015 3786 ὲπεκτείνουσα.
1059 3728 1158 3781 Διά
1205 3726 1415 3791 ταῦτα,
1459 3727 1643 3791 καθὼς
1690 3728 1819 3800 περὶ
1854 3726 1948 3781 τοῦ

366 3826 646 3888 Μωῦσέως
670 3824 832 3895 φησὶν
870 3824 902 3895 ἡ
932 3821 1144 3894 Γραφή,
1176 3821 1258 3874 ὅτι
1292 3820 1586 3891 ἐπαιδεύθη
1614 3820 1761 3892 πάσῃ
1788 3820 1949 3891 σοφία

364 3917 474 3971 τῶν
504 3916 818 3984 Αἰγυπτίων
836 3929 850 3944 °
874 3913 1047 3977 οὑτως
1073 3911 1165 3966 καὶ
1192 3913 1221 3965 ὁ
1245 3911 1429 3981 Μέγας
1450 3906 1625 3975 οὗτος,
1656 3910 1745 3964 διὰ
1770 3911 1951 3981 πάσης

367 4007 537 4062 ὲλθὼν
565 4010 665 4079 τῆς
700 4006 811 4060 τῶν
846 4005 1115 4076 Ἐλλήνων
1156 4002 1512 4066 παιδεύσεως,
1558 4002 1651 4055 καὶ
1692 4001 1856 4070 γνοὺς
1880 4003 1947 4072 τῇ

369 4101 539 4171 πείρᾳ
571 4098 682 4152 τῶν
730 4097 860 4167 παρ’
914 4097 1098 4157 αὑτοῖς
1140 4094 1429 4164 δογμάτων
1472 4094 1534 4146 τὸ
1572 4084 1808 4157 ¹ἀσθενὲς
1855 4094 1949 4146 καὶ

370 4189 694 4253 ἀσύστατον,
726 4186 972 4258 μαθητὴς
995 4184 1089 4238 τοῦ
1115 4182 1446 4252 Εὑαγγελίου
1469 4181 1828 4237 καθίσταται*
1856 4183 1951 4237 καὶ

371 4280 503 4351 πρὶν
536 4279 768 4349 ἀχθῆναι
807 4276 898 4329 διὰ
933 4277 1031 4346 τῆς
1087 4275 1359 4345 μυστικῆς
1402 4291 1461 4327 τε
1512 4275 1609 4327 καὶ
1655 4273 1948 4344 ἀσωμάτου

371 4373 712 4440 γεννήσεως,
769 4366 942 4429 οὑτως
987 4364 1273 4434 κατώρθου
1305 4363 1397 4416 τὸν
1446 4362 1582 4432 βίον,
1628 4363 1705 4426 ῶς
1746 4363 1950 4435 μηδένα

372 4460 541 4533 ῥύπον
570 4460 666 4530 τῆς
697 4456 972 4528 ἁμαρτίας
1015 4455 1108 4508 ἐπὶ
1138 4455 1199 4507 τὸ
1239 4453 1464 4525 λουτρὸν
1510 4453 1947 4523 εἰσενέγκασθαι.

371 4550 553 4621 Οὔσης
582 4550 639 4603 δὲ
675 4548 824 4620 αύτῷ
858 4547 958 4618 τῆς
983 4546 1258 4616 διαγωγῆς
1290 4547 1349 4599 ὲν
1382 4544 1644 4617 Αἰγύπτῳ
1676 4547 1820 4601 κατά
1854 4546 1953 4619 τὴν

376 4645 617 4716 μεγάλην
646 4641 742 4696 τοῦ
782 4642 1133 4713 Ἀλεξάνδρου
1159 4640 1335 4705 πόλιν,
1362 4641 1443 4703 είς
1470 4641 1537 4712 ἢν
1566 4641 1659 4693 καὶ
1691 4643 1724 4711 ή
1750 4658 1954 4694 παντα-

372 4736 529 4807 χόθεν
570 4734 816 4807 συνέρρει
853 4733 1044 4805 νεότης
1085 4733 1194 4786 τῶν
1235 4732 1366 4804 περὶ
1408 4731 1727 4802 φιλοσοφίαν
1755 4749 1816 4785 τε
1859 4733 1954 4786 καὶ

376 4828 623 4899 ἰατρικήν
673 4826 1085 4879 ἐσπουδακότων
1108 4843 1122 4857 ·
1186 4825 1425 4896 χαλεπὸν
1466 4820 1537 4896 ῆν
1581 4827 1693 4889 τοῖς
1736 4825 1954 4899 ὁμήλιξι

372 4922 585 4992 θέαμα,
633 4920 753 4982 νέος
794 4917 937 4988 ὑπὲρ
981 4917 1079 4988 τὴν
1125 4918 1341 4988 ἡλικίαν
1378 4920 1445 4989 τῇ
1492 4916 1818 4990 σωφροσύνῃ
1862 4934 1954 4971 κο-

375 5012 702 5084 σμούμενος.
744 5010 803 5063 'U
835 5010 946 5079 γὰρ
989 5008 1084 5062 τοῦ
1116 5008 1511 5077 καθαρεύοντος
1555 5008 1776 5073 ἔπαινος
1799 5050 1813 5073 ,
1843 5008 1953 5063 τῶν

378 5103 755 5176 μολυνομένων
804 5100 1007 5164 meo;
1039 5095 1127 5170 ῆν.
1186 5099 1273 5161 Ὠς
1309 5099 1375 5153 ἂν
1426 5095 1519 5153 οὖν
1568 5099 1833 5168 ἀπολογία
1866 5116 1953 5161 τις

375 5196 459 5265 εἴη
483 5198 594 5258 τοῖς
624 5192 965 5256 ἀκολάστοις,
992 5190 1055 5244 τὸ
1079 5190 1153 5262 μὴ
1187 5191 1379 5262 μόνους
1398 5191 1593 5254 αὐτοὺς
1618 5186 1755 5243 εἶναι
1776 5190 1953 5243 δοκεῖν

374 5287 669 5351 τοιούτους,
699 5286 913 5339 ἐπίνοιά
939 5302 1024 5348 τις
1063 5281 1124 5348 ἐξ
1164 5282 1455 5355 ἐπιϐουλῆς
1489 5284 1619 5355 παρ’
1649 5283 1827 5338 αὐτῶν
1853 5285 1952 5336 ὲπ-

375 5379 697 5451 εσκευάσθη,
722 5378 815 5432 τοῦ
835 5378 1026 5450 μῶμόν
1052 5394 1172 5431 τινα
1195 5374 1272 5446 τῷ
1294 5375 1393 5447 βίῳ
1411 5376 1506 5429 τοῦ
1525 5376 1776 5445 Μεγάλου
1792 5392 1959 5447 προσ-

376 5466 689 5538 τρίψασθαι.
729 5468 837 5521 Καὶ
870 5466 1230 5539 προϐάλλεται
1264 5465 1395 5536 παρ’
1424 5464 1625 5528 αὑτῶν,
1660 5467 1740 5528 είς
1776 5466 1955 5519 διαϐο-

376 5559 474 5629 λὴν
517 5557 728 5611 ἐκείνου
753 5596 768 5621 ,
820 5558 1041 5628 γύναιον
1084 5556 1398 5631 ἑταιρικὸν,
1438 5554 1499 5621 ἐξ
1538 5557 1833 5628 οἰκήματος
1865 5558 1952 5611 ἐπ’

481 5738 500 5769 ’⁸
527 5738 648 5790 Act.
681 5734 887 5801 υκαι.

2040 520 2251 575 ratione
2286 522 2515 591 augendi
2546 520 2786 574 studium
2825 520 3094 590 ejusmodi
3128 520 3260 575 vitia
3293 537 3399 575 una
3430 537 3618 577 secum

2040 610 2285 666 inducat.
2312 611 2780 677 Quemadmodum
2820 622 3001 667 autem
3028 612 3169 667 fama
3202 620 3350 668 tenet
3382 614 3620 684 patriar-

2039 704 2197 758 chani
2224 703 2600 757 Abrahamum
2632 702 2941 759 Chaldaicze
2976 704 3332 775 pliil030phize
3392 705 3622 760 scientia

2041 796 2352 867 praeditum,
2384 810 2509 850 cum
2559 798 2915 860 concinnum,
2978 806 3188 867 aptum.
3242 805 3445 863 ratum,
3494 812 3625 852 con-

2040 896 2302 952 stantem,
2357 896 2589 954 certum,
2641 888 3061 959 ordinatumque
3096 889 3259 942 situm
3297 903 3361 941 ac
3414 899 3621 944 motum

2042 982 2283 1038 siderum
2316 983 2816 1050 animadvertisset,
2849 986 3041 1039 harum
3072 1000 3252 1039 rerutn
3309 985 3624 1054 cognitione

2043 1083 2300 1143 tanquam
2335 1075 2481 1129 scala
2535 1085 2698 1146 atque
2755 1076 3089 1131 adminiculo
3123 1091 3282 1131 usum
3337 1074 3510 1131 fuisse
3555 1076 3623 1131 ad

2043 1169 2226 1238 superi
2261 1168 2388 1223 boni
2424 1170 2965 1239 contemplationem,
3002 1185 3123 1223 cum
3155 1177 3454 1239 reputaret,
3474 1169 3623 1239 quod

2044 1261 2087 1313 si
2126 1276 2188 1313 ea
2223 1275 2345 1330 quae
2397 1276 2561 1316 sensu
2621 1261 3180 1331 comprehenduntur,
3237 1262 3363 1316 talia
3414 1268 3622 1326 essent,

2043 1353 2205 1420 quale
2239 1368 2361 1408 esse
2393 1362 2576 1424 posset
2606 1353 2682 1419 id,
2723 1355 2866 1425 quod
2897 1369 3117 1409 sensum
3154 1362 3379 1424 superat
3416 1372 3429 1409 :
3462 1365 3627 1424 atque

2043 1446 2118 1499 ita
2150 1455 2464 1501 assecutum
2518 1446 2743 1509 esscid.
2793 1447 2937 1517 quod
2996 1447 3297 1517 quaarebat,
3348 1462 3472 1500 cum
3525 1461 3624 1499 ex-

2045 1547 2255 1594 ternam
2291 1540 2612 1607 sapientlam
2640 1537 2795 1608 quasi
2825 1537 3257 1599 conscendisset,
3280 1551 3343 1589 ac
3374 1551 3469 1605 per
3501 1550 3622 1589 eam

2047 1629 2340 1687 sublimior
2363 1630 2651 1692 evasisset,
2688 1639 2745 1683 ut
2772 1631 2939 1685 rebus
2971 1628 3624 1701 incomprehensibilibus

2046 1734 2100 1777 et
2132 1733 2348 1794 captum
2382 1722 2769 1793 eﬂ'ugientibus
2803 1739 2899 1793 per
2932 1723 3077 1776 illam
3109 1720 3514 1792 quodammodo
3532 1735 3628 1788 ap-

2046 1816 2438 1887 propinquaret
2476 1835 2489 1870 :
2534 1816 2607 1870 ita
2640 1816 2804 1870 etiam
2837 1814 3065 1886 Magnus
3112 1815 3236 1877 iste,
3267 1828 3392 1866 cum
3428 1811 3482 1865 in
3526 1827 3628 1866 ex-

2044 1917 2213 1964 ternae
2268 1910 2552 1980 sapientiae
2604 1909 2788 1964 studio
2820 1909 3111 1978 diligenter
3169 1913 3425 1961 versatus
3458 1911 3623 1968 esset,

2045 2014 2140 2069 per
2172 2013 2309 2068 quas
2339 2014 2427 2053 res
2454 1997 2699 2068 plerique
2730 2013 2949 2053 errores
2975 1995 3288 2051 Grtecorum
3320 1994 3631 2065 gentilium-

2046 2106 2153 2160 que
2180 2090 2466 2146 stabiliunt
2494 2097 2658 2160 atque
2708 2087 3059 2153 confirmant,
3126 2088 3194 2143 iis
3243 2087 3409 2143 rebus
3468 2086 3627 2156 quasi

2045 2181 2281 2237 ducibus
2301 2191 2354 2236 et
2383 2180 2657 2236 indicibus
2689 2196 2821 2237 usus
2850 2188 2933 2236 est
2963 2180 3027 2234 ad
3051 2178 3377 2235 Christiana:
3406 2178 3630 2249 religio-

2048 2272 2132 2326 nis
2159 2270 2548 2343 cognitionem,
2581 2287 2644 2325 ac
2678 2270 2865 2325 relicta
2895 2270 3033 2325 falsa
3065 2277 3348 2340 parentum
3384 2283 3448 2322 ac
3507 2283 3627 2322 ma-

2042 2361 2226 2431 jorum
2260 2361 2543 2432 religione,
2581 2377 2763 2415 rerum
2799 2360 3083 2415 veritatem
3110 2360 3493 2429 quzerebat,ex
3519 2357 3629 2413 illis

2048 2449 2181 2519 ipsis
2206 2466 2328 2520 qua:
2372 2450 2442 2504 ab
2491 2450 2734 2505 externis
2773 2449 3115 2520 philosophis
3158 2449 3438 2504 elaborata
3475 2457 3628 2511 sunt,

2048 2541 2297 2605 edoctus,
2337 2556 2501 2610 quam
2548 2555 2656 2594 non
2705 2540 3011 2596 consistere
3065 2539 3312 2611 possint,
3354 2554 3629 2609 quamque

2048 2646 2242 2700 parum
2301 2629 2406 2685 sibi
2460 2637 2717 2684 constent
2779 2629 3064 2685 sententia:
3120 2637 3285 2699 atque
3333 2627 3630 2697 opiniones

2049 2720 2381 2776 Gmcanicze
2432 2722 2717 2776 doctrinae.
2756 2720 3117 2791 Posteaquam
3173 2722 3321 2775 enim
3378 2718 3629 2773 animad-

2048 2810 2541 2868 vertitGraecorum
2572 2811 2735 2867 simul
2755 2826 2819 2865 ac
2844 2812 3204 2866 barbarorum
3228 2811 3630 2881 philosophiam

2050 2906 2104 2959 in
2157 2905 2224 2960 iis
2273 2904 2585 2967 sententiis,
2633 2904 2835 2973 quibus
2885 2904 2953 2959 de
3010 2904 3237 2958 numine
3276 2903 3470 2958 divino
3498 2904 3629 2974 quid

2052 2997 2400 3052 sentiendum
2433 2998 2503 3051 sit
2529 3004 2797 3059 statuunt,
2841 2996 2893 3050 in
2921 2994 3169 3051 diversas
3204 2995 3382 3051 scindi
3412 2996 3631 3067 opinio-

2051 3104 2149 3144 nes
2174 3105 2189 3149 ;
2217 3103 2519 3158 earumque
2559 3086 2952 3142 sententiarum
2986 3086 3460 3158 prwrsidesmeque
3489 3088 3634 3142 inter

2049 3195 2172 3236 sese
2203 3193 2508 3251 congruere
2540 3189 2704 3249 atque
2732 3178 3090 3242 concordare,
3126 3187 3180 3233 et
3220 3179 3407 3235 solerti
3437 3181 3629 3250 exqui-

2048 3272 2263 3342 sitaque
2316 3270 2609 3326 verborum
2637 3279 2689 3325 et
2722 3277 3169 3341 argumentorum
3228 3272 3632 3340 cxcogitatione

2048 3379 2203 3419 suam
2263 3378 2712 3432 unumquemque
2777 3360 3104 3417 sententiam
3154 3361 3407 3416 stabilire
3464 3369 3632 3431 atque

2048 3457 2376 3512 conﬁrmare
2397 3455 2620 3521 conari;
2642 3454 2743 3510 hos
2774 3453 3013 3523 quidem,
3041 3461 3299 3521 tanquam
3326 3452 3632 3510 domestico

2049 3549 2194 3604 bello
2221 3563 2280 3602 se
2319 3547 2552 3601 invicem
2587 3553 2897 3601 evertentes
2917 3554 2971 3600 et
3001 3544 3355 3600 conﬁcientes
3386 3546 3629 3617 reliquit.

2048 3640 2411 3710 Consequitur
2440 3650 2619 3693 autem
2651 3645 2705 3694 et
2731 3636 3080 3707 amplectitur
3106 3636 3498 3693 consistentem
3517 3645 3634 3692 sta-

2049 3732 2321 3802 bilemque
2352 3746 2415 3785 ac
2445 3731 2658 3785 ﬁrmum
2681 3729 2805 3784 ﬁdei
2832 3743 3164 3793 sermonem,
3188 3728 3279 3798 qui
3299 3743 3407 3782 non
3435 3728 3634 3799 exqui-

2050 3826 2153 3879 sita
2183 3823 2420 3893 quadam
2476 3830 2639 3891 atque
2673 3820 3002 3875 redundanti
3044 3820 3339 3875 verborum
3394 3822 3633 3876 curiosi-

2049 3922 2181 3976 tate.
2222 3922 2279 3968 ct
2315 3913 2632 3968 artiﬁciosis
2683 3913 2916 3967 nexibus
2948 3920 3397 3981 argumentorum
3431 3914 3634 3967 conﬁr-

2050 4014 2254 4069 matur,
2282 4004 2376 4058 sed
2403 4019 2501 4074 per
2526 4003 2935 4073 simplicitatem
2960 4003 3250 4057 verborum
3280 4004 3538 4059 omnibus
3562 4019 3632 4059 ex

2050 4110 2209 4166 inquo
2247 4095 2604 4148 annuntiatur
2633 4111 2647 4147 :
2679 4092 2772 4163 qui
2827 4093 2882 4146 in
2931 4093 3036 4147 hoc
3090 4092 3236 4161 ipso,
3272 4093 3418 4163 quod
3463 4109 3631 4164 supra

2052 4186 2210 4241 ﬁdem
2234 4196 2338 4250 est,
2374 4185 2479 4238 vim
2514 4183 2635 4238 ﬁdei
2673 4183 2938 4239 faciendae
2971 4183 3135 4238 habet
3166 4201 3180 4250 ;
3215 4199 3341 4237 nam
3374 4184 3420 4239 si
3451 4184 3528 4248 id,
3563 4184 3632 4240 de

2052 4297 2161 4352 quo
2197 4293 2379 4336 sermo
2406 4278 2659 4340 habetur,
2677 4276 2945 4346 ejusmodi
2984 4285 3150 4341 esset,
3176 4285 3234 4330 ut
3267 4278 3628 4333 humanarum

2053 4374 2104 4427 vi
2145 4370 2417 4425 rationum
2441 4377 2493 4423 et
2529 4370 3054 4439 argumentationum
3090 4370 3476 4440 comprehendi
3502 4386 3631 4439 pos-

1981 4475 2029 4534 υ
2055 4474 2158 4529 set,
2187 4463 2325 4518 nihil
2373 4479 2403 4516 a
2450 4461 2765 4516 Graecanica
2796 4462 3063 4531 sapientia
3113 4462 3355 4517 diﬁerret
3392 4462 3538 4532 (nam
3573 4472 3630 4518 et

2057 4557 2133 4613 illi
2189 4555 2558 4626 quodcunque
2614 4552 3079 4623 comprehendere
3134 4553 3435 4618 valuerint,
3493 4553 3627 4608 illud

2054 4649 2219 4705 etiam
2269 4660 2392 4702 esse
2426 4642 2704 4708 censent),
2755 4643 2851 4698 sed
2882 4645 3142 4713 quoniam
3185 4660 3305 4699 eam
3348 4652 3627 4709 naturam,

2054 4756 2173 4811 qua?
2205 4739 2259 4793 in
2300 4736 2515 4808 superis
2570 4734 2794 4791 sedibus
2825 4735 2986 4790 rebus
3040 4735 3295 4805 praesidet
3332 4736 3627 4800 universis,

2053 4832 2416 4903 cogitationes
2469 4835 2523 4883 et
2560 4828 2799 4881 rationes
2847 4826 3099 4881 humanae
3129 4827 3347 4896 assequi
3390 4835 3446 4882 et
3477 4841 3629 4881 com-

2056 4921 2400 4996 prehendere
2442 4935 2551 4975 non
2602 4927 2863 4990 possunt;
2897 4918 3105 4973 idcirco
3152 4917 3289 4973 ﬁdes
3334 4919 3388 4972 in
3446 4919 3628 4973 locum

2053 5015 2328 5069 rationum
2380 5010 2662 5075 succedit,
2694 5011 2760 5066 ad
2791 5026 2876 5075 ea,
2898 5026 3018 5081 qua:
3050 5018 3311 5080 superant
3358 5011 3625 5065 rationein

2052 5114 2107 5160 et
2136 5103 2681 5174 comprehensionem
2708 5142 2723 5165 ,
2750 5104 2986 5158 enitens.
3032 5100 3323 5173 Propterea
3369 5105 3630 5173 quemad-

2051 5194 2276 5249 modum
2308 5194 2376 5248 de
2426 5192 2610 5264 Moyse
2637 5192 2769 5246 dicit
2814 5192 3099 5261 Scriptura
3128 5193 3168 5259 ⁸,
3199 5194 3345 5263 quod
3378 5195 3627 5250 eruditus

2056 5293 2205 5339 esset
2257 5282 2407 5338 omni
2452 5282 2720 5353 sapientia
2751 5281 3130 5353 Aigyptiorum
3159 5303 3172 5339 :
3208 5285 3283 5339 ita
3312 5284 3477 5339 etiam
3511 5302 3622 5339 ma-

2057 5392 2199 5448 gnus
2228 5377 2332 5431 iste
2360 5376 2464 5441 vir,
2500 5391 2623 5430 cum
2672 5391 2886 5430 omnem
2918 5375 3231 5433 Graecorum
3265 5378 3626 5436 eruditionem

2056 5480 2121 5522 ac
2140 5467 2486 5537 disciplinam
2518 5475 2895 5536 perscrutatus
2921 5476 3085 5533 esset,
3108 5469 3358 5541 factoque
3382 5472 3629 5542 periculo

2055 5557 2361 5626 didicisset,
2393 5572 2555 5628 quam
2593 5556 2822 5614 inﬁrmae
2874 5575 3063 5615 eorum
3117 5562 3404 5633 opiniones
3464 5570 3630 5633 atque
