4132 6356
362 386 471 447 (νοις

1349 388 1435 442 DE
1470 388 1629 445 VITA
1663 390 1722 445 S.
1763 385 2093 449 GREGORII
2141 392 2670 454 TIIAUMATURGI.

3499 398 3605 456 906

364 503 787 576 πραγμονθύσης
828 503 920 556 τὸν
956 502 1070 573 βίον
1091 541 1105 566 ,
1137 505 1198 556 οὑ
1235 506 1440 575 πατρὸς
1465 506 1916 577 παιδαγωγοῦντα

2041 512 2211 567 sobrii
2244 526 2487 583 sanaque
2520 524 2702 571 mente
2731 516 2941 584 priediti
2974 531 3081 570 non
3115 527 3321 579 essent,
3353 533 3478 571 cum
3503 535 3608 576 nec

363 599 462 666 τὴν
491 597 609 648 καθ’
640 596 851 666 ἡμέραν
884 595 1028 666 ζωήν
1054 612 1068 626 ⁸
1112 597 1189 658 είς
1221 598 1471 651 τοσοῦτον
1515 601 1719 668 ἐπῆρεν
1749 600 1935 653 ἑαυτὸν

361 685 429 738 δι’
458 681 724 745 ἀπαθείας
745 681 881 753 πρὸς
908 682 1130 755 ἀρετὴν,
1161 684 1236 745 ὡς
1259 685 1349 738 τὸν
1370 684 1465 738 τοῦ
1491 691 1691 751 παντὸς
1720 688 1933 760 ἔφορον,

367 776 617 846 μάρτυρα
653 773 764 825 τῶν
807 772 1151 843 βεϐιωμένων
1196 777 1550 845 ποιήσασθαι,
1591 780 1681 832 τὸν
1724 784 1789 851 τῇ
1839 799 1934 835 πο·-

363 868 503 936 νηρᾷ
533 866 707 935 πληγῇ
746 866 843 934 τὴν
875 865 1239 934 συκοφαντίαν
1270 869 1369 936 τῆς
1400 870 1658 936 γυναικὸς
1699 872 1931 940 ἀπελέγ-

362 957 548 1022 ξαντα.
579 957 688 1010 Καὶ
717 957 770 1009 τί
792 958 857 1011 ἀν
883 972 967 1020 τις
996 959 1300 1027 ἐπινοήσειε
1329 962 1509 1029 μεῖζον
1535 963 1615 1025 είς
1644 965 1931 1034 ἐγκωμίων

364 1046 649 1109 ὑπόθεσινς
693 1046 807 1109 πῶς
846 1047 889 1099 δ’
928 1048 992 1101 ἄν
1036 1065 1117 1111 τις
1162 1049 1282 1102 κατ’
1331 1050 1487 1116 ἀξίαν
1531 1054 1691 1107 αὑτὸν
1721 1055 1932 1127 θαυμά-

362 1153 534 1198 σειεν;
569 1138 662 1198 ὐς
696 1137 774 1207 τῷ
825 1138 967 1208 λόγῳ
1017 1141 1428 1205 καταπαλαίσας
1477 1142 1574 1214 τὴν
1627 1146 1785 1214 φύσιν
1838 1149 1930 1201 καὶ

363 1225 615 1295 καθάπερ
642 1243 695 1278 τι
731 1227 838 1279 τῶν
863 1229 1187 1298 ὑποχειρίων
1218 1229 1368 1294 ζώων
1404 1231 1704 1297 ὑποζεύξας
1730 1234 1809 1304 τῷ
1843 1236 1931 1289 λο-

361 1318 545 1388 γισμῷ
581 1318 678 1388 τὴν
706 1320 965 1389 νεότητα,
1011 1322 1105 1373 καὶ
1149 1323 1365 1377 πάντων
1412 1326 1519 1377 τῶν
1553 1328 1797 1394 φυσικῶν
1835 1330 1930 1382 έπ-

360 1408 721 1479 εγειρομένων
744 1410 887 1480 παθη
896 1411 1079 1478 μάτων
1105 1414 1366 1482 κρείττων
1392 1416 1699 1486 γενόμενος,
1720 1418 1813 1469 καὶ⁹
1838 1418 1929 1471 τὸν

359 1501 493 1552 πᾶσι
534 1504 645 1563 τοῖς
696 1501 881 1565 καλοῖς
932 1504 1293 1573 ἐπιφυόμενον
1333 1506 1525 1573 φθόνον
1576 1508 1696 1561 καθ’
1734 1509 1927 1563 ἑαυτοῦ

356 1591 618 1659 κινήσας,
651 1592 744 1643 καὶ
786 1591 973 1645 τούτου
1027 1594 1289 1664 κρείττων
1331 1595 1574 1663 ἐγένετο,
1609 1601 1745 1668 μήτε
1791 1600 1927 1670 πρὸς

354 1679 452 1749 τὴν
492 1681 780 1753 ἐπιϐουλὴν
804 1682 911 1735 τῶν
936 1685 1167 1755 ἑταίρων
1196 1687 1385 1741 ἑαυτὸν
1408 1686 1769 1759 διαναστήσας
1792 1691 1927 1762 πρὸς

354 1772 585 1841 ἄμυναν,
618 1774 712 1825 καὶ
747 1773 844 1843 τὴν
882 1775 1373 1847 ὑπηρετησαμένην
1410 1778 1638 1842 ἐκείνοις
1670 1781 1807 1851 πρὸς
1834 1781 1925 1834 τὸν

2037 614 2213 659 mater
2242 605 2311 659 de
2346 609 2455 660 vita
2493 609 2715 663 curiose
2750 608 3075 678 inquireret,
3110 620 3213 665 nec
3243 617 3398 679 pater
3430 610 3599 666 vitam

2034 696 2413 763 quotidianam
2459 699 2864 763 moderaretur,
2909 701 2965 755 in
3013 709 3241 766 tantam,
3290 718 3415 759 sese
3455 719 3485 758 a
3521 706 3603 760 vi-

2035 786 2128 840 tiis
2159 797 2207 840 et
2247 787 2537 843 affectibus
2569 789 2928 859 sejungendo,
2967 791 3220 846 virtutem
3259 795 3452 850 enisus
3492 803 3598 861 est,

2035 886 2096 929 ut
2129 877 2419 945 praesidem
2457 894 2636 933 rerum
2683 879 3085 942 universarum,
3119 880 3212 949 qui
3243 896 3340 950 per
3378 898 3595 951 gravem

2033 966 2246 1035 plagam
2270 967 2605 1021 calumniam
2641 969 2891 1023 mulieris
2921 969 3129 1024 detexit
3151 978 3315 1040 atque
3336 974 3595 1037 convicit,

2032 1061 2225 1107 testem
2260 1055 2385 1109 vitae
2417 1071 2531 1110 sua:
2558 1057 2783 1112 faceret.
2816 1058 3040 1128 Ecquod
3074 1060 3251 1133 majus
3290 1062 3490 1130 aliquis
3528 1064 3596 1117 ad

2032 1144 2364 1199 laudandum
2423 1157 2806 1217 argumentum
2864 1152 3178 1221 excogitare
3226 1154 3445 1223 possit?
3500 1157 3595 1225 qui

2031 1238 2208 1306 possit
2254 1237 2402 1291 hunc
2460 1228 2639 1307 ipsum
2689 1242 2889 1310 aliquis
2934 1241 3098 1312 digne
3144 1258 3210 1298 ac
3248 1261 3346 1314 pro
3400 1247 3597 1300 merito

2030 1328 2316 1393 admirari,
2343 1331 2435 1401 qui
2472 1345 2599 1385 cum
2648 1332 2863 1387 ratione
2901 1342 3153 1388 naturam
3180 1336 3493 1398 devicisset,
3531 1355 3599 1395 ac

2028 1420 2196 1474 veluti
2253 1431 2599 1477 mansuetum
2650 1423 2925 1497 quoddam
2985 1428 3208 1488 animal,
3255 1427 3593 1497 juventutem

2030 1510 2134 1563 sub
2156 1509 2348 1580 jugum
2388 1512 2622 1568 rationis
2674 1494 2940 1580 misisset,
2990 1494 3356 1587 omnibusque
3388 1520 3596 1575 allecti-

2029 1600 2133 1654 bus
2190 1602 2537 1657 naturalibus
2590 1604 3004 1675 insurgentibus
3047 1611 3304 1679 superior
3360 1611 3593 1676 fuisset,

2027 1702 2080 1747 ct
2120 1692 2382 1747 invidiam
2428 1711 2550 1765 qua:
2581 1711 2773 1753 omnes
2821 1714 2906 1751 res
2932 1700 3163 1755 eximias
3197 1701 3458 1759 invadere
3503 1720 3596 1759 so-

2029 1784 2124 1846 let,
2182 1785 2450 1840 adversus
2494 1800 2554 1840 se
2607 1787 2921 1850 excitasset,
2978 1789 3143 1843 etiam
3193 1792 3298 1846 hac
3342 1797 3595 1863 superior

358 1862 548 1930 μῶμον
592 1863 984 1933 εὐεργετήσας,
1018 1865 1112 1917 τοῦ
1159 1867 1300 1919 κατὰ
1328 1846 1418 1921 τὸν
1446 1869 1675 1939 δαίμονα
1714 1846 1916 1935 πάθους

2030 1875 2152 1940 fuit,
2176 1874 2378 1943 quippe
2419 1891 2594 1945 neque
2638 1877 2704 1931 ad
2738 1846 3113 1934 ulciscendum
3154 1846 3591 1939 insidiasrsoda:

352 1951 774 2025 διάιπροσευχῆς
811 1956 1143 2025 ἐξελόμενος.
1178 1958 1429 2014 Τοιοῦτον
1449 1958 1692 2031 ἔγνωμεν
1714 1961 1802 2016 διά
1825 1964 1927 2033 τῆς

355 2044 593 2114 ἱστορίας
624 2046 713 2098 τὸν
752 2046 948 2116 Ἰωσήφ
969 2084 985 2109 ,
1015 2039 1059 2113 ᾧ
1084 2046 1370 2117 προῦκειτο
1401 2050 1499 2119 μὲν
1531 2053 1649 2104 κατ’
1680 2052 1926 2117 ἐξουσίαν

351 2136 385 2203 ή
417 2134 547 2204 περὶ
570 2134 665 2204 τὴν
691 2137 923 2202 γυναῖκα
958 2135 1052 2188 τοῦ
1093 2137 1352 2191 δεσπότου
1385 2142 1694 2210 παρανομία
1713 2180 1729 2205 ,
1756 2144 1925 2214 αὐτῆς

351 2224 565 2293 ἐκείνης
603 2227 963 2295 ἐπιμανείσης
1001 2230 1065 2298 τῇ
1098 2228 1215 2299 ὥρᾳ
1244 2228 1339 2282 τοῦ
1390 2230 1545 2283 νέου·
1577 2232 1669 2285 καὶ
1716 2232 1925 2302 μάρτυς

348 2314 457 2369 τῶν
484 2317 848 2386 τολμωμένων
876 2315 944 2389 ἦν
968 2318 1270 2391 ἀνθρώπων
1313 2322 1487 2385 οὐδείς
1508 2337 1524 2353 ⁶
1565 2323 1700 2380 ἀλλά
1738 2327 1924 2379 κάκεῖ-

349 2422 435 2469 νος
464 2407 598 2477 πρὸς
629 2408 718 2461 τὸν
740 2408 881 2463 θεῖον
914 2410 1189 2480 ὀφθαλμὸν
1223 2411 1455 2481 βλέπων,
1488 2414 1549 2468 τὸ
1582 2415 1730 2479 δόξαι
1756 2416 1922 2481 κακὸς

347 2497 454 2567 πρὸ
467 2498 559 2552 τοῦ
587 2500 839 2565 γενέσθαι
878 2503 1180 2572 προείλετο,
1210 2504 1279 2558 τὰ
1305 2504 1415 2558 τῶν
1442 2506 1763 2576 κακούργων
1789 2508 1921 2560 ύπο-

348 2587 479 2652 στὰς
527 2589 726 2659 μᾶλλον
755 2629 770 2653 ,
800 2592 833 2661 ἢ
868 2592 1171 2663 κακοῦργος
1203 2596 1509 2666 γενόμενος.
1551 2598 1688 2651 Ἀλλ’
1714 2598 1829 2651 ἐστι
1861 2617 1914 2652 τι

343 2677 484 2747 τάχα
514 2677 705 2749 τούτῳ,
738 2680 833 2733 κα.)⁸
866 2681 1023 2736 πλέον
1046 2684 1145 2751 τῆς
1169 2683 1407 2754 ίστορίας
1433 2687 1830 2756 καυχήσασθαι’
1855 2690 1917 2742 οὐ

343 2770 453 2842 γὰρ
484 2772 594 2827 ἴσον
627 2775 773 2828 ἐστὶν
806 2776 885 2840 είς
916 2777 1230 2848 ἀποτροπὴν
1269 2778 1364 2831 τού
1407 2781 1733 2851 μιάσματος,
1772 2784 1833 2836 τό
1860 2801 1919 2837 τε

342 2866 442 2935 τῆς
477 2868 721 2936 μοιχείας
756 2868 886 2936 ἄγος
908 2909 923 2933 ,
945 2871 1039 2922 καὶ
1063 2870 1122 2922 τὸ
1145 2869 1337 2925 δοκοῦν
1369 2872 1426 2924 ἐν
1464 2873 1707 2926 ἐλάττονι
1740 2874 1918 2944 πλημ-

347 2953 621 3023 μελήματι
651 2957 740 3006 τὸν
768 2954 958 3026 μῶμον
1003 2956 1167 3026 ἔχειν.
1210 2958 1266 3010 Ὀ
1291 2959 1466 3011 τοίνυν
1496 2962 1553 3013 ὲν
1679 2961 1918 3025 κίνδυνός

343 3059 426 3105 τις
454 3045 515 3095 ἐκ
546 3045 652 3096 τῶν
685 3046 861 3114 νόμων
903 3047 1003 3099 οὐκ
1052 3043 1121 3115 ἦν
1167 3048 1544 3119 φοϐερωτέραν
1590 3051 1789 3120 μᾶλλον
1819 3052 1918 3122 τῆς

2028 1966 2159 2018 lium
2196 1975 2526 2032 commotus,
2560 1974 2615 2020 et
2644 1982 2785 2030 eam,
2828 1984 2950 2037 qua:
2993 1968 3104 2024 illis
3134 1971 3191 2024 in
3236 1973 3594 2029 subornando

2025 2054 2229 2121 probro
2258 2066 2477 2123 operam
2528 2064 2844 2118 navaverat,
2874 2072 2972 2127 per
3003 2060 3307 2117 orationem
3346 2064 3414 2117 ab
3453 2065 3600 2134 allii-1

2022 2146 2206 2200 ctione
2262 2146 2529 2202 daemonis
2589 2148 2876 2203 liberatam
2938 2151 3203 2205 beneticio
3269 2168 3592 2222 prosecutus

2022 2240 2109 2286 est
2132 2233 2191 2285 ‘?
2220 2232 2405 2288 Talem
2450 2251 2547 2305 per
2586 2235 2869 2290 historiam
2906 2243 3270 2309 cognovimus
3302 2245 3463 2298 ctiam
3497 2244 3593 2300 Jo-

2022 2324 2253 2392 sephum
2284 2326 2475 2389 fuisse,
2501 2326 2588 2380 cui
2620 2326 2687 2380 ad
2708 2327 2997 2382 arbitrium
3024 2331 3245 2399 quidem
3271 2347 3394 2386 cum
3420 2351 3592 2391 uxore

2020 2413 2225 2467 domini
2251 2416 2433 2470 scelus
2469 2425 2785 2486 perpetrare
2814 2429 3124 2489 promptum
3155 2430 3294 2485 erat,
3327 2440 3453 2479 cum
3494 2427 3589 2480 illa

2021 2502 2138 2571 ipsa
2193 2500 2377 2556 decori
2427 2503 2797 2562 adolescentis
2847 2508 3044 2563 insano
3100 2525 3286 2565 amore
3337 2526 3589 2585 correpta

2019 2602 2167 2646 esset
2200 2608 2213 2643 :
2243 2607 2344 2646 nec
2390 2594 2683 2663 quisquam
2735 2597 3016 2653 hominum
3048 2616 3260 2663 eorum,
3300 2620 3423 2672 qua:
3467 2610 3587 2663 ausi

2019 2682 2283 2748 fuissent,
2323 2687 2483 2741 testis
2510 2696 2563 2741 et
2592 2688 2797 2743 arbiter
2842 2689 3066 2747 futurus
3101 2706 3214 2748 erat
3250 2714 3263 2748 :
3295 2696 3388 2750 sed
3419 2698 3584 2753 etiam

2020 2773 2133 2839 ille,
2168 2789 2292 2830 cum
2328 2792 2387 2829 se
2417 2776 2663 2831 divinum
2694 2781 2917 2833 oculum
2962 2782 3330 2851 inspectorem
3369 2802 3583 2850 eorum,

2016 2882 2141 2934 qua:
2193 2868 2696 2933 committerentur,
2746 2871 2947 2925 habere
3004 2873 3353 2943 intelligi-ret,
3408 2878 3585 2933 malus

2018 2971 2139 3011 esse
2192 2957 2385 3023 videri,
2430 2973 2593 3027 quam
2652 2959 2766 3014 fieri
2816 2964 3159 3029 praeoptavit,
3210 2966 3581 3021 maleiicorum

2017 3045 2201 3113 potius
2252 3058 2442 3113 poenas
2493 3055 2659 3116 atque
2715 3050 3058 3104 incommoda
3116 3045 3361 3117 subiens,
3415 3071 3581 3125 quam

343 3133 608 3203 τιμωρίας
653 3135 821 3203 αὐτὴν
851 3135 909 3198 ἐξ
942 3137 1214 3205 ἁμαρτίας
1252 3137 1440 3208 ἡδονὴν
1472 3139 1589 3192 καθ’
1615 3141 1811 3210 ἑαυτὴν
1840 3142 1916 3194 εἷ-

2020 3135 2299 3190 malciicus
2331 3138 2590 3193 evadens.
2639 3138 2743 3193 Sed
2796 3140 2923 3195 licet
2974 3141 3206 3197 forsitan
3246 3146 3372 3201 huic
3416 3150 3580 3204 etiam

344 3240 429 3276 ναι
464 3226 651 3294 κρίνας
674 3264 690 3288 ,
733 3227 765 3297 ἢ
802 3228 1081 3297 παρήλασε
1118 3230 1208 3281 τὸν
1254 3231 1452 3302 Ἰωσὴφ
1484 3236 1548 3303 τῇ
1585 3234 1916 3306 μεγαλοφυῇα

2019 3224 2302 3294 aliquanto
2353 3228 2611 3296 amplius,
2667 3244 2830 3298 quam
2886 3232 2975 3285 illa
3026 3236 3265 3289 continet
3325 3237 3578 3304 historia,

344 3313 439 3367 τοῦ
462 3313 735 3386 θαύματος
759 3356 773 3381 ,
805 3318 837 3388 ἢ
888 3319 1102 3382 πάντως
1143 3321 1243 3373 οὐκ
1275 3321 1332 3373 ἐν
1359 3322 1631 3394 δευτέροις
1666 3326 1918 3396 κριθήσε-

348 3421 458 3457 ται.
498 3406 657 3458 Ἀλλά
683 3408 742 3459 τὸ
779 3408 877 3477 μὲν
913 3411 1197 3479 προοίμιον
1231 3411 1324 3464 τοῦ
1358 3412 1494 3480 βίου,
1524 3414 1782 3469 τοιοῦτον.
1811 3416 1916 3469 Αύ-

343 3494 435 3558 τὸς
472 3496 527 3548 δὲ
553 3499 581 3549 ό
614 3497 727 3566 βίος
748 3499 830 3560 τίς
856 3515 872 3564 ;
916 3500 1131 3571 Ἐπειδὴ
1161 3502 1341 3554 πᾶσαν
1380 3503 1656 3557 παίδευσιν
1686 3508 1784 3577 τῆς
1811 3507 1914 3571 ἐξω

345 3587 536 3655 σοφίας
565 3587 845 3658 ἐπιδραμῶ
858 3608 897 3651 ι,
937 3590 1150 3660 ἐνέτυχε
1191 3593 1523 3664 ⁴Ῑιιρμιλιανῷ
1551 3611 1655 3648 τινι
1681 3597 1788 3649 τῶν
1819 3600 1910 3651 εύο

342 3677 617 3747 πατριδῶν
669 3680 1007 3752 Καππαδόκῃ
1032 3720 1048 3741 ,
1097 3683 1434 3754 όμοιοτρόπῳ
1486 3686 1627 3739 κατά
1669 3687 1729 3741 τὸ
1760 3684 1909 3759 ἦθος,

340 3766 416 3831 ὡς
438 3767 635 3835 ἔδειξεν
670 3773 873 3833 ἐκεῖνος
920 3772 997 3843 τῷ
1033 3774 1169 3841 μετὰ
1202 3774 1373 3827 ταῦτα
1406 3776 1504 3847 βίῳ
1524 3816 1539 3840 ,
1567 3778 1770 3848 κόσμος
1815 3782 1913 3851 τῆς

355 3858 678 3929 Ἐκκλησίας
719 3862 829 3913 τῶν
861 3864 1183 3934 Καισαρέων
1229 3867 1553 3937 γενόμενος,
1599 3870 1693 3922 κα)⁸
1723 3870 1812 3923 τόν
1851 3888 1909 3924 τε

343 3948 543 4001 σκοπὸν
588 3950 679 4002 τοῦ
723 3955 1067 4023 φρονήματος
1102 3957 1195 4008 καὶ
1244 3957 1376 4010 ἰδίου
1421 3957 1535 4028 βίου
1584 3962 1813 4032 φανερὸν
1833 3962 1910 4032 τῷ

342 4039 480 4109 φίλῳ
514 4042 800 4112 ἐποίησεν,
830 4045 903 4106 ὡς
934 4045 1020 4115 εἴη
1060 4047 1194 4117 πρὸς
1228 4048 1317 4101 τὸν
1356 4050 1486 4101 Θεὸν
1527 4052 1737 4120 βλέπων
1762 4095 1776 4117 ,
1818 4056 1911 4107 καὶ

340 4129 438 4199 τὴν
472 4132 677 4184 ἐκείνου
708 4135 942 4203 σπουδὴν
965 4135 1105 4203 ἔγνω
1139 4141 1264 4207 περὶ
1296 4139 1391 4209 τὴν
1421 4142 1589 4212 αὐτὴν
1617 4145 1909 4215 ἐπιθυμίαν

345 4221 743 4288 συμϐαίνουσαν
766 4266 781 4289 ,
825 4225 1138 4279 καταλιπὼν
1170 4230 1350 4281 πᾶσαν
1387 4232 1484 4300 τὴν
1517 4235 1643 4303 περὶ
1670 4235 1766 4303 τῆς
1805 4235 1909 4300 ἔξω

341 4310 657 4379 φιλοσοφίας
686 4314 941 4382 σπουδὴν,
964 4320 1268 4388 προσφοιτᾷ
1296 4320 1409 4388 μετ’
1440 4322 1644 4375 ἐκείνου
1665 4323 1743 4393 τῷ
1768 4326 1909 4383 κατὰ

339 4400 430 4451 τὸν
462 4403 648 4470 χρόνον
696 4405 899 4457 ἐκεῖνον
932 4406 1030 4475 τῆς
1058 4406 1164 4459 τῶν
1210 4410 1549 4480 Χριστιανῶν
1592 4413 1908 4483 φιλοσοφίας

2014 3314 2270 3383 gloriari;
2322 3332 2429 3370 non
2468 3319 2611 3373 enim
2644 3336 2798 3389 teque
2847 3338 3104 3392 magnum
3143 3320 3298 3379 affert
3331 3343 3581 3383 momen-

2016 3413 2128 3459 tum
2158 3407 2224 3461 ad
2257 3409 2656 3465 aversationem
2694 3414 2915 3479 piaculi,
2950 3422 3065 3468 tum
3093 3417 3347 3471 adulterii
3375 3423 3577 3486 scelus,

2016 3506 2129 3551 tum
2159 3499 2209 3552 id
2236 3501 2380 3568 quod
2414 3502 2468 3554 in
2520 3502 2722 3556 minori
2758 3504 2958 3559 delicto
2989 3508 3443 3576 vituperationem
3479 3511 3578 3565 ha-

2013 3589 2141 3643 bere
2170 3589 2400 3643 videtur.
2443 3591 2629 3661 Itaque
2651 3594 2743 3661 qui
2776 3596 2862 3648 ubi
2905 3597 3204 3664 periculum
3235 3607 3290 3653 ct
3332 3610 3509 3655 metus
3546 3619 3576 3656 a

2013 3681 2226 3749 legibus
2275 3697 2381 3735 non
2441 3685 2807 3752 impendebat,
2866 3687 3039 3757 ipsam
3094 3691 3421 3759 voluptatem
3484 3711 3579 3763 per

2011 3782 2299 3840 peceatum
2329 3774 2754 3838 conciliandam,
2791 3792 2886 3845 per
2915 3792 3036 3831 sese
3070 3779 3223 3849 longe
3259 3781 3577 3837 formidabi-

2011 3862 2202 3916 liorom
2238 3880 2398 3931 quam
2426 3880 2641 3933 pmnam
2680 3882 2804 3922 esse
2838 3868 3140 3936 judicabat,
3177 3881 3272 3925 aut
3300 3876 3579 3942 praecessit

2010 3963 2064 4007 et
2096 3956 2372 4023 snperavit
2399 3955 2695 4025 Josephum
2729 3960 3091 4028 amplitudine
3125 3972 3181 4015 et
3220 3966 3577 4035 magniﬁcen-

2011 4045 2084 4096 tia
2128 4046 2401 4109 miraculi,
2436 4056 2529 4099 aut
2564 4064 2792 4116 prorsus
2824 4067 2933 4104 non
2981 4052 3272 4107 habebitur
3305 4056 3448 4109 inter
3489 4073 3577 4112 se-

2009 4135 2241 4190 cundos.
2276 4138 2351 4190 Ac
2389 4138 2717 4208 principium
2749 4143 2967 4210 quidem
2997 4144 3120 4199 vitae
3151 4148 3257 4201 tale
3297 4156 3401 4202 est.
3454 4149 3575 4220 Ipsa

2008 4240 2141 4277 vero
2183 4229 2292 4279 vita
2344 4230 2510 4295 (μιεεῖ
2551 4228 2910 4300 Posteaquam
2960 4235 3215 4290 omnibus
3268 4237 3576 4308 disciplinis

2008 4322 2247 4369 externa:
2284 4318 2568 4385 sapientiae
2616 4323 2894 4388 percursis
2936 4323 3224 4380 incidisset
3267 4327 3325 4381 in
3372 4328 3575 4384 Firmi-

2010 4404 2216 4458 lianum
2250 4410 2541 4475 quemdam
2576 4410 2866 4478 patricium
2893 4411 3299 4482 Cappadocem,
3338 4419 3574 4476 similem

341 4489 731 4564 καθηγουμένῳ
761 4494 778 4565 (
811 4495 1088 4566 Ὠριγένης
1114 4498 1169 4551 δέ
1198 4492 1349 4564 οὗτος
1383 4497 1451 4572 ἦν
1476 4539 1491 4565 ,
1527 4498 1586 4558 οὗ
1625 4505 1791 4569 πολὺς
1819 4508 1909 4560 ἐπὶ

2017 4499 2259 4553 moribus
2292 4510 2343 4553 et
2377 4499 2614 4569 ingenio,
2656 4509 2717 4555 ut
2747 4503 2841 4557 ille
2874 4504 2928 4557 in
2964 4508 3215 4575 sequenti
3245 4510 3356 4563 vita
3387 4519 3576 4565 osten-

339 4583 451 4643 τοῖς
485 4586 876 4655 συγγράμμασι
917 4588 1132 4657 λόγος),
1165 4591 1380 4655 δεικνὺς
1427 4594 1521 4647 καὶ¹
1565 4595 1651 4648 δια
1696 4597 1907 4662 τούτου,

339 4673 400 4724 οὐ
446 4673 604 4741 μόνον
647 4676 706 4727 τὸ
747 4677 1040 4747 φιλομαθὲς
1087 4683 1180 4735 καὶ
1213 4682 1496 4751 φιλόπονον
1517 4728 1531 4750 ,
1559 4686 1694 4740 ἀλλά
1727 4690 1819 4741 καὶ
1848 4691 1910 4743 τὸ

340 4764 767 4833 κατεσταλμένον
790 4769 846 4819 ὲν
866 4769 942 4837 τῷ
969 4770 1086 4841 ήθει
1109 4774 1203 4825 καὶ
1230 4774 1448 4846 μέτριον
1466 4794 1480 4807 ·
1508 4778 1776 4850 τοσαύτης
1798 4781 1906 4852 γὰρ

340 4852 551 4943 σοφίας
583 4856 844 4920 ἀνάπλεος
894 4858 968 4911 ὢν
1019 4861 1190 4933 ἑτέρῳ
1246 4866 1551 4936 χρήσασθαι
1599 4869 1904 4943 διδασκάλῳ

340 4942 473 5011 πρὸς
501 4942 569 4994 τὰ
598 4943 716 4999 θεῖα
748 4947 854 5000 τῶν
892 4951 1225 5021 μαθημάτων
1248 4993 1262 5017 ,
1294 4957 1392 5009 οὑκ
1421 4959 1730 5029 ἀπηξίωσεν
1749 5002 1763 5027 ,
1806 4942 1899 5017 καί

334 5031 605 5123 διαγαγὼν
638 5036 788 5107 παρά
811 5037 887 5107 τῷ
918 5038 1218 5114 διδασκάλῳ
1260 5047 1452 5116 χρόνον
1476 5054 1589 5113 τοϊς
1616 5053 1898 5123 μαθήμασι

336 5120 673 5192 σύμμετρον,
728 5125 935 5179 πολλῶν
956 5128 1123 5182 ὄντων
1158 5132 1266 5185 τῶν
1298 5120 1755 5205 παρακαλούντων
1805 5145 1898 5197 καὶ

336 5214 670 5282 κατεχόντων
697 5216 857 5269 αὐτὸν
891 5220 981 5271 ἐπὶ
1017 5221 1113 5290 τῆς
1148 5223 1478 5295 ἀλλοδαπῆς,
1511 5232 1603 5282 καὶ
1633 5235 1763 5301 παρ’
1802 5236 1898 5288 αύ-

333 5300 444 5360 τοτς
485 5301 773 5363 ἀξιούντων
833 5304 1012 5373 μένειν
1037 5346 1049 5368 ,
1095 5309 1312 5363 πάντων
1366 5300 1762 5388 προτιμοτέραν
1800 5320 1897 5389 τὴν

333 5389 657 5456 ἐνεγκοῦσαν
712 5394 873 5448 αὑτὸν
930 5399 1329 5469 ποιησάμενος,
1386 5404 1478 5456 ἐπὶ
1530 5406 1628 5475 τὴν
1666 5411 1897 5480 πατρίδα

334 5480 495 5532 πάλιν
527 5484 817 5543 ἐπάνεισιν,
847 5488 935 5538 τὸν
964 5490 1298 5544 παντοδαπὸν
1328 5492 1553 5548 πλοῦτον
1576 5498 1676 5567 τῆς
1706 5502 1895 5567 σοφίας

330 5586 387 5620 τε
418 5572 507 5623 καὶ⁵
536 5571 635 5639 τῆς
657 5574 905 5640 γνώσεως
934 5580 1266 5649 ἐπαγόμενος
1290 5622 1302 5645 ,
1329 5584 1388 5639 ὃν
1412 5584 1659 5659 καθάπερ
1694 5608 1771 5653 τις
1796 5593 1892 5662 ἔμ-

402 5748 420 5776 “
453 5746 495 5801 (Ξ
533 5762 591 5805 n.
624 5765 804 5811 xxxix,
844 5753 872 5802 7
902 5769 1018 5823 sqq.

528 5839 797 5899 Parnm“
853 5844 968 5904 Gs.
1017 5847 1061 5905 Χ
1080 5846 1229 5906 LVI.

2007 4589 2109 4653 dit,
2153 4604 2277 4643 cum
2321 4592 2745 4648 Caesariensium
2798 4593 3059 4651 Ecclesia:
3080 4609 3411 4657 ornamento
3447 4602 3573 4668 fuit,

2004 4688 2061 4736 et
2093 4682 2258 4736 animi
2294 4684 2378 4737 sui
2409 4685 2703 4739 consilium
2738 4702 2803 4740 ac
2850 4689 2975 4741 vita:
3015 4691 3358 4759 propositum
3397 4695 3576 4749 amico

2004 4772 2375 4842 patefecisset,
2420 4776 2566 4844 quod
2624 4777 2688 4828 ad
2736 4776 2901 4832 Deum
2955 4780 3205 4835 videlicet
3256 4792 3573 4852 spectaret;

1999 4874 2054 4920 et.
2092 4864 2241 4919 illius
2274 4865 2515 4919 studium
2553 4867 2695 4920 circa
2727 4867 2867 4922 idem
2898 4868 3232 4923 desiderium
3277 4875 3575 4927 convenire

2002 4954 2390 5020 intellexisset,
2428 4958 2621 5011 relicto
2665 4963 2813 5012 omni
2851 4959 3036 5013 studio
3066 4968 3307 5014 externae
3338 4963 3575 5030 philoso-

2000 5047 2160 5116 phiae.
2192 5048 2401 5102 accedit
2433 5064 2540 5102 una
2565 5064 2689 5103 cum
2728 5051 2820 5103 illo
2856 5050 2923 5103 ad
2949 5066 3096 5114 eum,
3129 5052 3223 5119 qui
3257 5052 3312 5105 in
3342 5068 3407 5107 eo
3434 5061 3572 5109 tem-

2001 5154 2133 5209 pore
2180 5140 2621 5195 Christianorum
2691 5141 3058 5211 philosophiae
3119 5145 3381 5214 princeps
3447 5156 3569 5200 erat

2002 5231 2072 5298 (is
2115 5238 2299 5285 autem
2342 5242 2457 5285 erat
2511 5230 2797 5301 Origenes,
2852 5233 3014 5300 cujus
3061 5242 3287 5303 propter
3336 5237 3565 5305 scripta,

2000 5321 2143 5374 fama
2182 5321 2416 5376 celebris
2456 5322 2585 5390 est),
2624 5322 2790 5376 etiam
2832 5337 2930 5391 per
2977 5323 3092 5377 haec
3122 5324 3417 5381 ostendens
3457 5341 3566 5380 non

2006 5412 2169 5466 modo
2218 5410 2461 5467 studium
2502 5412 2748 5466 discendi
2789 5422 2951 5482 atque
2986 5413 3341 5481 industriam,
3379 5432 3567 5472 verum

2002 5504 2165 5557 etiam
2210 5501 2458 5556 sedatum
2493 5501 2771 5571 ingenium
2810 5512 2863 5557 et
2904 5506 3070 5559 animi
3111 5507 3563 5561 moderationem.

2004 5594 2142 5649 Cum
2183 5594 2331 5649 enim
2388 5600 2538 5648 tanta
2591 5595 2857 5665 sapientia
2896 5599 3089 5668 plenus
3134 5608 3304 5660 esset,
3351 5602 3457 5655 alio
3513 5602 3565 5654 in

3086 5865 3163 5927 29
