4132 6356
510 384 616 441 9'37
1520 404 1526 408 -
1758 371 1817 425 S.
1845 362 2172 424 GREGORII
2198 359 2490 416 NYSSENI
3664 357 3766 412 903

509 500 688 559 sacris
716 495 1024 568 disciplinis
1059 495 1137 550 uti
1171 492 1438 565 magistro
1462 504 1571 545 non
1596 487 1927 557 dedignatus
1951 489 2036 538 est
2061 500 2074 534 :

2203 494 2347 549 τορος
2373 479 2432 531 ὲν
2466 479 2585 541 ταῖς
2613 474 2718 541 ἔξω
2745 475 3002 540 σπουδαῖς
3025 475 3159 529 πᾶσι
3189 474 3501 545 καθομιλῶν
3537 478 3648 538 τοῖς
3672 475 3757 527 εὺς

507 603 746 660 cumque
793 566 940 659 apud
980 585 1302 656 magistrum
1337 582 1494 652 justo
1538 587 1780 648 tempore
1834 576 1888 628 in
1917 572 2085 628 disci-

2203 569 2436 641 δοκίμοις
2472 566 2885 638 ὲνεπορεύσατο.

496 656 679 749 -plinis
722 656 1153 747 perseverasset,
1196 671 1386 726 multis
1432 666 1812 723 detinentibus
1852 677 1977 718 eum
2030 662 2085 714 in
2125 661 2246 715 solo
2312 660 2628 730 peregrino,
2676 656 3144 729 hortantibusque
3185 672 3251 712 ac
3319 656 3669 728 rogantibus.
3708 662 3768 709 ut

507 770 655 840 apud
694 770 847 839 ipsos
886 772 1155 832 maneret,
1206 764 1436 833 reliquis
1486 762 1745 816 omnibus
1800 755 2198 829 praeferendam
2249 761 2402 808 ratus
2444 768 2564 808 eam
2613 760 2838 817 terram,
2899 768 3020 823 quae
3091 754 3271 823 ipsum
3324 754 3543 808 tulisset
3609 759 3665 806 et
3715 751 3768 804 in

509 861 688 915 lucem
731 858 1017 921 edidisset,
1063 855 1120 910 in
1152 854 1388 924 patriam
1428 854 1612 907 denuo
1675 850 1995 910 revertitur,
2057 845 2242 900 varias
2287 845 2572 915 sapientia:
2620 852 2785 914 atque
2830 843 3074 899 scientiae
3121 843 3365 909 divitias,
3440 857 3581 913 quas
3648 849 3763 895 tam

510 964 674 1019 quam
718 955 990 1001 mercator
1010 944 1230 1014 quidam
1266 959 1390 998 cum
1424 943 1682 997 omnibus
1713 940 1882 995 claris
1919 947 2085 1007 atque
2164 934 2413 1006 probatis
2498 935 2555 989 in
2607 935 2811 991 studiis
2852 942 3094 990 externae
3138 935 3403 990 doctrinae
3452 933 3590 990 viris
3635 947 3764 988 cou—

510 1055 737 1097 versans
783 1039 1187 1109 acquisiverat,
1241 1039 1505 1092 invehens
1557 1045 1722 1107 atque
1772 1035 2098 1106 importans.

582 1136 661 1188 Ac
689 1134 938 1204 profecto
983 1133 1031 1189 si
1064 1134 1189 1203 quis
1220 1146 1347 1187 vere
1389 1133 1649 1202 justeque
1687 1145 1777 1186 res
1824 1129 2084 1191 aestimet,

513 1242 584 1282 ne
606 1227 711 1280 hoc
738 1226 959 1295 quidem
991 1240 1221 1295 prorsus
1251 1223 1319 1278 ad
1351 1221 1883 1278 commendationem
1909 1218 2088 1273 uomi-

513 1318 603 1373 nis
636 1333 827 1387 parum
863 1314 1123 1371 momenti
1160 1316 1360 1369 habere
1390 1313 1683 1377 videbitur,
1736 1311 1883 1381 quod
1924 1318 2091 1364 tantae

513 1411 667 1466 urbis
699 1404 975 1463 communi
1008 1423 1283 1463 consensu
1323 1404 1600 1460 adhibitas
1649 1418 1840 1474 preces
1869 1417 2087 1457 aversa-

517 1510 605 1553 tus
636 1506 743 1562 est,
784 1510 885 1550 nec
928 1497 1171 1549 omnium
1201 1494 1531 1563 sapientium
1560 1491 2007 1558 delectorumque
2035 1490 2091 1543 in

512 1603 578 1644 ea
602 1588 868 1650 virorum,
894 1592 956 1639 ut
985 1592 1231 1638 maneret
1260 1598 1480 1652 operam
1514 1581 1787 1644 dautium,
1825 1578 2089 1641 studium,

519 1693 622 1733 nec
644 1678 958 1748 principum
985 1676 1227 1729 virorum
1278 1674 1410 1727 inibi
1437 1672 1772 1727 versantium
1799 1677 1854 1726 et
1894 1677 1953 1724 ut
1990 1669 2094 1723 hoc

514 1768 696 1838 ipsum
764 1766 920 1820 ﬁeret
973 1764 1353 1833 cupientium,
1421 1761 1697 1830 egregiam
1756 1760 2093 1813 voluntatem

516 1856 699 1927 magni
731 1854 884 1917 fecit,
921 1856 1013 1923 qui
1042 1868 1235 1907 omnes
1279 1851 1335 1905 id
1373 1865 1541 1904 unum
1578 1849 1834 1918 agebant,
1879 1854 1938 1901 ut
1980 1861 2095 1900 ma-

517 1962 663 2020 gnus
698 1947 791 2002 ille
817 1953 1061 2000 maneret
1089 1944 1235 2014 apud
1269 1958 1383 2007 eos,
1421 1953 1678 2011 tauquam
1704 1940 1955 1995 conditor
1984 1939 2094 1992 vir-
2126 1932 2168 1986 Β

520 2040 654 2093 tutis
681 2043 735 2093 et
771 2038 891 2090 vitae
926 2035 1259 2106 legumlator
1300 2033 1562 2099 futurus;
1592 2030 1687 2087 sed
1718 2031 1813 2086 ille
1840 2028 2095 2084 omnibus

518 2128 696 2184 modis
721 2125 996 2198 superbiae
1018 2124 1302 2181 materiam
1332 2121 1568 2192 fugiens,
1593 2120 1740 2191 quod
1764 2119 1911 2174 haud
1941 2119 2098 2189 igno-

518 2224 669 2274 raret
696 2218 889 2270 vitium
921 2214 1194 2286 superbiae
1242 2211 1505 2281 improbae
1543 2211 1936 2277 scelerateque
1972 2207 2098 2261 vitm

516 2308 841 2378 plerumque
885 2317 1108 2359 causam
1155 2309 1209 2356 et
1234 2300 1582 2355 occasionem
1623 2296 1867 2367 praebere
1896 2297 2095 2361 solere,

517 2397 687 2452 veluti
718 2403 933 2466 portqu
966 2392 1285 2464 quemdam,
1342 2389 1585 2460 quietam
1631 2387 1686 2440 in
1720 2385 1896 2456 patria
1929 2385 2097 2439 vitam

519 2487 848 2557 ingreditur.
883 2486 1021 2541 Cum
1047 2495 1228 2539 autem
1270 2481 1549 2537 universa'
1576 2479 1726 2534 natio
1754 2493 1877 2533 eum
1913 2479 2096 2532 intue—

517 2590 694 2645 retur,
725 2581 984 2637 omnibus
1013 2575 1482 2646 exspectantibus,
1517 2583 1594 2636 ut,
1629 2572 1682 2626 in
1701 2570 1936 2640 publicis
1963 2585 2100 2625 con-

518 2673 780 2729 ventibus
808 2670 1089 2738 divulgata
1116 2682 1215 2723 sua
1242 2666 1572 2731 eruditione,
1596 2663 1831 2731 aliquem
1857 2660 2099 2715 fructum

520 2763 903 2819 diuturnorum
956 2760 1204 2813 laborum
1240 2764 1481 2826 caperet,
1522 2771 1587 2809 ex
1633 2754 1719 2808 his
1750 2760 1960 2823 partam
1995 2766 2100 2805 no-

521 2854 683 2909 minis
716 2851 1100 2908 claritudinetn
1136 2860 1298 2917 atque
1324 2849 1696 2903 celebritatem
1724 2865 1736 2899 :
1777 2846 1918 2900 haud
1950 2845 2103 2915 igno-

519 2960 652 2999 rans
679 2944 770 2998 ille
796 2957 1048 3010 magnus,
1078 2940 1278 3009 quibus
1305 2940 1468 2993 rebus
1492 2953 1675 2992 veram
1698 2936 2101 3007 philosophiam

522 3051 554 3090 a
581 3036 726 3090 veris
763 3049 827 3087 ac
857 3031 1114 3102 perfectis
1149 3031 1239 3084 sui
1276 3028 1585 3084 cultoribus
1622 3030 1887 3098 publicari
1940 3035 2103 3097 atque

521 3124 789 3194 divulgari
816 3122 1129 3183 conveniat,
1168 3134 1236 3172 ne
1261 3119 1484 3188 quando
1517 3119 1734 3172 animus
1767 3119 1889 3186 ejus
1918 3118 2101 3186 aliqua

523 3216 821 3271 ambitione
855 3214 1242 3267 vulneraretur
1274 3210 1426 3279 (laus
1459 3208 1603 3264 enim
1636 3209 1947 3263 auditorum
1983 3221 2099 3259 ma-

524 3320 684 3372 gnam
715 3307 820 3357 vim
857 3304 1034 3362 habet.
1076 3302 1316 3370 vigorem
1367 3315 1432 3354 ac
1482 3298 1867 3352 ﬁrmitudinem
1930 3298 2096 3351 animi

523 3395 667 3451 fastu
706 3394 940 3464 quodam
987 3408 1051 3446 ac
1087 3393 1274 3462 gloriae
1307 3392 1488 3445 studio
1521 3390 1744 3444 inllandi
1790 3398 1953 3457 atque
1985 3390 2098 3442 sol-

524 3490 742 3558 vendi),
774 3487 982 3541 idcirco
1013 3485 1234 3540 silentio
1261 3485 1430 3536 utitur
1462 3499 1558 3552 pro
1581 3482 1909 3535 documento
1940 3490 2102 3547 atque

525 3577 890 3634 ostentatione
945 3590 1058 3628 suae
1099 3573 1448 3636 eruditionis,
1505 3587 1561 3625 re
1607 3571 1747 3639 ipsa,
1781 3585 1888 3623 non
1927 3570 2103 3624 verbis

526 3666 821 3722 ostendens
855 3663 1196 3718 reconditum
1242 3661 1295 3713 in
1336 3661 1522 3714 animo
1552 3658 1891 3719 thesaurum,
1944 3673 2104 3710 cmu-

527 3772 635 3827 que
689 3771 809 3811 sese
845 3770 874 3808 a
926 3754 1101 3808 turbis
1135 3752 1468 3816 forensibus,
1523 3758 1576 3804 et
1628 3750 1697 3803 ab
1752 3750 1960 3803 urbana
1993 3750 2102 3801 vita

529 3848 750 3919 penitus
792 3846 1147 3915 sejuuxisset,
1184 3844 1238 3897 in
1293 3842 1588 3899 solitudine
1630 3841 1863 3911 quadam
1915 3855 2102 3895 secum

529 3943 698 4007 solus,
735 3955 797 3994 ac
848 3955 944 4007 per
993 3953 1114 3992 sese
1149 3952 1275 3991 cum
1308 3935 1417 3990 Deo
1466 3935 1810 3996 versabatur,
1860 3932 2104 3987 universi

531 4033 717 4087 mundi
752 4045 1043 4099 rerumque
1077 4026 1475 4081 mundanarum
1523 4040 1741 4095 parram
1769 4037 1957 4077 curam
2011 4038 2103 4093 ge-

530 4139 679 4190 rens,
713 4138 821 4176 nou
849 4122 916 4175 de
940 4119 1160 4189 regibus
1191 4118 1409 4171 curiose
1453 4116 1756 4184 inquirens,
1790 4129 1899 4168 non
1931 4114 2103 4180 magi-

531 4198 737 4269 stratus
789 4210 1091 4272 excutiens,
1153 4220 1259 4259 non
1308 4220 1374 4259 ex
1425 4204 1608 4272 aliquo
1645 4208 2105 4256 commemorante

534 4304 786 4367 audiens,
833 4308 893 4353 ut
930 4313 1017 4353 res
1046 4311 1288 4367 quaequae.
1323 4295 1538 4364 publica
1583 4291 2102 4353 administraretur;

533 4396 627 4453 sed
653 4404 712 4449 ut
740 4393 957 4447 animus
978 4391 1182 4445 virtute
1208 4386 1484 4458 perfectus
1509 4382 1783 4448 evaderet,
1811 4382 2102 4443 sollicitus,

532 4486 600 4537 ad
640 4484 743 4536 hoc
780 4482 929 4536 omni
974 4478 1155 4536 studio
1190 4493 1287 4546 per
1338 4485 1504 4529 totam
1536 4474 1704 4527 vitam
1740 4471 2106 4527 contendebat

2265 1126 2459 1180 Καίτοι
2496 1143 2560 1196 γε
2587 1125 2666 1197 τῷ
2712 1126 2935 1190 δικαίως
2969 1125 3039 1179 τὰ
3065 1127 3367 1197 πράγματα
3394 1127 3630 1197 κρίνοντι
3648 1125 3769 1179 οὐδὲ

2194 1218 2353 1272 τοῦτο
2381 1218 2574 1289 μικρὸν
2608 1218 2825 1280 πάντως
2853 1219 2934 1281 είς
2960 1217 3233 1288 εὐφημίαν
3262 1217 3424 1282 δόξει,
3456 1218 3517 1271 τὸ
3568 1217 3771 1277 πόλεως

2195 1310 2463 1381 τοσαύτην
2514 1310 2795 1382 ἱκετηρίαν
2831 1311 2896 1363 ὲκ
2932 1310 3109 1363 κοινοῦ
3148 1310 3446 1380 γενομένην
3478 1309 3768 1380 ὑπεριδεῖν,

2198 1403 2292 1456 καὶ
2317 1404 2532 1456 πάντων
2553 1401 2663 1455 τῶν
2684 1404 2741 1456 ἐν
2768 1402 2904 1472 αὐτῇ
2930 1401 3172 1470 λογάδων
3195 1400 3292 1472 τὴν
3322 1402 3461 1472 ὑπὲρ
3484 1400 3579 1455 τοῦ
3605 1418 3771 1454 κατα-

2201 1494 2380 1562 μεῖναι
2431 1493 2521 1546 τὸν
2562 1492 2729 1564 ἄνδρα
2784 1492 3017 1563 σπουδὴν
3038 1532 3053 1556 ,
3103 1492 3211 1545 τῶν
3263 1510 3322 1546 τε
3370 1492 3772 1563 ἐπιδημούντων

2197 1586 2379 1647 αὐτοῖς
2407 1585 2682 1656 ἀρχόντων
2710 1584 2806 1655 τὴν
2826 1585 2905 1647 εἰς
2930 1583 3061 1637 αὐτὸ
3079 1581 3238 1636 τοῦτο
3259 1582 3568 1654 προθυμίαν
3598 1598 3772 1652 παρα-

2193 1673 2481 1740 δέξασθαν
2515 1672 2596 1738 οἷς
2636 1678 2769 1728 πᾶσι
2821 1674 3020 1737 σκοπὸς
3065 1669 3155 1744 ἦν,
3214 1676 3393 1743 μεῖναι
3433 1674 3562 1745 παρ’
3594 1673 3771 1736 αὐτοῖς

2194 1766 2287 1819 τὸν
2334 1765 2504 1836 μέγαν
2559 1767 2799 1829 ἐκεῖνον,
2833 1765 3081 1835 καθάπερ
3129 1764 3373 1835 οἰκιστὴν
3417 1764 3650 1836 ἀρετῆς,
3683 1765 3772 1818 καὶ

2200 1856 2315 1927 βίου
2347 1856 2641 1927 νομοθέτην
2674 1856 2929 1926 ἐσόμενον
2948 1871 2962 1886 ο
3016 1854 3155 1910 ἀλλά
3200 1854 3415 1925 φεύγων
3445 1854 3773 1925 πανταχόθεν

2196 1948 2295 2012 τὰς
2349 1949 2485 2020 πρὸς
2533 1948 2625 2001 τὸν
2656 1948 2825 2017 τύφον
2860 1947 2993 2012 ὕλας
3018 1990 3032 2015 ,
3083 1947 3240 2012 εἰδὼς
3291 1948 3530 2020 ἀρχηγὸν
3581 1947 3658 2011 ὡς
3705 1947 3773 2001 τὰ

2197 2040 2368 2093 πολλὰ
2415 2038 2513 2093 τοῦ
2548 2040 2690 2093 κατά
2737 2040 2934 2094 κακίαν
2974 2039 3090 2110 βίου
3141 2040 3202 2093 τὸ
3248 2040 3370 2094 καθ’
3403 2041 3775 2112 ὑπερηφανίαν

2197 2129 2366 2192 πάθος
2403 2129 2686 2199 γινόμενον
2710 2169 2725 2195 ,
2762 2128 2950 2201 ὥσπερ
2992 2131 3115 2185 τινὰ
3143 2131 3337 2200 λιμένα
3365 2172 3378 2198 ,
3420 2131 3510 2185 τὸν
3553 2131 3776 2202 ἡσύχιον

2196 2222 2289 2274 ἐπὶ
2315 2221 2413 2291 τῆς
2451 2222 2708 2293 πατρίδος
2740 2222 2948 2293 μέτεισι
2987 2222 3120 2293 βίον.
3147 2223 3353 2287 Παντὸς
3384 2223 3443 2277 δὲ
3477 2222 3570 2277 τοῦ
3594 2223 3776 2288 ἔθνους

2198 2312 2334 2383 πρὸς
2369 2313 2460 2366 τὸν
2492 2312 2658 2385 ἄνδρα
2691 2313 2976 2383 βλέποντος
2999 2352 3016 2379 ,
3045 2316 3139 2368 καὶ
3167 2314 3383 2368 πάντων
3412 2314 3779 2386 προσδεχομέ-

2199 2419 2305 2457 νων
2346 2403 2690 2475 δημοσιεύειν
2720 2404 2883 2458 αὐτὸν
2909 2408 2966 2458 ὲν
2997 2407 3198 2468 κοινοῖς
3228 2404 3504 2473 συλλόγοις
3529 2405 3627 2477 τὴν
3652 2404 3780 2459 παί-

2198 2493 2397 2556 δευσιν,
2436 2493 2513 2556 ὡς
2543 2494 2609 2548 ἀν
2632 2511 2755 2547 τινα
2782 2494 2993 2565 καρπὸν
3026 2495 3180 2566 σχοίη
3214 2495 3320 2547 τῶν
3355 2494 3578 2566 μακρῶν
3602 2496 3779 2548 πόνων

2198 2585 2298 2655 τὴν
2351 2586 2437 2638 ἐπ’
2465 2584 2645 2647 αὐτοῖς
2684 2584 3067 2655 εὐδοκίμησινο
3100 2585 3254 2649 είδὼς
3283 2588 3312 2638 ὁ
3354 2587 3526 2656 μέγας
3575 2587 3779 2649 ἐκεῖνος

2200 2675 2323 2731 ὅθεν
2349 2675 2620 2746 προσήκει
2639 2673 2736 2744 τὴν
2762 2673 2938 2745 ἀληθῆ
2971 2675 3285 2744 φιλοσοφίαν
3312 2675 3462 2746 παρά
3485 2675 3592 2728 τῶν
3619 2676 3780 2745 ἀκρι-

2202 2766 2312 2828 ϐῶς
2357 2766 2646 2836 μετιόντων
2677 2765 3097 2835 δημοσιεύεσθαι
3122 2807 3137 2831 ,
3172 2767 3247 2830 ὡς
3280 2766 3345 2819 ἂν
3375 2767 3584 2836 μήποτε
3628 2764 3780 2833 φιλο-

2200 2855 2359 2927 τιμίᾳ
2391 2856 2496 2908 τινὶ
2523 2855 2620 2926 τὴν
2644 2855 2822 2927 ψυχὴν
2862 2855 3096 2927 τρωθείη
3136 2857 3157 2926 (
3183 2856 3354 2920 δεινὸς
3375 2857 3484 2928 γάρ
3527 2858 3644 2909 ἐστι
3672 2854 3780 2908 τῶν

2201 2946 2505 3000 ἀκουόντων
2548 2949 2577 2999 ὁ
2603 2946 2841 3009 ἔπαινος,
2893 2946 3046 3016 τύφῳ
3086 2948 3192 2999 τινὶ
3230 2947 3323 3000 καὶ
3368 2946 3636 3015 φιλοδοξίᾳ
3681 2945 3779 3013 τῆς

2202 3037 2380 3106 ψυχῆς
2410 3036 2791 3105 ὑποχαυνῶσαι
2818 3036 2879 3089 τὸ
2910 3037 3216 3107 σύντονον),
3254 3037 3443 3090 τούτου
3471 3036 3629 3107 χάριν
3660 3035 3779 3087 ἐπί-

2203 3130 2367 3193 δειξιν
2392 3130 2624 3181 ποιεῖται
2658 3129 2754 3198 τὴν
2783 3129 2989 3198 σιωπὴν
3013 3170 3028 3194 ,
3055 3129 3201 3199 ἔργῳ
3237 3129 3448 3192 δεικνὺς
3472 3128 3561 3181 τὸν
3599 3126 3779 3195 ἐγκεί-

2209 3235 2367 3290 μενον
2395 3218 2667 3290 θησαυρδν
2693 3259 2708 3282 ,
2741 3218 2861 3287 οὐχ).
2893 3220 3101 3288 ῥήμασι
3125 3260 3139 3283 ,
3176 3218 3267 3272 καὶ
3294 3217 3401 3272 τῶν
3430 3219 3548 3271 κατ’
3577 3217 3782 3287 ἀγορὰν

2204 3308 2468 3381 θορύϐων,
2501 3310 2596 3362 καὶ
2623 3308 2848 3362 καθόλου
2892 3309 2992 3379 τῆς
3024 3310 3081 3362 ὲν
3109 3308 3259 3362 ἄστει
3288 3307 3565 3378 διαγωγῆς
3594 3305 3783 3359 ἑαυτὸν

2201 3400 2441 3470 χωρίσας
2466 3438 2480 3463 ,
2505 3401 2563 3452 ὲν
2614 3400 2841 3468 ἐσχατιᾷ
2879 3414 2983 3450 τινι
3027 3398 3205 3468 ἑαυτῷ
3246 3399 3393 3469 μόνῳ
3447 3396 3614 3467 συνῆν
3640 3437 3654 3461 ,
3689 3396 3785 3449 καὶ

2200 3489 2267 3541 δι’
2306 3486 2499 3541 ἑαυτοῦ
2529 3486 2608 3557 τῷ
2636 3486 2792 3557 Θεῷ,
2834 3487 3029 3556 μικρὸν
3086 3487 3281 3551 παντὸς
3326 3486 3422 3540 τοῦ
3454 3488 3657 3557 κόσμου
3690 3485 3786 3539 καὶ

2202 3579 2308 3634 τῶν
2337 3581 2395 3633 ὲν
2433 3578 2583 3649 αὐτῷ
2614 3579 2770 3647 λόγον
2802 3577 3141 3648 ποιούμενος,
3173 3580 3232 3632 οὐ
3285 3578 3562 3649 βασιλείας
3610 3579 3783 3632 πολυ-

2205 3668 2561 3739 πραγμονῶν,
2589 3669 2689 3721 οὐκ
2718 3668 2892 3738 ἀρχὰς
2924 3665 3187 3732 ἐξετάζων
3208 3708 3222 3733 ,
3263 3669 3323 3722 ού
3363 3670 3481 3734 πῶς
3503 3660 3785 3722 διοικεῖταί

2204 3778 2255 3814 τι
2300 3759 2408 3815 τῶν
2459 3759 2651 3814 κοινῶν
2698 3758 2983 3823 διεξιόντος
3032 3760 3280 3814 ἀκούων·
3329 3761 3443 3816 ἀλλ’
3475 3763 3622 3824 ὅπως
3650 3761 3716 3814 ἂν
3750 3764 3785 3831 ἠ

2203 3851 2348 3922 ψυχὴ
2373 3850 2439 3904 δι’
2470 3850 2670 3922 ἀρετῆς
2706 3848 3015 3920 τελειωθείη
3047 3888 3062 3912 ,
3103 3851 3202 3921 τὴν
3232 3852 3488 3921 φροντίδα
3536 3850 3787 3921 ποιούμει

2205 3958 2325 4006 νος,
2351 3940 2486 4012 πρὸς
2516 3939 2673 3993 τοῦτο
2698 3943 2762 4010 τῇ
2790 3941 2990 4010 σπουδῇ
3026 3942 3296 3995 συνέτεινε
3317 3942 3408 3995 τὸν
3438 3944 3618 3996 πάντα
3645 3942 3783 4012 βίον,

2205 4033 2299 4085 καὶ
2336 4032 2405 4083 τὰ
2434 4034 2490 4084 ἐν
2524 4030 2673 4101 αὐτῷ
2705 4031 3008 4101 πράγματα
3055 4032 3263 4104 χαίρειν
3293 4033 3488 4096 ἐάσας,
3518 4034 3674 4097 ἄλλος
3699 4050 3788 4097 τις

2209 4119 2365 4184 οὗτος
2420 4123 2477 4173 ὲν
2519 4125 2630 4184 τοῖς
2673 4121 2790 4175 καθ’
2839 4124 2985 4192 ἡμᾶς
3020 4123 3230 4194 χρόνοις
3260 4125 3499 4194 Μωῦσῆς
3548 4124 3788 4194 ἀτεχνῶς

2210 4213 2345 4284 πρὸς
2375 4213 2445 4267 τά
2477 4213 2687 4267 ἐκείνου
2716 4213 2971 4284 θαύματα
3002 4214 3097 4284 τὴν
3127 4214 3357 4284 ἅμιλλαν
3395 4215 3551 4285 ἔχων.
3600 4215 3789 4285 Ἐξῆλο

2208 4305 2298 4359 θον
2325 4305 2625 4376 ἀμφότεροι
2657 4306 2751 4359 τοῦ
2795 4300 3140 4377 ταραχώδους
3164 4306 3355 4360 τούτου
3401 4308 3493 4361 καὶ
3522 4326 3787 4379 περιηχη⁹

2210 4396 2372 4464 μένου
2414 4396 2527 4465 βίου
2555 4438 2569 4461 ,
2603 4398 2842 4466 Μωῦσῆς
2872 4399 2963 4450 καὶ
2991 4398 3288 4469 Γρηγόριος
3308 4440 3321 4463 ,
3359 4399 3497 4452 κατὰ
3532 4400 3623 4453 τὸν
3654 4400 3791 4453 ἴδιον

2207 4488 2467 4558 ἑκάτερος
2500 4487 2687 4557 χρόνον
2735 4488 2818 4556 ἐφ’
2859 4488 3050 4542 ἑαυτὸν
3087 4489 3416 4552 ίδιάσαντες,
3458 4489 3559 4553 ἕως
3606 4492 3788 4560 ἐμφα-

533 4583 696 4643 atque
726 4572 1073 4626 enitebatur:
1111 4563 1602 4635 saeculoque‘omui
1641 4577 1705 4617 ac
1739 4562 1902 4616 rebus
1928 4577 2101 4615 saccu-

2209 4579 2297 4641 νὲς
2328 4577 2657 4647 ἀμφοτέροις
2691 4579 2755 4628 ἐκ
2802 4576 3119 4643 θεοφανείας
3144 4579 3361 4646 ἐγένετο
3407 4581 3500 4631 τοῦ
3544 4578 3788 4647 καθαροῦ

532 4666 739 4719 laribus
786 4661 1117 4726 valedicens,
1172 4660 1311 4711 alter
1369 4657 1458 4710 hic
1510 4653 1719 4708 nostris
1768 4652 2105 4721 temporibus

534 4758 691 4829 plane
714 4753 927 4822 Moyses
953 4751 1073 4812 fuit,
1102 4751 1193 4820 qui
1221 4766 1346 4803 cum
1374 4749 1519 4801 illius
1546 4747 1826 4800 miraculis
1848 4750 2102 4815 certaret.

532 4847 834 4902 Exivcrunt
870 4853 1102 4911 uterque
1132 4856 1197 4895 ex
1228 4840 1546 4898 turbulento
1587 4837 2019 4906 strepitibusque
2053 4841 2108 4887 et

531 4938 866 4993 clamoribus
912 4933 1347 4989 circumsonanti
1401 4933 1505 4985 hoc
1537 4930 1756 4992 saeculo,
1818 4929 2026 4998 Moyses
2054 4935 2109 4982 et

529 5027 849 5096 Gregorius,
905 5040 1006 5079 suo
1049 5034 1280 5092 uterque
1326 5030 1572 5089 tempore
1617 5034 1711 5087 per
1745 5032 1805 5072 se
1853 5016 2104 5086 privatim

530 5120 694 5173 vitam
745 5120 1025 5186 degentes,
1081 5112 1261 5183 quoad
1297 5111 1632 5167 revelatione
1677 5117 1732 5163 et
1762 5108 2107 5178 apparitione

531 5209 716 5265 divina
749 5208 994 5277 utrisque
1026 5220 1175 5273 purae
1205 5205 1328 5258 vitae
1369 5204 1578 5256 lucrum
1617 5199 2099 5256 manifestaretur:

533 5300 629 5355 sed
680 5297 903 5367 Moysen
956 5295 1174 5365 quidem
1231 5308 1337 5349 una
1372 5308 1496 5348 cum
1548 5292 1894 5362 philosophia
1937 5293 2098 5346 etiam

532 5403 671 5442 uxor
707 5387 1074 5456 sequebatur;
1125 5384 1421 5453 Gregorius
1452 5391 1633 5437 autem
1669 5383 1953 5452 conjugem
1999 5382 2102 5435 sibi

534 5484 705 5538 solam
729 5471 985 5536 virtutem
1016 5481 1286 5549 adiunxit.
1320 5478 1458 5533 Cum
1488 5480 1650 5550 igitur
1677 5479 1752 5542 id,
1778 5479 1922 5548 quod
1956 5485 2103 5531 uter-

531 5592 639 5646 que
662 5575 871 5646 agebat,
928 5572 1117 5628 eodem
1163 5572 1456 5642 pertineret
1488 5572 1683 5641 (causa
1714 5572 1856 5626 enim
1905 5569 2100 5633 “nalis,

536 5669 599 5721 ad
633 5681 794 5735 quam
832 5672 1061 5735 uterque
1099 5680 1128 5717 ει
1158 5663 1317 5733 vulgo
1352 5663 1615 5716 secedens
1648 5662 1951 5731 spectabat,
1990 5662 2104 5714 haec

533 5758 785 5813 videlicet
827 5763 965 5824 erat,
1020 5763 1079 5810 ut
1111 5768 1247 5825 puro
1280 5753 1446 5806 animi
1493 5753 1651 5807 oculo
1692 5754 1878 5807 liceret
1908 5753 1987 5807 eis
2021 5753 2102 5805 di-

2212 4669 2327 4737 βίου
2370 4670 2431 4721 τὸ
2460 4667 2648 4737 κέρδος
2668 4684 2682 4698 ο
2712 4667 2846 4720 ἀλλὰ
2881 4668 3105 4720 Μωῦσεῖ
3147 4669 3245 4739 μὲν
3283 4669 3421 4722 κατά
3445 4670 3539 4736 τῆς
3571 4670 3790 4738 φιλοσο-

2212 4759 2338 4826 φίας
2368 4761 2460 4810 καὶ¹
2484 4756 2695 4827 γαμετὴ
2731 4759 3103 4826 συνεφείπετο’
3126 4760 3424 4829 Γρηγόριος
3450 4760 3505 4813 δὲ
3541 4761 3790 4814 σύνοικον

2212 4847 2389 4916 ἐαυτῷ
2417 4848 2583 4917 μόνην
2611 4847 2709 4916 τὴν
2735 4848 2934 4918 ἀρετὴν
2968 4850 3278 4920 ἐποιήσατο.
3309 4850 3414 4903 Τοῦ
3446 4851 3622 4903 τοίνυν
3663 4868 3791 4904 σκο-

2214 4940 2315 4993 ποῦ
2344 4940 2405 4992 τὸ
2435 4939 2547 4991 ἴσον
2582 4938 2794 5008 ἔχοντος
2836 4941 2892 4992 ἐν
2924 4940 3251 5012 ἀμφοτέροις
3300 4943 3318 5010 (
3348 4942 3517 5012 πέρας
3544 4940 3650 5012 γὰρ
3679 4941 3791 4994 τῶν

2212 5031 2533 5100 ἀμφοτέρων
2570 5031 2668 5100 τῆς
2708 5031 2815 5083 τῶν
2862 5031 3070 5084 πολλῶν
3120 5034 3519 5103 ἀναχωρήσεως
3567 5030 3635 5104 ἦν
3659 5073 3674 5098 ,
3707 5034 3792 5105 τῷ

2213 5116 2435 5187 καθαρῷ
2455 5117 2554 5186 τῆς
2579 5117 2757 5188 ψυχῆς
2788 5118 3048 5189 ὀφθαλμῷ
3076 5123 3410 5191 κατανοῆσαι
3440 5123 3506 5174 τὰ
3537 5122 3659 5175 θεῖα
3689 5140 3795 5193 μυ-

2213 5207 2483 5277 στήρια),
2536 5207 2740 5277 κρίνειν
2796 5207 2970 5270 ἔξεστι
3021 5208 3100 5278 τῷ
3161 5210 3297 5280 πρὸς
3349 5211 3550 5279 ἀρετὴν
3606 5211 3796 5271 καλῶς

2212 5297 2425 5367 βλέπειν
2449 5300 2795 5369 ἐπισταμένῳ
2817 5341 2831 5364 ,
2866 5300 3110 5370 ὁποτέρῳ
3142 5300 3344 5353 τούτων
3387 5303 3584 5371 μᾶλλον
3620 5305 3649 5356 ὁ
3676 5302 3795 5371 βίος

2209 5390 2277 5441 δι’
2303 5390 2567 5452 ἀπαθείας
2601 5390 2790 5457 γέγονε
2810 5432 2824 5454 ,
2853 5389 2929 5459 τῷ
2964 5391 3100 5461 πρὸς
3129 5390 3225 5459 τὴν
3260 5392 3488 5462 νόμιμον
3519 5394 3613 5448 καὶ
3662 5410 3796 5461 συγ-

2212 5476 2601 5546 κεχωρημένην
2655 5477 2949 5529 καταϐάντι
2991 5476 3099 5529 τῶν
3155 5477 3355 5547 ἡδονῶν
3396 5481 3724 5551 μετουσίαν,
3758 5483 3792 5552 ἢ

2210 5568 2286 5637 τῷ
2316 5569 2629 5642 κατ’ᾕαύτῆς
2660 5568 3015 5640 ύπεραρθέντι
3041 5610 3055 5633 ,
3086 5569 3179 5622 καὶ
3223 5572 3491 5642 μηδεμίαν
3532 5574 3795 5628 δεδωκότι

2210 5659 2330 5712 καθ’
2360 5659 2550 5712 ἑαυτοῦ
2583 5660 2813 5729 πάροδον
2838 5662 2903 5729 τῇ
2945 5659 3098 5732 ὑλικῇ
3131 5663 3490 5735 προσπαθείᾳ.
3522 5665 3790 5735 Φαιδίμου

2210 5752 2265 5801 δὲ
2289 5750 2427 5803 κατὰ
2452 5749 2541 5803 τὸν
2560 5752 2746 5821 χρόνον
2770 5751 2972 5802 ἐκεῖνον
2987 5750 3088 5820 τῆς
3119 5752 3173 5804 Ἀ
3185 5753 3432 5823 μασαίων
3462 5755 3796 5829 Ἑκκλησίας
