4132 6356
375 389 479 443 909

1323 385 1411 440 DE
1451 383 1615 439 VITA
1650 381 1709 440 S.
1742 379 2074 437 GREGORII
2114 377 2642 436 THAUMATURGI.

3508 382 3614 444 910

373 505 781 577 καθηγουμένου
797 522 810 537 ·
831 498 876 573 ᾧ
905 503 1090 558 θεόθεν
1113 504 1171 569 ἐξ
1188 505 1343 573 ἁγίου
1370 505 1506 558 Πνεύ
1515 521 1683 576 ματος
1706 500 1946 574 προγνω-

2050 501 2172 557 vina
2218 501 2476 571 mysteria
2508 498 2939 554 animadvertere
2990 509 3152 568 atque
3200 503 3612 574 considerare),

377 600 532 666 στική
566 613 651 658 τις
680 595 908 666 δύναμις
938 591 1006 665 ἧν
1025 611 1038 624 ⁸
1081 595 1175 648 καὶ
1203 596 1382 649 πᾶσαν
1416 595 1736 665 ποιουμένου
1769 610 1940 646 σπου-

373 688 492 758 δὴν,
528 687 676 749 ὅπως
724 686 1034 755 ὑποχείριον
1065 684 1242 737 λαϐὼν
1276 686 1365 738 τὸν
1415 687 1584 756 μέγαν
1622 684 1938 755 Γρηγόριον,

372 777 454 840 είς
476 776 797 846 Ἐκκλησίας
824 777 997 846 ἀρχὴν
1019 777 1236 844 ἀγάγοι,
1261 776 1336 839 ὡς
1356 777 1422 829 ἂν
1451 777 1524 846 μὴ
1541 775 1792 828 τοσοῦτον
1810 776 1942 842 ἀγα-

375 867 464 920 θὸν
522 867 690 935 ἀργόν
730 883 789 918 τε
839 868 932 919 καὶ
972 867 1226 936 ἀνόνητον
1279 865 1625 937 παραδράμοι
1654 867 1744 919 τὸν
1789 865 1901 934 βίον
1924 883 1937 896 ·

373 958 472 1027 τῆς
497 958 675 1027 ὁρμῆς
705 951 858 1020 οὗτος
897 955 988 1009 τοῦ
1037 957 1225 1024 ἱερέως
1271 957 1623 1027 αἰσθόμενος,
1660 956 1944 1010 λανθάνειν

373 1047 702 1116 ἐμηχανᾶτο,
741 1044 867 1099 ἀλλο
894 1061 953 1096 τε
988 1045 1122 1115 πρὸς
1157 1046 1320 1114 ἄλλην
1358 1046 1590 1117 ἐρημίαν
1624 1045 1943 1115 μετανιστά-

378 1151 554 1205 μενος.
589 1133 740 1187 Ἐπεὶ
765 1134 821 1186 δέ
856 1135 1036 1187 πᾶσαν
1069 1133 1280 1197 καθιεὶς
1320 1138 1512 1206 πεῖραν
1541 1139 1570 1189 ὀ
1599 1135 1765 1198 πολὺς
1800 1137 1941 1187 ἐκεῖ·

376 1242 465 1288 νος
492 1225 772 1295 Φαίδιμος,
807 1224 902 1276 καὶ
933 1225 1082 1296 πάσῃ
1115 1228 1328 1295 μηχανῇ
1357 1243 1414 1278 τε
1442 1228 1535 1278 καὶ
1563 1227 1777 1296 ἐπινοίᾳ
1799 1224 1942 1295 χρώ-

375 1333 561 1385 μενος,
596 1315 692 1384 οὐχ
724 1310 835 1376 οἷός
864 1330 922 1367 τε
954 1309 1021 1385 ἦν
1053 1319 1422 1384 προσαγαγεῖν
1458 1319 1522 1385 τῇ
1561 1316 1826 1387 ἱερωσύνῃ
1851 1316 1941 1368 τὸν

372 1407 572 1476 ἄνδρα,
604 1407 814 1478 μυρίοις
854 1407 1066 1477 ὄμμασι
1099 1407 1160 1460 τὸ
1196 1407 1271 1478 μὴ
1311 1407 1510 1460 ἁλῶναί
1542 1425 1672 1460 ποτε
1703 1411 1768 1477 τῇ
1799 1408 1942 1477 χειρὶ

371 1498 465 1550 τοῦ
522 1497 711 1568 ἱερέως
760 1499 1272 1569 προφυλασσόμενον
1298 1539 1312 1565 ,
1380 1499 1471 1553 καὶ
1529 1496 1596 1570 ἦν
1643 1499 1942 1568 ἐφάμιλλος

374 1588 578 1653 σπουδὴ
619 1588 949 1658 ἀμφοτέροις
972 1606 985 1619 ο
1032 1588 1126 1641 τοῦ
1181 1589 1279 1659 μὲν
1326 1589 1468 1643 ἑλεῖν
1527 1589 1939 1659 ἐπιθυμοῦντος,

371 1677 466 1729 τοῦ
499 1676 555 1728 δὲ
584 1676 884 1745 ἀποφυγεῖν
913 1676 1006 1730 τὸν
1043 1676 1306 1730 διώκοντα
1331 1678 1348 1748 (
1371 1679 1398 1730 ὁ
1431 1680 1526 1747 μὲν
1573 1678 1680 1749 γὰρ
1713 1678 1827 1748 ᾔδει
1863 1677 1941 1746 τῷ

371 1767 490 1836 Θεῷ
529 1767 817 1836 προσάξειν
845 1766 987 1837 ἱερὸν
1012 1766 1288 1838 ἀνάθημα,
1322 1770 1350 1821 ὁ
1373 1768 1428 1821 δὲ
1453 1768 1741 1831 ἐδεδοίκει,
1787 1769 1860 1838 μή
1887 1783 1940 1820 τι

2039 591 2288 662 judicare
2309 591 2433 645 licet
2454 590 2710 644 virtutem
2741 601 2886 644 recte
2915 598 3162 658 spectare
3191 591 3409 655 scienti,
3435 595 3616 649 utrius

2043 683 2238 736 horum
2269 680 2381 734 vita
2427 695 2524 749 per
2555 679 2880 732 vacuitatem
2917 679 3276 734 humanorum
3319 681 3613 737 affectuum

2032 772 2218 842 magis
2254 779 2528 826 transacta
2559 771 2667 825 sit:
2701 770 2940 833 illiusne,
2969 770 3060 838 qui
3095 771 3162 823 ad
3198 772 3496 840 legitimum
3531 781 3615 826 at-

2043 880 2148 933 que
2179 878 2501 917 concessum
2540 863 2877 930 voluptatum
2916 877 3074 916 usum
3109 862 3510 926 descenderat,
3543 881 3613 920 an

2045 956 2209 1023 hujus
2245 955 2337 1024 qui
2392 961 2445 1008 et
2493 954 2828 1023 voluptatem
2886 955 3182 1025 superavit,
3236 963 3290 1009 et
3347 958 3614 1011 materiali

2044 1065 2353 1117 crassaeqne
2409 1048 2680 1102 allectioni
2735 1049 2944 1101 nullum
2999 1047 3258 1104 adversus
3302 1064 3360 1103 se
3408 1049 3615 1102 aditum

2045 1141 2211 1193 dedit.
2265 1138 2530 1194 Caeterum
2585 1155 2708 1193 cum
2757 1139 3086 1203 Phaedimus,
3141 1139 3230 1193 cui
3283 1139 3544 1194 divinitus
3583 1156 3614 1192 a

2044 1227 2252 1299 Spiritu
2306 1239 2497 1284 sancto
2544 1229 2768 1298 praescia
2815 1230 3187 1300 (futurorum)
3236 1231 3318 1285 \is
3367 1231 3612 1298 quadam

2045 1319 2244 1384 inerat,
2282 1321 2334 1372 in
2377 1321 2468 1372 illo
2509 1330 2749 1389 tempore
2786 1321 3166 1374 Amasensiutu
3209 1319 3465 1376 Ecclesia:
3516 1335 3614 1374 an-

2045 1409 2200 1462 tistes
2233 1417 2399 1467 esset,
2436 1415 2491 1462 et
2526 1409 2673 1461 omni
2707 1408 2887 1462 studio
2933 1409 3227 1469 laboraret,
3267 1420 3326 1463 ut
3354 1427 3612 1480 magnum

2045 1494 2364 1565 Gregorium
2403 1496 2456 1548 in
2500 1505 2824 1564 potestatem
2871 1497 3174 1560 redactum,
3211 1497 3466 1552 Ευοιοεὶιε
3513 1499 3612 1552 ad-

2045 1588 2432 1642 ministrationi
2467 1589 2789 1657 praeficeret,
2821 1606 2888 1644 ne
2909 1599 3121 1644 tantum
3150 1592 3350 1645 bonum
3377 1594 3613 1648 otiosum

2043 1689 2098 1735 et
2119 1679 2204 1734 inf
2204 1680 2500 1749 rugiierum
2517 1681 2682 1733 vitam
2709 1682 3063 1750 transigeret:
3087 1692 3142 1735 ιιι
3163 1682 3252 1735 hic
3277 1683 3614 1737 sacerdotem

2046 1771 2100 1825 id
2127 1773 2334 1841 agitare
2367 1781 2533 1841 atque
2561 1773 2748 1825 conari
2777 1772 2969 1837 sensit,
3012 1774 3253 1840 cogitare
3283 1773 3470 1842 carpit,
3502 1788 3610 1842 qua

373 1856 594 1926 γένηται
648 1856 798 1926 αὐτῷ
853 1857 989 1927 πρὸς
1039 1857 1355 1926 φιλοσοφίας
1421 1859 1676 1928 ἐμπόδιον
1735 1853 1845 1910 οἶόν
1890 1875 1944 1910 τι

2051 1862 2260 1915 ratione
2305 1862 2473 1917 latere
2506 1870 2715 1931 posset,
2776 1862 2912 1916 alias
2957 1861 3023 1914 ad
3053 1861 3214 1914 aliam
3261 1861 3613 1916 solitudinem

376 1946 591 2016 φορτίον
616 1948 648 2017 ἡ
675 1947 772 2017 τῆς
794 1946 1088 2018 ἱερωσύνης
1120 1948 1338 2018 φροντὶς
1369 1949 1665 2018 ἐπειχθεῖσα
1689 1947 1766 2016 τῷ
1800 1947 1940 2018 βίῳ)’

374 2035 563 2088 τούτου
601 2036 759 2106 χάριν
804 2038 948 2108 ὁρμῇ
990 2054 1094 2092 τινι
1141 2037 1386 2109 θειοτέρα
1421 2039 1549 2109 περὶ
1592 2039 1691 2109 τὴν
1720 2055 1943 2110 προκει-

377 2127 544 2196 μένην
583 2126 814 2196 σπουδὴν
860 2128 1117 2199 ἐπαρθεὶς
1147 2131 1175 2182 ὁ
1195 2130 1449 2200 Φαίδιμος
1469 2169 1482 2193 ,
1512 2129 1662 2183 οὐδὲν
1695 2130 1944 2201 προσχὼν

374 2218 452 2288 τῷ
490 2217 690 2288 μεταξὺ
735 2220 1096 2290 διαστήματι,
1151 2215 1302 2291 ᾧπερ
1357 2221 1466 2273 ἀπὸ
1517 2219 1610 2272 τοῦ
1645 2221 1943 2291 Γρηγορίου

371 2308 639 2378 διείργετο
692 2309 900 2378 (τριῶν
932 2309 1152 2380 ἡμερῶν
1195 2309 1312 2362 ὁδὸν
1346 2309 1554 2362 ἐκείνου
1589 2309 1943 2379 ἀπέχοντος),

374 2398 509 2450 ἀλλά
547 2399 682 2470 πρὸς
709 2399 800 2451 τὸν
845 2397 975 2451 Θεὸν
1013 2398 1322 2467 ἀναῦλέψας
1349 2438 1364 2460 ,
1413 2401 1508 2451 καὶ
1541 2397 1709 2451 εἰπὼν
1747 2398 1946 2466 ὁμοίως

375 2489 564 2540 ἑαυτόν
594 2506 653 2541 τε
705 2490 955 2542 κάκεῖνον
1005 2491 1112 2542 ἐπὶ.
1143 2491 1238 2558 τῆς
1272 2491 1420 2559 ὥρας
1450 2490 1662 2560 ἐκείνης
1701 2488 1805 2541 ὑπὸ
1851 2488 1944 2540 τοῦ

375 2579 510 2631 Θεοῦ
541 2578 913 2650 καθορᾶσθαι,
951 2579 1071 2632 ἀντὶ
1115 2580 1293 2650 χειρὸς
1322 2579 1517 2648 ἐπάγει
1549 2579 1627 2649 τῷ
1659 2566 1945 2650 Γρηγόρίῳ

375 2668 466 2720 τὸν
509 2669 698 2736 λόγον,
736 2670 1050 2740 ἀφιερώσας
1093 2671 1170 2740 τῷ
1208 2670 1327 2740 Θεῷ
1373 2671 1462 2724 τὸν
1509 2670 1835 2742 σωματικῶς
1885 2671 1944 2723 ού

377 2762 640 2831 παρόντα,
679 2762 772 2814 καὶ
805 2761 1200 2833 ἀποκληρώσας
1229 2761 1378 2831 αὐτῷ
1402 2763 1499 2831 τὴν
1529 2763 1682 2814 πόλιν
1713 2763 1946 2830 ἐκείνην,

378 2853 442 2921 ἣν
497 2851 694 2920 συνέϐη
755 2853 914 2922 μέχρι
947 2852 1053 2905 τῶν
1091 2853 1210 2905 τότε
1255 2853 1460 2922 χρόνων
1490 2853 1629 2904 οὕτω
1666 2856 1729 2921 τῇ
1774 2852 1949 2923 πλάνῃ

377 2941 484 2996 τῶν
514 2941 745 2996 είδώλων
775 2943 1096 3012 κατέχεσθαι
1125 2984 1139 3006 ,
1174 2942 1312 2995 ὥστε
1360 2943 1600 3011 ἀπείρων
1638 2943 1804 2995 ὄντων
1841 2942 1949 2994 τῶν

378 3033 668 3088 οἰκούντων
694 3035 861 3104 αὐτήν
889 3051 946 3087 τε
972 3034 1067 3104 τὴν
1089 3034 1263 3097 πόλιν,
1297 3034 1389 3086 καὶ
1418 3032 1514 3104 τὴν
1545 3032 1840 3102 περίοικον,
1875 3030 1948 3101 μὴ

380 3126 597 3189 πλείους
648 3125 934 3194 εὑρεθῆναι
972 3125 1078 3176 τῶν
1125 3123 1489 3176 ἑπτακαίδεκα
1532 3124 1656 3185 τοὺς
1713 3121 1947 3191 παραδε-

379 3217 673 3285 δεγμένους
693 3216 783 3268 τὸν
817 3217 972 3283 λόγον
1001 3216 1097 3285 τῆς
1128 3215 1382 3276 πίστεως.

2046 1955 2340 2008 transiens.
2381 1952 2486 2008 Sed
2544 1967 2894 2024 posteaquam
2949 1954 3084 2007 nihil
3125 1969 3233 2007 non
3289 1956 3614 2009 intentatum

2045 2045 2385 2113 relinquens,
2449 2045 2539 2098 ille
2585 2047 2668 2097 vir
2716 2059 2944 2113 magnus
2992 2043 3322 2109 Phaedimus,
3376 2054 3426 2098 et
3466 2045 3614 2097 omni

2049 2136 2453 2190 machinatione
2482 2144 2646 2205 atque
2685 2136 2906 2191 solertia
2949 2143 3108 2191 utens
3147 2152 3253 2190 non
3295 2145 3505 2204 poterat
3533 2138 3618 2190 vi-

2047 2239 2168 2276 rum
2215 2225 2281 2277 ad
2333 2225 2700 2278 sacerdotium
2758 2223 3028 2278 adducere
3085 2225 3388 2279 innumeris
3441 2228 3616 2281 oculis

2046 2319 2464 2381 praecaventem,
2504 2327 2572 2366 ne
2608 2313 2830 2380 quando
2855 2327 3017 2366 manu
3065 2314 3364 2369 sacerdotis
3391 2331 3616 2384 capere-

2049 2411 2154 2464 tur,
2173 2411 2226 2455 et
2254 2416 2378 2454 cum
2412 2411 2639 2472 uterque
2672 2402 2812 2455 inter
2834 2418 2956 2456 sese
2987 2403 3168 2456 studio
3198 2412 3490 2466 certarent,
3525 2406 3616 2458 ilio

2047 2491 2264 2562 quidem
2301 2509 2520 2562 capere,
2570 2494 2670 2548 huc
2699 2509 2828 2547 vero
2855 2495 3234 2562 persequentis
3261 2509 3454 2548 manus
3483 2496 3618 2551 ellu-

2046 2597 2174 2653 gere
2211 2583 2460 2651 cupiente
2495 2584 2511 2635 ι
2529 2597 2650 2634 nam
2685 2583 2773 2636 ille
2799 2583 3000 2637 sciebat
3034 2598 3092 2636 se
3129 2598 3346 2637 sacrum
3380 2583 3488 2636 Deo
3515 2585 3618 2637 do-

2047 2672 2262 2725 narium
2296 2671 2604 2725 oblaturum
2639 2687 2796 2730 esse,
2840 2671 2930 2726 hic
2973 2682 3150 2725 autem
3195 2673 3502 2738 verebatur,
3550 2690 3618 2727 ne

2049 2776 2158 2831 quo
2183 2762 2341 2814 modo
2375 2762 2477 2813 sibi
2509 2761 2802 2814 sacerdotii
2831 2776 2961 2815 cura
2992 2768 3248 2830 tanquam
3276 2779 3415 2817 onus
3445 2765 3620 2831 quod-

2049 2851 2172 2904 dam
2208 2853 2329 2905 vitze
2360 2852 2635 2920 imposita,
2683 2852 2746 2904 ad
2785 2852 3182 2921 philosophiam
3232 2853 3618 2921 impedimento

2049 2946 2249 3011 esset),
2285 2943 2490 2996 idcirco
2518 2944 2716 3010 impetu
2741 2942 2974 3011 quodam
3008 2944 3189 2996 divino
3221 2943 3526 3000 Phaedimus
3551 2947 3617 2999 ad

2052 3034 2386 3103 propositum
2416 3035 2654 3088 studium
2687 3042 2999 3101 provectus,
3051 3034 3185 3086 nihil
3221 3051 3420 3088 curans
3453 3037 3620 3091 inter-

2048 3125 2252 3192 jectum
2312 3126 2582 3192 spatium,
2647 3140 2758 3194 quo
2815 3125 2884 3180 ah
2942 3124 3204 3194 Gregorio
3260 3125 3621 3182 dirimebatur

1975 3200 2016 3255 C
2053 3215 2284 3283 (quippe
2337 3214 2426 3266 ille
2476 3213 2665 3267 aberat
2718 3214 2910 3267 itinere
2958 3213 3175 3281 tridui),
3219 3215 3310 3268 scd
3351 3216 3415 3269 ad
3452 3216 3618 3270 Deum

383 3306 708 3374 suspiciens,
745 3315 1104 3374 precatusque
1133 3315 1188 3357 ut
1217 3314 1269 3358 et
1307 3308 1422 3372 ipse
1452 3313 1505 3356 et
1537 3304 1623 3356 ille
1651 3303 1853 3371 pariter
1887 3303 1941 3355 in
1985 3303 2072 3354 illa
2103 3303 2234 3356 hora
2297 3303 2365 3356 ab
2432 3302 2542 3356 Deo
2569 3306 2990 3372 respicerentur,
3026 3305 3146 3356 loco
3171 3319 3363 3359 manus
3400 3307 3621 3374 imposi-

382 3397 549 3451 tionis
572 3395 836 3464 Gregorio
869 3397 1088 3449 adhibet
1120 3411 1448 3458 sermonem,
1490 3393 1596 3448 Deo
1622 3408 1953 3448 consecratis
1991 3408 2135 3457 eum,
2180 3395 2271 3462 qui
2304 3409 2533 3462 corpore
2561 3409 2748 3448 coram
2789 3409 2895 3447 non
2940 3394 3193 3459 adesset,
3237 3403 3290 3448 et
3358 3397 3502 3448 illam
3569 3399 3619 3450 ei

383 3490 658 3542 civitatem
691 3488 973 3542 destinatis
1003 3499 1164 3556 atque
1195 3488 1518 3547 attribuens,
1571 3501 1734 3553 quam
1764 3486 2062 3554 contigerat
2095 3484 2160 3536 ad
2188 3485 2278 3538 illa
2337 3485 2455 3553 ipsa
2515 3500 2688 3553 usque
2735 3494 2980 3548 tempora
3047 3485 3182 3537 adeo
3204 3485 3620 3538 simulacrorum

382 3582 557 3636 errori
611 3581 846 3634 deditam
899 3597 1043 3642 esse,
1108 3589 1165 3634 ut
1194 3597 1315 3634 cum
1359 3580 1552 3634 inﬁniti
1601 3589 1805 3641 essent,
1863 3581 1954 3648 qui
1993 3580 2165 3648 ipsam
2237 3580 2425 3632 urbem
2492 3589 2547 3632 et
2595 3579 2867 3648 regionem
2908 3577 3386 3646 circumjaccntem
3420 3580 3621 3632 incole-

383 3682 524 3740 rent,
556 3690 663 3728 non
697 3676 879 3743 plures
913 3689 1072 3743 quam
1126 3675 1509 3744 septemdecim
1550 3674 1944 3736 invenirentur,
1984 3673 2075 3742 qui
2103 3687 2407 3727 sermonem
2443 3670 2566 3725 ﬁdei
2598 3671 2950 3725 recepissent.

458 3855 613 3907 Οὕτω
664 3856 837 3909 τοίνυν
883 3857 1125 3910 ὑπελθὼν
1173 3858 1262 3910 τὸν
1309 3855 1468 3923 ζυγὸν
1517 3858 1632 3909 κατ’
1685 3859 1947 3924 ἀνάγκην,

387 3946 604 3999 πάντων
635 3947 773 4015 μετά
799 3947 968 4001 ταῦτα
987 3949 1096 4000 τῶν
1116 3949 1359 4017 νομίμων
1503 3947 1649 4016 αὑτῷ
1673 3947 1949 3999 τελεσθέν-

385 4054 511 4100 των,
547 4039 638 4090 καὶ
672 4038 874 4109 βραχὺν
905 4039 1092 4109 χρόνον
1127 4041 1487 4108 αἰτησάμενος
1518 4039 1668 4109 παρά
1713 4038 1806 4089 τοῦ
1853 4039 1950 4105 τὴν

388 4128 685 4198 ἱερωσύνην
714 4130 1158 4200 ἐπικηρύξαντος,
1183 4130 1316 4199 πρὸς
1344 4131 1668 4198 κατανόησιν
1693 4129 1789 4197 τῆς
1814 4126 1952 4180 κατά

387 4219 448 4270 τὸ
510 4222 803 4290 μυστήριον
856 4221 1158 4290 ἀκριϐείας,
1214 4221 1416 4281 οὐκέτι,
1475 4219 1654 4280 καθώς
1711 4235 1872 4286 φησιν
1925 4220 1952 4268 ὁ

401 4309 736 4371 Ἀπόστολος,
769 4312 930 4379 σαρκὶ
953 4311 1044 4361 καὶ
1069 4311 1259 4378 αἵματι
1290 4310 1641 4380 προσανέχειν
1664 4308 1798 4377 ᾤετο
1825 4309 1952 4368 δεῖν,

390 4397 528 4449 ἀλλά
571 4398 750 4450 θεόθεν
784 4401 902 4469 ᾔτει
949 4401 1198 4466 γενέσθαι
1249 4399 1393 4468 αὐτῷ
1433 4399 1529 4469 τὴν
1561 4398 1669 4450 τῶν
1715 4397 1956 4467 κρυφίων

394 4488 696 4557 φανέρωσιν
717 4508 728 4521 ·
768 4490 860 4542 καὶ
891 4491 951 4543 οὐ
985 4492 1244 4560 πρότερον
1273 4489 1613 4561 ἐπεϐάρσησε
1643 4488 1718 4556 τῷ
1750 4486 1843 4540 τοῦ
1869 4487 1958 4538 λύ-

392 4595 488 4646 γου
532 4579 863 4648 κηρύγματι,
909 4582 1036 4650 πρὶν
1076 4581 1163 4634 διά
1209 4597 1352 4642 τινος
1394 4579 1690 4649 ἐμφανείας
1729 4576 1959 4630 ἐκκαλυ-

2129 3855 2218 3909 Sic
2245 3856 2408 3922 igitur
2434 3855 2624 3922 jugum
2677 3853 2861 3907 subire
2893 3859 3139 3915 coactus,
3182 3852 3437 3906 omnibus
3469 3866 3621 3922 post-

2057 3947 2193 4008 haec,
2237 3961 2354 4012 qua:
2389 3945 2501 3999 ﬁeri
2555 3940 2749 4004 Solent,
2789 3943 3127 3995 solemnibus
3179 3943 3232 3994 in
3263 3957 3328 3995 eo
3363 3945 3621 4010 peractis,

2057 4051 2180 4088 cum
2233 4035 2488 4103 exiguum
2526 4041 2740 4100 tempus
2792 4031 2857 4083 ad
2899 4032 3214 4100 mysterium
3250 4033 3498 4085 exactius
3533 4047 3624 4084 co-

2057 4127 2429 4193 gnoscendum
2468 4123 2535 4175 ab
2581 4137 2667 4183 eo,
2721 4121 2812 4189 qui
2846 4120 3212 4174 sacerdotium
3243 4122 3344 4190 ipsi
3377 4121 3626 4188 assigna—

2060 4223 2225 4267 verat.
2256 4211 2521 4280 petiisset,
2571 4226 2677 4262 non
2703 4209 2955 4277 amplius,
2986 4217 3043 4261 ut
3067 4209 3242 4277 inquit
3263 4210 3558 4277 Apostolus
3582 4212 3623 4274 θ,

2057 4304 2209 4356 carni
2242 4310 2294 4355 et
2328 4300 2579 4369 sanguini
2608 4298 2992 4352 adhaerendth
3033 4313 3152 4352 esse
3183 4307 3236 4351 et
3268 4298 3625 4367 acquiescen-

2058 4394 2186 4447 dum
2243 4391 2488 4461 putabat,
2538 4389 2628 4442 sed
2675 4404 2703 4441 a
2735 4387 2847 4442 Deo
2892 4389 2992 4442 sibi
3028 4389 3241 4441 occulta
3289 4387 3628 4442 manifestari

2062 4484 2312 4553 petebat;
2345 4498 2409 4535 ac.
2439 4497 2546 4536 non
2584 4481 2736 4550 prius
2767 4479 3209 4547 praedicationem
3238 4480 3506 4531 sermonis
3536 4493 3630 4548 ag-

2062 4573 2212 4644 gredi
2247 4571 2528 4634 sustinuit,
2567 4583 2727 4638 quam
2766 4582 2860 4634 per
2905 4566 3194 4634 quamdam
3228 4567 3628 4634 apparitionem

394 4669 593 4737 φθῆναι
638 4671 784 4739 αὐτῷ
819 4672 911 4740 τὴν
955 4671 1227 4741 ἀλήθειαν.
1280 4671 1640 4741 Σκοπουμὲνῳ
1673 4669 1779 4739 γὰρ
1813 4668 1949 4736 αὑτᾷ

2063 4666 2112 4718 ei
2143 4663 2346 4716 veritas
2376 4661 2732 4714 rth-laretur.
2760 4655 2893 4711 Cum
2925 4657 3066 4709 enim
3095 4672 3188 4725 per
3219 4664 3385 4709 totam
3413 4665 3628 4710 noctem

395 4774 524 4810 ποτε
551 4759 789 4828 ἐννύχιον
827 4762 952 4830 περὶ
976 4759 1066 4812 τοῦ
1100 4760 1256 4829 λόγου
1283 4762 1381 4830 τῆς
1411 4762 1663 4822 πίστεως,
1709 4759 1800 4811 καὶ
1829 4774 1963 4810 παν-

394 4850 568 4913 τοίους
595 4850 931 4903 ἀνακινοῦντι
957 4852 1248 4920 λογισμούς
1299 4848 1457 4922 (ἦσαν
1480 4852 1587 4921 γάρ
1627 4850 1690 4920 δὴ
1723 4850 1814 4902 καὶ
1842 4849 1961 4901 τότε

396 4941 569 5004 τινὲς,
605 4943 651 4992 oi
691 4942 788 5010 τὴν
833 4941 1025 5012 εὐσεϐῆ
1060 4942 1402 4994 διδασκαλίαν
1433 4941 1962 5012 παραχαράττοντες,

397 5033 483 5086 διὰ
513 5035 609 5104 τῆς
643 5033 993 5102 πιθανότητος
1026 5033 1133 5085 τῶν
1167 5035 1604 5102 ἐπιχειρημάτων
1624 5072 1637 5093 ,
1669 5029 1966 5099 ἀμφίϐολον

401 5122 676 5184 ποιοῦντες
720 5122 976 5184 πολλάκις
1017 5122 1107 5174 καὶ
1136 5124 1247 5184 τοῖς
1280 5121 1514 5182 συνετοῐς
1547 5119 1643 5189 τὴν
1675 5116 1958 5188 ἀλήθειαν·

401 5213 538 5281 ὑπὲρ
583 5207 648 5282 ἦς
678 5213 797 5264 τότε
837 5211 1250 5280 διαγρυπνοῦντι
1299 5209 1445 5280 αὐτῷ
1493 5213 1585 5262 καὶ
1633 5209 1965 5279 φροντίζοντι

402 5304 646 5368 φαίνεταί
683 5321 764 5366 τις
794 5303 913 5356 καθ’
949 5303 1096 5373 ὕπαρ
1123 5304 1179 5354 ὲν
1224 5302 1546 5370 ἀνθρωπίνῳ
1588 5300 1664 5369 τῷ
1707 5302 1963 5369 σχήματι,

365 5445 374 5456 ,
402 5393 664 5461 γηραλέος
694 5396 750 5446 τὸ
782 5392 916 5457 εἶδος
939 5435 953 5456 ,
989 5393 1314 5464 ἱεροπρεπὴς
1339 5396 1401 5462 τῇ
1434 5389 1735 5460 καταστολῇ
1764 5391 1855 5442 τοῦ
1887 5393 1968 5442 ἐν·

401 5481 460 5533 δύ
471 5501 653 5552 ματος,
686 5484 881 5555 πολλὴν
910 5484 1279 5555 ἐπισημαίνων
1306 5483 1402 5553 τὴν
1430 5483 1628 5552 ἀρετὴν
1659 5485 1721 5551 τῇ
1759 5479 1884 5549 περὶ
1911 5479 1969 5532 τδ

516 5723 538 5753 ⁸
577 5723 756 5778 Galat.
796 5741 848 5790 ι,
890 5725 974 5779 l6.

2061 4750 2357 4820 aliquando
2387 4749 2454 4802 de
2477 4747 2689 4800 ratione
2721 4753 2883 4814 atque
2916 4759 3168 4798 sermone
3196 4744 3315 4797 ﬁdei
3341 4745 3632 4812 dispiceret

2061 4851 2116 4898 et
2154 4839 2554 4908 specularetur,
2593 4845 2647 4890 et
2682 4838 2862 4889 varias
2910 4835 3094 4887 animo
3125 4835 3485 4899 cogitationes
3519 4833 3632 4900 agi-

2063 4941 2204 4986 taret
2232 4951 2244 4985 :
2269 4938 2426 4984 erant
2446 4929 2588 4982 enim
2612 4927 2867 4980 nimirum
2893 4927 3054 4978 etiam
3085 4932 3212 4976 tunc
3239 4924 3506 4987 nonnulli,
3534 4923 3630 4990 qui

2065 5025 2206 5094 piam
2229 5032 2281 5077 et
2310 5022 2578 5076 sinceram
2605 5016 2883 5086 religionis
2906 5015 3208 5068 doctrinam
3236 5013 3630 5076 adulterarent,

2066 5130 2130 5169 ac
2195 5128 2293 5183 per
2344 5110 2654 5181 probabiles
2701 5105 3200 5173 argumentationes
3261 5117 3634 5172 saepenumero

2067 5207 2229 5260 etiam
2263 5203 2438 5256 doctis
2465 5209 2514 5254 et
2549 5197 2909 5268 prudentibus
2945 5193 3224 5248 veritatem
3257 5193 3497 5245 facerent
3525 5207 3635 5244 am-

2069 5297 2284 5365 biguam
2335 5309 2347 5344 :
2393 5309 2488 5360 pro
2521 5307 2626 5360 qua
2675 5297 2805 5342 tunc
2841 5289 2890 5340 ei
2931 5285 3243 5356 pervigilem
3291 5285 3438 5338 curis
3469 5291 3635 5352 atque

2071 5384 2437 5440 sollicitudine
2483 5390 2693 5436 noctem
2728 5378 2927 5449 agenti,
2977 5375 3196 5446 quidam
3239 5376 3292 5428 in
3331 5375 3496 5444 ﬁgura
3529 5375 3634 5426 hu-

2072 5491 2254 5541 mana,
2282 5474 2417 5528 facie
2449 5488 2514 5527 ac
2562 5472 2734 5526 forma
2770 5470 2925 5525 senili
2959 5469 3238 5524 evidenter
3279 5475 3520 5527 apparet.
3548 5479 3637 5517 or-
