4132 6356
479 411 575 468 9H

1683 393 1740 445 S.
1772 381 2102 445 GREGORII
2142 382 2430 438 NYSSENI

3624 369 3734 428 912

483 533 614 580 natu
685 531 847 590 atque
921 515 1321 586 compositione
1386 509 1689 564 indumenti
1761 514 2051 577 augustum

2176 504 2448 574 πρόσωπον
2479 499 2684 571 χάριτι,
2713 499 2810 550 καὶ
2838 498 2903 567 τῇ
2942 492 3273 548 καταστάσει
3301 489 3394 544 τοῦ
3431 488 3729 559 σχήματος.

483 610 796 683 quemdam,
844 621 1064 662 sacrum
1115 619 1178 658 ac
1205 602 1450 656 divinum
1481 599 1726 654 referens
1775 600 2050 664 decorem,

483 716 734 773 magnam
789 700 962 770 gratia
1017 697 1196 751 vultus
1245 702 1412 762 atque
1457 691 1820 760 dispositione
1865 689 2053 758 ﬁgurae

484 809 597 864 pra:
626 809 686 847 se
717 791 897 845 ferens
928 791 1205 841 virtutem.
1250 783 1350 838 Hic
1395 797 1522 837 vero
1556 782 1677 836 visu
1711 780 2053 850 perterritus,

482 893 535 938 et
566 895 791 950 surgere
825 895 852 932 ο
889 880 1049 938 lecto,
1080 881 1136 928 et
1169 874 1293 942 quis
1314 881 1483 932 esset,
1515 870 1742 938 cujusve
1773 869 1849 922 rei
1883 867 2056 938 gratia

481 973 742 1032 venisset,
764 967 1058 1023 sciscitari.
1089 965 1225 1019 Cum
1255 971 1436 1018 autem
1473 963 1563 1016 ille
1591 960 2057 1031 perturbationem

484 1062 680 1117 mentis
706 1061 824 1129 ejus
870 1057 1144 1113 submissa
1175 1071 1309 1111 voce
1336 1055 1586 1109 sedasset
1621 1067 1684 1106 ac
1710 1051 1962 1114 dixisset,
2001 1064 2060 1104 se

478 1155 638 1223 jussu
700 1153 886 1206 divino
934 1149 1258 1222 apparuisse
1307 1147 1354 1200 ei
1409 1155 1626 1214 propter
1654 1159 1748 1198 eas
1794 1144 2057 1201 rationes,

485 1262 606 1317 qua:
626 1245 768 1316 apud
800 1245 977 1314 ipsum
1001 1250 1370 1296 controversa:
1390 1245 1444 1290 et
1474 1236 1740 1306 ambiguae
1765 1240 1970 1293 essent,
2003 1237 2063 1284 ut

482 1342 585 1411 pia:
633 1338 755 1393 ﬁdei
791 1337 992 1392 veritas
1042 1334 1419 1389 revelaretur:
1457 1339 1511 1383 et
1545 1329 1688 1383 bono
1719 1327 1904 1380 animo
1942 1340 2064 1378 esse

485 1431 676 1485 audito
704 1442 979 1492 sermone,
1013 1433 1068 1480 et
1093 1439 1217 1478 cum
1249 1422 1488 1492 quodam
1520 1420 1721 1490 gaudio
1751 1427 1915 1486 atque
1941 1431 2065 1469 con-

484 1521 825 1578 sternatione
859 1518 1010 1571 illum
1043 1517 1291 1568 contueri
1323 1528 1337 1575 ;
1367 1511 1562 1565 deinde
1591 1524 1712 1561 cum
1746 1507 1834 1560 ille
1859 1505 2066 1560 directo

487 1627 711 1680 manum
737 1606 1125 1678 protendisset,
1153 1611 1210 1658 et
1239 1602 1398 1671 quasi
1427 1597 1742 1654 ostenderet
1773 1597 1822 1651 ei
1856 1611 1950 1664 per
1979 1594 2066 1646 di-

483 1706 721 1775 gitorum
748 1702 1015 1755 directam
1049 1695 1456 1766 protensionem
1503 1690 1558 1744 id
1596 1688 1838 1760 quodex
1885 1695 2068 1740 trans-

489 1811 647 1850 verso
695 1792 1026 1863 apparebat:
1076 1789 1165 1842 hic
1208 1794 1262 1842 et
1307 1800 1411 1838 una
1458 1797 1583 1838 cum
1634 1782 1843 1836 directa
1874 1793 2069 1833 manus

490 1883 838 1953 protensione
868 1879 1242 1945 circumagere
1274 1889 1434 1928 suum
1481 1871 1755 1933 obtutum,
1792 1876 1847 1922 et
1881 1867 2067 1922 videre

491 1975 636 2028 aliud
669 1981 946 2042 spectrum
991 1967 1283 2022 adversum
1319 1967 1391 2028 ei,
1420 1964 1566 2034 quod
1604 1967 1760 2032 prius
1789 1974 2066 2032 apparue-

491 2074 594 2128 rat,
628 2066 684 2118 in
714 2064 884 2132 ﬁgura
918 2060 1168 2115 muliebri
1198 2058 1558 2112 excellentius
1590 2055 1850 2126 quiddam
1878 2063 1932 2108 et
1968 2068 2064 2107 au-

492 2157 726 2226 gustius,
777 2167 940 2222 quam
1004 2163 1106 2220 pro
1163 2149 1400 2202 humana
1459 2148 1814 2202 conditione:
1874 2159 2067 2198 rursus

492 2257 671 2301 autem
702 2243 1022 2315 perterritus
1050 2251 1103 2296 et
1134 2239 1272 2294 facie
1295 2254 1490 2293 aversa
1519 2239 1728 2292 vultum
1756 2237 2066 2300 demittere,

495 2350 558 2388 ac
589 2335 877 2404 perplexus
927 2338 982 2384 et
1007 2329 1420 2384 dubitabundus
1460 2327 1711 2382 haesitare
1749 2327 1815 2394 de
1857 2334 2068 2394 specta-

493 2428 640 2487 culo,
691 2441 812 2478 cum
859 2424 1034 2478 oculis
1072 2422 1466 2490 apparitionem
1513 2419 1656 2474 ferre
1715 2433 1822 2471 non
1883 2423 2071 2486 posset

496 2518 732 2588 (ctenim
759 2515 1082 2568 miraculum
1112 2511 1340 2567 visionis
1379 2510 1634 2563 nimirum
1675 2508 1727 2561 in
1765 2509 1867 2560 hoc
1897 2506 2069 2576 potis-

495 2611 690 2664 simum
719 2617 852 2669 erat,
888 2605 1033 2675 quod
1074 2619 1198 2658 cum
1244 2617 1351 2656 nox
1382 2610 1528 2656 esset
1577 2601 1833 2663 obscura,
1890 2600 2070 2650 lumen

496 2714 602 2753 una
631 2713 756 2752 eum
791 2698 878 2758 iis,
919 2699 1010 2766 qui
1046 2702 1434 2765 apparuerant,
1477 2694 1525 2748 ei
1578 2693 1880 2752 allluxerat,
1911 2689 2070 2760 quasi

497 2791 679 2858 aliqua
735 2786 914 2841 lucida
971 2787 1106 2840 taeda
1163 2787 1461 2853 accensa);
1517 2799 1640 2838 emn
1687 2783 1853 2851 igitur
1897 2781 2071 2834 oculis

499 2877 640 2930 l'erre
691 2875 1085 2945 apparitionem
1138 2889 1246 2927 non
1302 2882 1507 2942 posset,
1555 2886 1766 2936 eorum,
1821 2872 1914 2939 qui
1966 2870 2070 2922 sibi

499 2973 890 3036 apparuerant,
928 2965 1070 3018 inter
1104 2977 1226 3018 sese
1266 2964 1529 3017 rationem
1562 2963 1684 3030 ejus
1723 2961 1821 3026 rei,
1870 2960 1939 3014 de
1965 2974 2073 3030 qua

497 3056 898 3125 ambigebatur,
946 3055 1335 3123 exponentium
1368 3053 1878 3108 sermocinationem
1918 3051 2076 3103 audi-

2147 595 2258 648 -Τὸν
2283 595 2341 648 δέ
2375 589 2790 659 καταπλαγέντα
2819 589 2885 658 τῇ
2926 586 3069 656 ὕψει,
3102 581 3455 652 διαναστῆναι
3497 581 3595 650 μὲν
3635 579 3732 650 τῆς

2147 686 2319 756 ,εὐνῆς
2351 683 2448 736 καὶ
2474 685 2621 744 ὅστις
2662 680 2746 750 εἴη
2797 677 2986 748 μαθεῖν
3029 675 3221 738 ἐδεῖτο,
3271 672 3366 725 καὶ
3412 670 3554 740 ὑπὲρ
3587 669 3734 733 τίνος

2145 776 2300 845 κῆκοι.
2355 773 2594 826 Ἐκείνου
2632 769 2690 822 δὲ
2738 765 3187 827 καταστείλαντος
3231 760 3396 816 αὑτοῦ
3429 759 3528 830 τὴν
3567 776 3735 832 ταραο

2159 866 2256 937 κῆν
2305 866 2404 936 τῆς
2458 862 2694 924 διανοίας
2746 861 2804 912 ὲν
2841 856 3086 929 ἠρεμαίᾳ
3137 856 3310 924 φωνῇ,
3359 851 3452 906 καὶ
3489 852 3736 914 εἰπόντος

2160 955 2289 1025 θείῳ
2315 954 2694 1025 προστάγματι
2717 949 3019 1018 πεφηνέναι
3053 945 3200 1015 αὐτῷ
3229 944 3338 997 τῶν
3365 941 3738 1012 ἀμφισϐητου-

2165 1047 2340 1116 μένων
2369 1045 2498 1116 παρ’
2530 1043 2696 1097 αὐτοῦ
2726 1041 2906 1112 χάριν,
2937 1041 3011 1102 ὡς
3045 1038 3111 1092 ἂν
3137 1033 3507 1106 ἐκκαλυφθείῃ
3532 1032 3632 1102 τῆς
3653 1031 3738 1084 εὐ-

2165 1133 2355 1198 σεϐοῦς
2385 1133 2618 1194 πίστεως
2642 1134 2675 1202 ὴ
2703 1130 2931 1199 ἀλήθεια
2949 1144 2964 1156 ο
2991 1123 3261 1198 θαρσῆσαί
3283 1140 3342 1176 τε
3370 1122 3505 1194 πρὸς
3534 1121 3625 1174 τὸν
3648 1119 3736 1173 λό-

2163 1244 2279 1296 γον,
2312 1225 2405 1278 καὶ
2445 1223 2636 1294 βλέψαι
2672 1221 2806 1292 πρὸς
2857 1219 3020 1272 αὑτὸν
3057 1218 3196 1288 μετά
3243 1231 3386 1277 τινος
3432 1213 3606 1283 χαρᾶς
3647 1210 3740 1263 καὶ

2165 1316 2499 1385 ἐκπλήξεως.
2554 1309 2688 1367 Εἶτα
2721 1311 2932 1366 ἐκείνου
2966 1309 3085 1362 κατ’
3125 1307 3254 1360 εὐθὺ
3288 1306 3386 1376 τὴν
3417 1306 3572 1374 χεῖρα
3601 1316 3739 1370 προσ

2164 1409 2456 1471 τείναντος,
2488 1406 2584 1458 καὶ
2617 1398 2729 1457 οἷον
2759 1399 3168 1461 ὑποδεικνύντος
3194 1396 3342 1466 αὐτῷ
3380 1394 3469 1448 διὰ
3503 1394 3602 1462 τῆς
3631 1389 3740 1443 τῶν

2166 1497 2444 1551 δακτύλων
2489 1494 2706 1556 εὐθείας
2741 1491 2803 1544 τὸ
2847 1492 2914 1542 ἐκ
2951 1489 3181 1556 πλαγίου
3229 1485 3570 1556 φαινόμενον,
3606 1499 3742 1552 συμ-

2170 1587 2528 1656 περιαγαγεῖν
2575 1582 2763 1635 τοῦτον
2801 1582 2868 1651 τῇ
2910 1578 3097 1648 εὐθείᾳ
3138 1579 3237 1646 τῆς
3273 1573 3453 1644 χειρὸς
3506 1571 3568 1623 τὸ
3613 1569 3742 1621 ἴδιον
3827 1617 3842 1636 Ι

2172 1678 2422 1749 βλέμμα,
2457 1675 2551 1730 καὶ¹
2587 1675 2712 1728 ἰδεῖν
2759 1670 3171 1741 ἀντιπρόσωπον
3213 1668 3400 1737 ἕτερον
3444 1663 3621 1730 θέαμα
3665 1659 3743 1730 τῷ

2170 1771 2406 1840 ὀφθέντι,
2435 1770 2494 1822 ἐν
2521 1766 2816 1837 γυναικείῳ
2851 1763 2929 1836 τῷ
2955 1765 3213 1834 σχήματι,
3255 1759 3501 1830 κρεῖττον
3534 1756 3567 1826 ἢ
3606 1751 3745 1806 κατά

2103 1835 2143 1890 Β
2169 1835 2483 1934 ἀνθρωπονο
2525 1835 2687 1912 πάλιν
2733 1835 3256 1922 δὲήκαταπλαγέντα,
3294 1844 3646 1917 ωγκλιθῆναί
3683 1857 3745 1895 τε

2173 1955 2310 2026 πρὸς
2346 1953 2536 2006 ἑαυτὸν
2575 1950 2653 2021 τῷ
2684 1947 2991 2020 προσώπῳ,
3033 1945 3128 1998 καὶ
3161 1942 3460 2012 ἀμηχανεῖν
3502 1936 3580 2007 τῷ
3623 1934 3747 1990 θεά·

2172 2063 2339 2119 ματι,
2393 2045 2470 2117 μὴ
2529 2044 2762 2113 φέροντα
2806 2043 2922 2103 τοῖς
2967 2036 3264 2106 ὀφθαλμοῖς
3311 2033 3410 2103 τὴν
3449 2029 3747 2100 ἐμφάνειαν

2167 2141 2305 2210 (καὶ
2346 2139 2456 2208 γὰρ
2499 2137 2563 2209 δὴ
2603 2136 2664 2189 τὸ
2699 2132 3000 2204 παράδοξον
3041 2131 3139 2199 τῆς
3177 2125 3441 2185 ὀπτασίας
3480 2125 3536 2173 ἐν
3574 2119 3749 2189 τούτῳ

2173 2231 2407 2301 μάλιστα
2454 2225 2544 2300 ἦν,
2599 2228 2680 2279 ὃτι
2731 2224 2920 2285 νυκτὸς
2971 2219 3138 2290 οὔσης
3181 2217 3421 2288 βαθείας,
3474 2213 3588 2282 φῶς
3638 2213 3749 2271 τοῖς

2168 2322 2410 2390 ὀφθεῖσιν
2438 2317 2588 2388 αὐτῷ
2620 2313 3021 2383 συνεξέλαμψεν
3044 2353 3058 2372 ,
3091 2309 3280 2378 ὥσπερ
3312 2304 3458 2368 τινος
3488 2301 3749 2390 λαμπράς

2169 2386 2865 2482 ἐξαπτομένης-λαμπάδος
2892 2405 2932 2474 ).
2980 2401 3133 2454 Ἐπεὶ¹
3164 2395 3255 2452 οὖν
3288 2397 3388 2467 οὐχ
3425 2390 3535 2456 οἷός
3574 2409 3634 2444 τε
3681 2386 3750 2461 ἦν

2171 2504 2362 2575 φέρειν
2402 2504 2518 2564 τοῖς
2559 2497 2858 2568 ὀφθαλμοῖς
2901 2494 2998 2565 τὴν
3043 2491 3377 2562 ἐμφάνειαν,
3431 2487 3631 2556 ἢκουσε
3663 2482 3752 2534 διὰ

2171 2573 2330 2664 λόγου
2361 2593 2506 2656 τινὸς
2529 2591 2641 2646 τῶν
2667 2590 2941 2660 ὀφθέντων
2984 2583 3155 2652 αὐτῷ,
3188 2583 3322 2652 πρὸς
3362 2576 3625 2648 ἀλλήλους
3660 2573 3751 2626 τὸν

2171 2705 2238 2740 πε
2249 2688 2301 2758 pl.
2330 2684 2426 2738 τοῦ
2459 2683 2792 2754 ζητουμένου
2821 2681 2978 2748 λόγον
3005 2676 3308 2743 διεξιόντων
3327 2690 3340 2703 ο
3370 2671 3438 2724 δι’
3461 2664 3535 2724 ὧν
3563 2669 3624 2721 ού
3659 2666 3752 2737 μό-

2173 2757 2263 2831 νον
2291 2774 2585 2844 ἐπαιδεύθη
2620 2774 2718 2844 τὴν
2753 2770 2928 2840 ἀληθῆ
2955 2767 3157 2838 γνῶσιν
3195 2765 3294 2834 τῆς
3323 2763 3580 2826 πίστεως,
3617 2757 3754 2812 ἀλλὰ

2172 2869 2269 2922 καὶ
2294 2868 2381 2921 διὰ
2407 2867 2518 2920 τῶν
2552 2865 2830 2936 ὀνομάτων
2857 2863 2985 2923 τοὺς
3018 2855 3386 2926 ἐπιφανέντας
3433 2852 3750 2922 ἐγνώρισεν,

2175 2960 2436 3030 ἐκατέρου
2475 2956 2654 3010 αὐτῶν
2679 2954 2766 3008 διὰ
2791 2953 2892 3023 τῆς
2923 2951 3127 3012 οίκείας
3157 2945 3527 3018 προσηγορίας
3552 2945 3755 2996 ἀνακα-

2175 3051 2394 3114 λοῦντος
2420 3049 2512 3103 τὸν
2540 3049 2749 3118 ἓτερον.
2795 3043 3053 3097 Ἀκοῦσαι
3085 3041 3194 3111 γὰρ
3231 3040 3446 3106 λέγεται
3481 3033 3631 3103 παρά
3655 3031 3755 3102 τῆς

501 3147 596 3211 vit,
631 3161 728 3214 per
767 3151 929 3215 qnam
979 3160 1084 3198 non
1129 3145 1304 3198 solum
1338 3145 1547 3212 accepit
1577 3158 1758 3196 veram
1808 3142 2073 3212 cognitio-

2179 3146 2236 3197 ἐν
2263 3141 2554 3211 γυναικείῳ
2585 3139 2842 3210 φανείσης
2867 3135 2942 3206 τῷ
2965 3136 3202 3205 σχήματι
3224 3127 3648 3200 παρακαλούσης
3669 3123 3757 3177 τὸν

501 3251 625 3290 nem
651 3235 794 3300 ﬁdei,
819 3249 1004 3288 verum
1027 3240 1192 3288 etiam
1213 3234 1532 3287 nominatim
1555 3248 1671 3295 eos,
1697 3232 1788 3302 qui
1815 3247 2077 3302 apparue-

503 3335 648 3393 rant,
679 3329 954 3397 cognovit,
989 3331 1220 3394 utroque
1240 3340 1427 3379 eorum
1459 3326 1678 3393 prepria
1710 3325 2075 3394 appellatione

503 3416 734 3469 alterum
771 3415 1098 3482 alloquente.
1135 3413 1424 3467 Audivisse
1469 3413 1614 3466 enim
1649 3412 1853 3466 dicitur
1883 3427 1949 3466 ex
1987 3427 2075 3477 ea,

503 3521 626 3576 qum
655 3506 710 3559 in
743 3505 992 3558 muliebri
1043 3503 1227 3557 habitu
1265 3504 1379 3557 visa
1416 3515 1553 3566 erat,
1603 3518 1728 3556 cum
1764 3503 2080 3556 hortaretur

503 3596 892 3666 evangelistam
931 3593 1218 3657 Joannem,
1265 3601 1326 3664 ut
1375 3593 1707 3648 adolescenti
1756 3595 2076 3663 mysterium

504 3699 646 3740 vera:
681 3684 898 3753 pietatis
948 3683 1187 3750 aperiret
1235 3697 1299 3735 ac
1349 3681 1687 3748 declararet;
1721 3690 1886 3752 atque
1925 3683 2077 3736 illum

507 3776 733 3838 dixisse,
775 3788 835 3828 se
884 3781 1131 3842 paratum
1170 3787 1292 3825 esse
1329 3773 1492 3825 etiam
1544 3773 1599 3825 in
1633 3773 1734 3826 hoc
1767 3774 1924 3827 matri
1975 3773 2082 3828 Do—

509 3865 642 3918 mini
674 3861 989 3933 gratiﬁcari,
1023 3862 1279 3930 quoniam
1309 3861 1411 3915 hoc
1437 3861 1488 3915 ei
1521 3862 1674 3915 cordi
1699 3871 1882 3918 esset:
1917 3871 2081 3934 atque

511 3958 605 4022 ita,
644 3955 890 4024 exposito
925 3965 1201 4013 sermone,
1258 3951 1352 4021 qui
1391 3959 1444 4005 et
1479 3953 1560 4006 rei
1595 3954 1836 4021 quaesitae
1881 3968 2082 4008 conve—

511 4049 673 4112 niret,
711 4055 764 4101 et
791 4045 1084 4100 admodum
1141 4045 1276 4098 bene
1327 4043 1587 4098 deﬁnitus
1626 4052 1680 4098 et
1729 4045 2081 4098 circumscri-

511 4147 636 4209 ptus
663 4146 830 4202 esset,
863 4151 1054 4192 rursus
1082 4152 1145 4190 ex
1170 4134 1345 4189 oculis
1373 4134 1717 4200 discessisse,
1739 4145 1902 4204 atque
1935 4135 2081 4188 hunc

511 4239 782 4308 extemplo
813 4237 1051 4291 divinam
1108 4236 1252 4289 illam
1299 4235 1698 4289 institutionem
1745 4249 1809 4287 ac
1838 4234 2086 4304 discipli-

513 4343 638 4382 nam
666 4327 862 4388 litteris
909 4324 1218 4388 mandasse,
1268 4331 1324 4378 et
1359 4323 1660 4378 secundum
1713 4322 1859 4375 illam
1897 4333 2081 4392 postea

2180 3232 2572 3303 εὐαγγελιστὴν
2633 3230 2905 3298 Ἰωάννην,
2948 3224 3260 3296 φανερῶσαι
3292 3221 3370 3289 τῷ
3413 3218 3518 3289 νέῳ
3557 3218 3618 3270 τὸ
3660 3215 3759 3284 τῆς

2180 3323 2460 3384 εὐσεϐείας
2521 3322 2853 3391 μυστήριον·
2903 3319 3110 3370 ἐκεῖνον
3158 3315 3214 3366 δέ
3258 3313 3467 3373 εἰπεῖν,
3527 3308 3760 3376 ἑτοίμως

2180 3413 2323 3482 ἔχειν
2365 3411 2460 3464 καὶ.
2499 3409 2656 3462 τοῦτο
2695 3412 2762 3478 τῇ
2809 3405 2976 3476 μητρὶ
3018 3403 3112 3456 τοῦ
3154 3403 3354 3472 Κυρίου
3407 3397 3756 3472 χαρίσασθαι,

2182 3502 2370 3574 ἐπειδὴ
2407 3501 2566 3554 τοῦτο
2593 3498 2745 3567 φίλον
2773 3498 2912 3567 αὐτῇ
2934 3512 2948 3526 ·
2981 3496 3074 3549 καὶ
3106 3495 3276 3556 οὕτως
3302 3493 3522 3546 εἰπόντα
3555 3490 3646 3543 τὸν
3672 3488 3762 3540 λό-

2180 3611 2276 3662 γον
2320 3590 2632 3662 σύμμετρόν
2678 3605 2738 3641 τε
2778 3589 2871 3641 καὶ
2911 3586 3382 3656 εὐπερίγραπτον,
3423 3583 3584 3636 πάλιν
3635 3596 3761 3650 μετ-

2182 3684 2477 3752 αναστῆναι
2505 3679 2614 3732 τῶν
2651 3678 2848 3748 ὄψεων.
2878 3679 2982 3731 Τὸν
3011 3678 3066 3730 δέ
3097 3675 3439 3747 παραχρῆμα
3472 3673 3573 3744 τὴν
3613 3671 3763 3724 θείαν

2184 3775 2396 3844 ἐκείνην
2431 3773 2820 3845 μυσταγωγίαν
2853 3770 3175 3841 γράμμασιν
3210 3765 3638 3837 ἐνσημήνασθαι,
3671 3763 3762 3816 καὶ

2185 3867 2303 3920 κατ’
2347 3865 2560 3934 ἐκείνην
2604 3863 2740 3934 μετά
2767 3860 2938 3916 ταῦτα
2970 3859 3266 3930 κηρύσσειν
3302 3858 3360 3909 ἐν
3389 3859 3456 3927 τῇ
3501 3854 3763 3924 ἐκκλησίᾳ

2184 3959 2274 4009 τὸν
2302 3957 2478 4023 λόγον,
2521 3956 2615 4007 καὶ
2649 3957 2760 4015 τοῖς
2787 3952 2983 4021 ἐφεξῆς
3003 3992 3017 4016 ,
3059 3950 3249 4019 ὥσπερ
3277 3947 3398 4000 τινὰ
3435 3945 3637 4016 κλῆρον
3664 3945 3766 4013 τὴν

2187 4048 2465 4101 θεόσδοτον
2519 4047 2733 4116 ἐκείνην
2778 4044 3127 4097 διδασκαλίαν
3183 4041 3534 4095 καταλιπεῖν’
3586 4038 3656 4090 δι’
3697 4032 3767 4106 ἦς

2193 4142 2629 4210 μυσταγωγεῖται
2661 4138 2820 4206 μέχρι
2845 4136 2938 4188 τοῦ
2970 4136 3064 4188 νῦν
3096 4137 3125 4187 ό
3157 4133 3372 4201 ἐκείνης
3407 4131 3554 4192 λαὸς,
3585 4130 3766 4197 πάσης

2190 4227 2472 4298 αῖρετικῆς
2518 4225 2714 4288 κακίας
2765 4223 3046 4292 διαμείνας
3092 4221 3406 4290 ἀπείρατος.
3448 4217 3530 4270 Τά
3569 4215 3625 4268 δὲ
3667 4214 3764 4283 τῆς

2195 4316 2580 4390 μυσταγωγίας
2610 4317 2848 4387 ῥήματα,
2881 4314 3055 4368 ταῦτά
3086 4316 3253 4367 ἐστιν·

512 4423 568 4475 in
602 4420 835 4476 ecclesia
863 4433 1171 4472 sermonem
1211 4416 1562 4485 praedicasse,
1613 4429 1676 4468 ac
1711 4415 1942 4482 posteris
1980 4424 2237 4485 tanquam
2307 4410 2696 4480 patrimonium
2733 4406 3005 4477 quoddam
3072 4414 3124 4459 et
3192 4405 3447 4474 legatum,
3503 4399 3770 4454 divinitus

515 4515 697 4566 datam
726 4512 874 4564 illam
906 4509 1212 4562 doctrinam
1242 4509 1549 4575 reliquisse,
1593 4522 1689 4576 per
1721 4522 1884 4575 quam
1915 4523 2090 4584 usque
2129 4507 2180 4559 in
2221 4510 2544 4573 praesentem
2574 4501 2717 4554 diem
2749 4499 3054 4552 instituitur
3084 4497 3230 4551 illius
3285 4494 3523 4549 civitatis
3591 4493 3765 4568 plebs,

516 4620 638 4676 qua:
667 4605 736 4658 ab
768 4602 915 4656 omni
957 4601 1210 4656 hazretica
1263 4601 1467 4653 malitia
1513 4600 1714 4653 intacta
1761 4603 2078 4670 permansit.
2121 4600 2290 4653 Porro
2326 4594 2572 4666 mystica:
2608 4593 2753 4647 illius
2783 4591 3089 4660 disciplinae
3111 4589 3278 4643 verba
3309 4589 3424 4640 haec
3451 4595 3610 4640 sunt:

595 4783 740 4838 Unus
767 4789 846 4835 est
875 4781 1008 4834 Deus
1034 4779 1195 4834 Pater
1226 4780 1382 4835 Verbi
1404 4783 1639 4848 viventis,
1669 4784 1941 4854 sapientia
1963 4784 2074 4837 sub-

2261 4779 2362 4850 Εἷς
2386 4783 2528 4848 Θεὸς
2551 4778 2754 4846 Πατὴρ
2780 4779 2974 4845 Λόγου
2999 4773 3230 4840 ζῶντος,
3256 4773 3478 4840 σοφίας
3504 4768 3768 4838 ὐςςεστώ·

519 4880 754 4932 sistentis
805 4885 856 4929 et
897 4875 1164 4943 potentiw,
1220 4883 1269 4928 et
1309 4874 1496 4943 ﬁgurae
1539 4884 1770 4934 wternte.
1828 4875 2087 4942 perfectus

518 4971 736 5039 perfecti
765 4969 1006 5039 genitor:
1043 4971 1209 5021 Pater
1247 4967 1376 5019 Filii
1411 4968 1688 5036 unigeniti.
1739 4965 1883 5019 Unus
1910 4965 2091 5019 Domi-

521 5077 643 5121 nus,
672 5060 814 5113 solus
848 5075 912 5112 ex
966 5058 1101 5119 solo,
1151 5056 1290 5109 Deus
1319 5057 1382 5109 de
1425 5056 1556 5118 Deo,
1607 5056 1781 5124 ﬁgura
1827 5064 1876 5107 et
1915 5057 2090 5122 imago

521 5152 759 5212 deitatis,
813 5149 1031 5202 Verbum
1061 5148 1261 5216 efﬁcax,
1291 5147 1553 5214 sapientia
1579 5145 1972 5199 constitutionis
2008 5161 2092 5196 re-

525 5259 643 5296 rum
675 5242 1041 5294 universarum
1076 5238 1518 5307 comprehensiva,
1559 5247 1608 5289 et
1649 5236 1883 5304 potentia
1936 5228 2091 5288 totius

526 5341 784 5384 creatura:
817 5329 1072 5397 effectrix,
1113 5327 1289 5381 Filius
1337 5343 1486 5381 verus
1536 5326 1643 5380 veri
1684 5325 1888 5388 Patris,
1925 5325 2093 5378 visunt

526 5420 777 5489 effugiens
807 5421 974 5471 visum
1011 5419 1327 5486 e/fugientis,
1357 5428 1404 5471 et
1433 5418 1760 5485 corruptioni
1799 5433 1901 5470 non
1934 5417 2094 5470 obno-

527 5513 646 5564 xius
678 5525 777 5562 non
809 5508 1022 5561 obnoxii
1055 5508 1403 5574 rorruptioni,
1437 5516 1486 5560 et
1515 5510 1672 5560 morti
1705 5524 1808 5561 non
1839 5508 2095 5561 obnoxius

529 5599 688 5654 morti
724 5614 826 5651 non
853 5597 1081 5661 obnoxii,
1114 5606 1162 5652 et
1189 5608 1414 5651 wternus
1443 5600 1646 5652 a’terni.
1687 5597 1832 5651 Unus
1867 5597 2095 5666 Spiritus

530 5699 766 5751 sanctus,
795 5706 857 5742 ετ
889 5689 992 5742 Deo
1025 5699 1198 5742 ortum
1238 5699 1285 5742 et
1321 5690 1685 5742 exsistentiam
1715 5691 1947 5743 habens:
1978 5691 2094 5759 qui-

529 5802 628 5855 que
659 5801 746 5844 per
767 5780 968 5836 Filium
1001 5781 1269 5850 apparuit,
1304 5781 1538 5833 videlicet
1570 5781 1890 5845 hominibus,
1925 5783 2096 5850 imago

2193 4892 2312 4943 σης
2353 4875 2450 4929 καὶ
2479 4872 2818 4940 δυνάμεως,
2855 4869 2955 4923 καὶ
3002 4864 3376 4938 χαρακτῆρος
3407 4863 3625 4926 ἀϊδίου,
3674 4860 3766 4914 τέ-

2194 4971 2388 5030 λειος,
2435 4964 2668 5018 τελείου
2709 4959 3043 5032 γεννήτωρι
3085 4957 3290 5024 Πατὴρ
3350 4954 3487 5010 Υἱοῦ
3519 4967 3768 5021 μονογε-

2195 5059 2360 5125 νοῦς.
2390 5052 2494 5122 Εἷς
2519 5056 2752 5123 Κύριος,
2778 5055 2966 5123 μόνος
2995 5053 3062 5105 ἐκ
3091 5050 3303 5120 μόνου,
3337 5046 3480 5111 Θεὸς
3509 5045 3578 5098 ἐκ
3600 5043 3768 5106 Θεοῦ,

2198 5149 2502 5219 χαρακτὴρ
2523 5146 2620 5201 καὶ
2646 5144 2824 5198 εἰκὼν
2840 5143 2951 5212 τῆς
2974 5143 3272 5208 θεότητος,
3296 5139 3488 5207 Λόγος
3510 5135 3768 5203 ἐνεργὸς,

2198 5242 2382 5310 σοφία
2411 5239 2520 5308 τῆς
2553 5237 2669 5291 τῶν
2705 5237 2863 5289 ὅλων
2889 5233 3246 5297 συστάσεως
3276 5228 3635 5298 περιεκτικὴ,
3673 5223 3768 5278 καὶ

2197 5331 2449 5399 δύναμις
2472 5327 2583 5395 τῆς
2605 5326 2752 5393 ὅλης
2781 5325 3031 5386 κτίσεως
3059 5319 3361 5388 ποιητικὴ,
3401 5317 3534 5384 Υἱὸς
3565 5317 3768 5382 ἀληθι-

2199 5422 2306 5487 rdq-
2363 5419 2648 5488 ἀληθινοῦ
2712 5416 2959 5484 Πατρός,
3019 5415 3271 5482 ἀόρατος
3330 5409 3621 5476 ἀοράτου,
3676 5405 3770 5459 καὶ

2201 5513 2499 5581 ἄφθαρτος
2524 5509 2848 5578 ἀφθάρτου,
2873 5505 2968 5558 καὶ
2987 5502 3281 5566 ἀθάνατος
3305 5499 3606 5555 ἀθανάτου
3624 5538 3637 5560 ,
3675 5496 3770 5549 καὶ

2203 5603 2391 5666 ἀΐδιος
2422 5601 2638 5654 ἀϊδίου.
2668 5598 2778 5651 Καὶ
2807 5596 2876 5649 ἓν
2901 5595 3140 5662 Πνεῦμα
3159 5592 3348 5662 ἅγιον,
3381 5593 3449 5644 ἐκ
3482 5590 3629 5644 Θεοῦ
3658 5588 3772 5655 τὴν

2204 5690 2463 5757 ὕπαρξιν
2491 5689 2654 5757 ἕχονο
2679 5686 2776 5739 καὶ
2800 5685 2874 5738 δι’
2925 5683 3062 5736 Υὶοῦ
3085 5681 3374 5751 πεφηνὸς,
3397 5677 3630 5747 δηλαδὴ
3652 5676 3774 5740 τοῖς

2203 5779 2552 5848 ἀνθρώποις,
2576 5777 2752 5831 εἰκὼν
2782 5775 2888 5830 τοῦ
2930 5775 3065 5830 ΥΙοῦ
3114 5774 3346 5828 τελείου
3390 5773 3622 5837 τελεία,
3662 5767 3772 5837 ζωὴ
