4132 6356
395 313 499 369 915

1349 311 1436 365 DE
1478 310 1636 366 VITA
1677 311 1736 364 S.
1787 309 2112 367 GREGORII
2176 309 2707 369 TIIAUMATURGI.

3529 312 3634 367 914

390 425 617 488 ζώντων
631 427 808 492 uitia,
840 427 1002 497 πηγὴ
1033 428 1190 496 ἁγία,
1229 428 1470 496 ἀγιότης
1505 426 1802 496 ἁγιασμοῦ
1834 444 1961 500 χορ·

2076 423 2198 479 Filii
2243 426 2458 496 perfecti
2488 429 2740 496 perfecta,
2791 430 2900 481 vita
2945 443 3223 482 uwemmm
3274 443 3460 491 causa,
3515 427 3634 495 fons

389 521 563 588 ηγόςο
613 520 684 572 ἐν
737 512 784 585 ᾧ
839 519 1198 588 φανεροῦται
1253 518 1396 584 Θεὸς
1433 521 1465 571 ὁ
1520 518 1742 587 Πατὴρ,
1781 520 1814 571 ό
1864 518 1963 570 ἐπί

391 610 632 664 πάντων
663 611 759 663 καί
787 611 857 664 ἐν
877 609 1026 665 πᾶσι
1052 626 1065 640 ο
1098 609 1193 662 καί
1220 609 1362 674 Θεὸς
1395 612 1428 663 ό
1465 610 1594 675 Υἱὸς
1611 650 1625 670 ,
1647 612 1680 663 ό
1704 608 1804 663 διὰ
1821 608 1963 662 πάν-

391 721 526 758 τωνσ
561 703 726 772 Τριὰς
759 703 986 766 τελεία,
1022 701 1172 768 δόξῃ
1207 701 1305 755 καί
1337 701 1617 768 ἀτδιότητι
1647 701 1744 754 καί
1788 701 1964 764 ,ϐασι-

389 799 521 863 λείᾳ
548 795 634 865 μὴ
662 793 1029 864 μεριζομένη,
1059 793 1210 864 μηδὲ
1246 793 1830 863 ἀπαλνίοτριουμένη.

463 977 598 1032 Οὓτε
639 973 730 1031 οὖν
759 975 974 1030 κτιστύν
1013 992 1088 1038 τι,
1127 975 1160 1043 ἢ
1202 972 1384 1027 δοῦλον
1413 974 1472 1026 ὲν
1500 976 1565 1043 τῇ
1594 974 1804 1041 Τριάδι.
1835 973 1960 1027 οὔτε

388 1069 712 1124 ὲπείσακτόν
740 1086 822 1132 τι,
846 1067 922 1131 ὡς
946 1068 1206 1137 πρότερον
1243 1065 1341 1136 μὲν
1381 1065 1478 1134 οὐχ
1508 1064 1769 1134 ὑπάρχον,
1806 1064 1964 1117 ὓστε-

394 1178 484 1232 ρον
512 1159 568 1214 δὲ
601 1157 932 1212 ὲπεισελθόν.
973 1155 1111 1210 Οὔτε
1142 1152 1234 1208 οὖν
1279 1155 1490 1208 ὲνέλιπέ
1527 1171 1654 1208 ποτε
1687 1155 1811 1217 Υἱὸς
1845 1156 1959 1208 [Ια-

388 1253 499 1321 τρὶ,
547 1250 671 1304 οὔτε
711 1249 824 1319 Υίῷ
863 1247 1122 1318 Πνεῦμα·
1180 1246 1293 1300 ἀλλ’
1344 1246 1612 1317 ἄτρεπτος
1665 1245 1759 1299 καὶ
1808 1245 1963 1298 ἀναλ-

389 1343 610 1404 λοίωτος
634 1345 666 1412 ἠ
693 1341 832 1412 αὑτὴ
852 1339 1018 1410 Τριάς
1041 1338 1146 1392 ἀεί.
1182 1339 1331 1407 Ὅτῳ
1358 1337 1414 1390 δὲ
1440 1337 1590 1405 φίλον
1616 1338 1742 1406 περὶ
1769 1335 1960 1389 τούτου

391 1430 699 1499 πεισθῆναι,
734 1429 977 1482 ἀκουέτω
1006 1429 1106 1496 τῆς
1150 1425 1498 1496 Ἐκκλησίας,
1541 1421 1654 1498 ὲνῇ
1689 1426 1778 1478 τὸν
1807 1425 1963 1493 λόγον

392 1520 714 1588 ἐκήρυττεν,
745 1519 874 1590 παρ’
913 1515 994 1580 οἷς
1026 1518 1166 1571 αὑτά
1196 1515 1264 1569 τά
1297 1515 1627 1586 χαράγματα
1656 1515 1750 1584 τῆς
1788 1531 1964 1584 μακα-

392 1608 515 1679 ρίας
543 1607 758 1678 ἐκείνης
781 1607 959 1678 χειρὸς
984 1609 1060 1669 εἰς
1087 1607 1166 1660 ἔτι
1195 1607 1288 1659 καὶ
1310 1605 1402 1658 νῦν
1426 1605 1766 1669 διασώζεται.
1799 1604 1961 1657 Ταῦτ’

392 1697 511 1766 οὐχὶ
541 1700 676 1766 πρὸς
702 1703 799 1760 τὰς
825 1697 1171 1760 θεοτεύκτους
1197 1697 1411 1759 ὲκείνας
1436 1696 1646 1758 πλάκας
1669 1695 1961 1766 ἁμιλλᾶται

392 1793 456 1860 τῇ
501 1791 837 1862 μεγαλοφυῖᾳ
881 1791 978 1859 τῆς
1023 1790 1276 1860 χαρίτος;
1317 1790 1531 1853 ἐκείνας
1574 1789 1632 1842 δὲ
1680 1789 1822 1857 λέγω
1862 1789 1960 1852 τὰς

391 1883 604 1946 πλάκας
625 1923 639 1943 ,
681 1884 737 1934 ὲν
769 1877 855 1945 αἷς
892 1886 926 1952 ἡ
962 1881 1054 1934 τοῦ
1101 1881 1243 1934 θείου
1277 1882 1611 1952 βουλήματος
1652 1880 1963 1952 ὲνετυπώθη

392 1973 699 2042 νομοθεσία.
744 1973 832 2034 Ὠς
867 1972 975 2043 γὰρ
1003 1972 1092 2026 τὸν
1124 1973 1364 2027 Μωῦσέα
1397 1973 1562 2043 φησὶν
1599 1975 1626 2026 ὁ
1657 1972 1832 2041 λόγος,
1862 1973 1966 2039 ἔξω

390 2062 485 2114 τοῦ
528 2061 849 2132 φαινομένου
896 2061 1183 2132 γενόμενον
1206 2103 1218 2123 ,
1252 2063 1346 2115 καὶ
1393 2062 1542 2124 ἐντὸς
1579 2061 1686 2114 τῶν
1718 2063 1966 2134 ἀοράτων

392 2154 599 2213 ἀδύτων
642 2157 707 2225 τῇ
747 2155 890 2224 ψυχῇ
931 2153 1274 2206 καταστάντα
1310 2153 1500 2223 (τοῦτο
1552 2153 1660 2224 γάρ
1693 2155 1722 2206 ὁ
1770 2155 1967 2222 γνόφος

393 2244 760 2314 αἰνίττεται),
806 2246 996 2314 μαθεῖν
1036 2261 1095 2296 τε
1139 2245 1206 2298 τά
1255 2243 1374 2297 θεῖα
1425 2245 1727 2314 μυστήρια,
1763 2247 1857 2298 καὶ
1899 2245 1964 2298 δι’

395 2334 586 2395 ἑαυτοῦ
617 2335 712 2404 τῆς
747 2335 1074 2404 θεογνωσίας
1117 2334 1316 2398 παντὸς
1352 2335 1446 2387 τοῦ
1489 2335 1616 2388 λαοῦ
1646 2334 1965 2406 καθηγήσα·

397 2425 552 2480 σθαι·
587 2426 689 2496 τὴν
728 2426 895 2497 αὐτὴν
940 2426 1054 2478 ἐστι
1089 2425 1182 2478 καὶ
1223 2425 1315 2478 ἐπὶ
1357 2424 1450 2478 τοῦ
1500 2426 1736 2494 μεγάλου
1777 2427 1965 2480 τούτου

397 2517 632 2570 κατιδεῖν
660 2518 988 2588 οἰκονομίαν
1019 2511 1062 2583 ᾧ
1091 2517 1211 2586 ὅρος
1244 2516 1342 2586 μὲν
1371 2512 1461 2587 ἦν,
1499 2517 1598 2569 οὐκ
1621 2518 1874 2587 αἰσθητόν
1914 2535 1965 2571 τι

397 2609 430 2678 ἢ
461 2609 760 2677 γεώλοφον,
790 2609 924 2662 ἀλλά
951 2610 1011 2661 τὸ
1045 2608 1176 2678 ὕψος
1208 2613 1307 2680 τῆς
1335 2611 1442 2663 τῶν
1472 2607 1739 2678 ἀληθινῶν
1765 2610 1968 2678 δογμάο

397 2715 506 2751 των
535 2699 862 2769 ἐπιθυμίαςο
895 2702 1090 2768 γνόφος
1127 2701 1180 2753 δὲ
1221 2701 1281 2752 τὸ
1324 2703 1434 2764 τοῖς
1465 2701 1644 2764 ἄλλοις
1684 2700 1968 2770 ἀχώρητον

398 2789 578 2858 θέαμα
597 2805 608 2818 ·
634 2789 813 2852 δέλτος
834 2789 890 2842 δὲ
929 2793 963 2859 ὴ
991 2791 1156 2860 ψυχή·
1181 2790 1248 2844 τὰ
1281 2790 1336 2843 δὲ
1363 2792 1420 2843 ἐν
1452 2794 1570 2853 ταῖς
1601 2789 1762 2854 πλαξὶ
1789 2790 1968 2859 γράμ-

402 2896 568 2949 ματα,
597 2881 630 2950 ἡ
657 2880 751 2932 τοῦ
789 2881 1042 2948 ὀφθέντος
1088 2883 1269 2950 φωνή·
1306 2881 1371 2933 δι’
1420 2873 1496 2934 ὧν
1525 2881 1778 2934 ἀπάντων
1822 2879 1969 2949 αὑτῷ

399 2987 458 3023 τε
489 2973 581 3024 καὶ
617 2976 728 3035 τοῖς
765 2975 893 3042 παρ’
931 2974 1135 3026 ἐκείνου
1180 2974 1727 3043 μυσταγωγουμένοις
1757 2975 1970 3041 ἐγένετο

2065 529 2302 581 sanctus,
2371 520 2626 572 sanctitas
2697 519 3134 588 sanctiﬁcationis
3202 518 3633 588 suppeditatrix:

2063 625 2154 677 per
2182 624 2330 675 quem
2381 609 2756 678 manifestatur
2800 609 2938 663 Deus
2983 609 3169 676 Pater,
3220 611 3309 679 qui
3351 620 3426 664 est
3479 625 3634 677 super

2065 703 2242 755 omnia
2265 709 2314 754 et
2347 702 2402 753 in
2433 700 2672 754 omnibus
2701 717 2717 752 :
2745 712 2791 753 et
2825 700 2962 754 Deus
2996 699 3190 764 Filius,
3219 702 3308 769 qui
3333 717 3422 768 per
3452 701 3633 753 omnia

2063 802 2338 860 permanat
2371 808 2388 845 :
2421 791 2655 844 Trinitas
2679 793 2931 860 perfecta,
2963 808 3078 860 qua:
3103 791 3271 860 gloria
3299 801 3453 858 atque
3481 802 3634 844 mter-

2064 883 2228 935 nitate
2255 890 2305 935 et
2338 897 2497 949 regno
2519 897 2622 935 non
2649 882 2904 935 dividitur
2929 897 3088 950 neque
3118 881 3468 934 abalienatur.

2135 972 2277 1041 Ergo
2316 989 2492 1042 neque
2529 983 2772 1028 creatum
2817 972 3116 1042 quidquam
3170 966 3270 1023 aut
3309 987 3524 1025 servum
3579 973 3631 1023 in

2065 1061 2330 1120 Triuitate
2367 1063 2516 1134 (est),
2548 1079 2724 1134 neque
2768 1064 3065 1118 ascititium
3113 1064 3411 1132 quidquam
3439 1071 3492 1115 et
3534 1062 3630 1114 ad-

2064 1155 2376 1218 ventitium,
2402 1164 2460 1209 ut
2483 1155 2626 1224 quod
2655 1160 2806 1222 prius
2832 1156 3052 1224 quidem
3085 1171 3191 1208 non
3212 1162 3359 1209 esset
3381 1169 3481 1207 nec
3504 1169 3635 1220 sup-

2051 1253 2297 1315 peteret,
2333 1246 2606 1315 posterius
2641 1255 2821 1299 autem
2862 1245 3236 1298 introductum
3287 1245 3358 1298 sit
3399 1261 3411 1295 :
3459 1257 3635 1312 neque

2065 1353 2196 1392 vero
2217 1339 2373 1394 deest
2404 1353 2642 1408 unquam
2675 1338 2848 1392 Filius
2879 1339 2934 1392 in
2964 1337 3125 1392 Patre
3163 1357 3174 1392 :
3203 1352 3378 1406 neque
3406 1336 3460 1388 in
3497 1333 3635 1387 Filio

2067 1429 2308 1499 Spiritus
2351 1448 2364 1483 :
2399 1431 2492 1483 sed
2539 1429 2897 1484 immutabilis
2945 1438 3000 1484 et
3043 1426 3405 1482 inalterabilis
3444 1426 3632 1480 eadem

2066 1536 2280 1590 semper
2328 1519 2570 1575 Trinitas
2616 1531 2716 1576 est.
2760 1520 2915 1586 Quod
2967 1521 3013 1575 si
3050 1520 3175 1590 quis
3214 1521 3319 1573 sibi
3363 1519 3518 1572 Iidem
3567 1517 3636 1572 de

2066 1612 2170 1666 hac
2201 1627 2260 1666 re
2291 1610 2406 1666 ﬁeri
2460 1612 2634 1680 cupit,
2677 1613 2864 1664 audiat
2917 1610 3243 1671 Ecclesiam,
3295 1608 3348 1662 in
3375 1622 3482 1677 qua
3514 1622 3635 1661 scr-

2067 1720 2284 1758 monem
2329 1703 2682 1772 praedicabat,
2727 1702 2871 1770 apud
2913 1717 3076 1770 quam
3114 1701 3206 1753 illa
3245 1701 3363 1768 ipsa
3403 1698 3567 1753 verba
3604 1711 3635 1749 a

2068 1796 2224 1850 beata
2251 1795 2340 1848 illa
2369 1809 2532 1848 iusim
2573 1803 2794 1848 exarata
2823 1794 3001 1847 adhuc
3032 1793 3193 1846 etiam
3227 1807 3375 1844 nunc
3409 1805 3637 1844 consero

2066 1897 2288 1941 vantur.
2343 1884 2540 1939 Annon
2579 1885 2694 1939 haec
2729 1900 2853 1938 cum
2913 1883 3116 1937 divinis
3147 1881 3252 1935 illis
3285 1879 3491 1934 tabulis
3522 1893 3636 1931 ma-

2072 1978 2360 2048 gnitudine
2399 1979 2588 2047 gratia
2621 1976 2869 2030 certant?
2891 1975 3013 2028 illas
3044 1973 3168 2026 dico
3197 1959 3410 2025 tabulas
3445 1970 3498 2023 in
3515 1968 3637 2038 qui-

2066 2069 2170 2122 bus
2231 2069 2429 2121 divinae
2483 2067 2778 2120 voluntatis
2848 2063 3168 2118 constitutio
3243 2062 3517 2129 inswlpta
3584 2068 3639 2112 et

2067 2168 2292 2215 exarata
2351 2168 2455 2213 est.
2505 2157 2977 2224 Quemadmodum
3029 2155 3173 2209 enim
3233 2151 3456 2222 Moysen
3503 2150 3639 2204 dicit

2070 2252 2380 2321 Scriptura,
2422 2266 2548 2304 cum
2593 2258 2751 2304 extra
2799 2249 2848 2302 id
2893 2248 3038 2316 quod
3075 2252 3316 2315 apparet,
3349 2243 3636 2307 evasisset,

2067 2355 2122 2397 et
2163 2345 2306 2396 inter
2335 2340 2634 2395 invisibilia
2681 2339 2843 2409 adyta
2888 2337 3071 2390 animo
3115 2335 3448 2388 constitutus
3493 2340 3639 2386 esset

2071 2437 2197 2501 (hoc
2220 2435 2366 2488 enim
2399 2433 2636 2486 obscure
2681 2447 2776 2502 per
2815 2431 3104 2499 caliginem
3152 2423 3536 2498 signiﬁcatur),
3584 2429 3638 2476 ct

2068 2525 2332 2581 didicisse
2364 2525 2550 2578 divina
2581 2526 2864 2594 mysteria,
2889 2531 2942 2576 et
2981 2536 3078 2589 per
3113 2535 3231 2574 sese
3258 2517 3406 2570 onini
3440 2515 3640 2584 populo

2071 2629 2350 2673 auctorem
2397 2625 2451 2670 ct
2490 2616 2860 2669 institutorem
2920 2612 3013 2666 Dei
3045 2611 3376 2680 cognitionis
3423 2607 3635 2662 fuisse:

2069 2710 2316 2766 eamdem
2361 2709 2486 2761 licet
2535 2708 2696 2761 etiam
2754 2706 2806 2758 in
2859 2706 2962 2757 hoc
2997 2717 3194 2771 magno
3241 2701 3356 2754 viro
3391 2699 3636 2752 animad-

2074 2809 2285 2855 vertere
2337 2796 2779 2865 dispositionem,
2843 2793 2932 2847 cui
2999 2793 3118 2844 loco
3175 2791 3378 2844 montis
3421 2789 3640 2857 quidem

2071 2900 2215 2952 erat,
2270 2906 2380 2943 non
2427 2889 2529 2942 sub
2579 2902 2799 2941 sensum
2841 2883 3045 2938 cadens
3091 2883 3288 2949 aliquis
3327 2881 3504 2940 collis,
3548 2881 3641 2934 sed

2074 2979 2307 3034 altitudo
2339 2977 2603 3032 desiderii
2634 2990 2885 3030 verarum
2922 2974 3318 3027 sententiarum
3353 2970 3644 3040 ctopinio-

399 3060 434 3128 ὴ
463 3059 571 3112 τῶν
601 3061 912 3129 μυστηρίων
945 3063 1268 3131 φανέρωσις.
1315 3064 1530 3133 Ἐπειδὴ
1557 3064 1738 3117 τοίνυν
1766 3067 1971 3136 παρρη-

2076 3087 2202 3126 nnm
2245 3091 2256 3124 :
2301 3069 2552 3139 caliginis
2601 3075 2784 3121 autem
2834 3067 2972 3128 vice,
3028 3065 3428 3133 spectaculum.
3483 3062 3644 3131 cujus

405 3150 522 3213 σίας
559 3152 702 3213 τινὸς
735 3153 828 3204 καὶ
865 3152 1095 3221 θάρσους
1140 3152 1226 3206 διὰ
1258 3154 1355 3222 τῆς
1383 3153 1555 3222 ὄψεως
1585 3155 1799 3224 ἐκείνης
1835 3155 1974 3225 πλή·

405 3257 507 3320 ρης
547 3241 782 3308 ἐγένετο,
822 3243 1070 3314 καθάπερ
1113 3261 1196 3306 τις
1243 3244 1479 3314 ἀθλητὴς
1523 3243 1797 3315 ἀρκοῦσαν
1838 3247 1976 3314 πρὸς

403 3336 528 3395 τοὺς
571 3333 764 3395 ἄθλους
798 3334 1088 3404 ἐμπειρίαν
1120 3353 1178 3387 τε
1214 3336 1306 3388 καὶ
1339 3335 1565 3404 δύναμιν
1596 3337 1661 3390 ὲκ
1701 3337 1976 3409 παιδοτρί-

405 3423 500 3475 ϐου
533 3424 894 3494 κτησάμενος,
925 3425 1137 3497 θαρσῶν
1166 3426 1455 3480 ἀποδύεται
1487 3427 1622 3497 πρὸς
1652 3429 1712 3481 τὸ
1741 3429 1974 3493 στάδιον,

407 3515 502 3568 καὶ
551 3516 687 3586 πρὸς
736 3516 862 3580 τοὺς
911 3505 1236 3579 ἀντιπάλους
1283 3517 1626 3585 ἀγωνίζεται,
1672 3519 1764 3572 τὸν
1817 3520 1977 3574 αὑτὸν

406 3607 608 3676 τρόπον
639 3608 912 3670 κάκεῖνος,
943 3610 1009 3678 τῇ
1047 3625 1107 3662 τε
1141 3608 1261 3661 καθ’
1299 3609 1488 3662 ἑαυτὸν
1534 3609 1730 3681 μελέτῃ
1773 3612 1867 3664 καὶ
1911 3613 1976 3682 τῇ

411 3698 698 3768 συμμαχίᾳ
745 3699 844 3766 τῆς
901 3699 1254 3770 ἐπιφανείσης
1296 3699 1446 3771 αὑτῷ
1478 3701 1728 3772 χάριτος,
1779 3702 1980 3765 ίκανῶς

409 3790 506 3859 τὴν
538 3789 716 3860 ψυχὴν
758 3789 1136 3861 ἀλειψάμενος,
1173 3792 1345 3858 οὕτως
1385 3793 1842 3863 ἀντιλαμϐάνεται
1869 3794 1981 3848 τῶν

410 3880 656 3948 ἀγώνων.
691 3882 763 3934 Οὐ
804 3883 912 3956 γὰρ
944 3882 1072 3936 ἄλλο
1100 3899 1154 3934 τι
1188 3883 1290 3954 χρὴ
1326 3883 1529 3947 καλεῖν,
1573 3885 1606 3954 ἢ
1639 3885 1854 3951 ἀγῶνας
1885 3885 1980 3939 καὶ

410 3968 624 4038 ἄθλους,
660 3971 836 4024 πάντα
867 3973 956 4025 τὸν
990 3972 1110 4026 καθ’
1143 3972 1438 4046 ἱερωσύνην
1479 3973 1642 4027 αὐτοῦ
1679 3973 1812 4043 βίον,
1855 3975 1910 4026 ὲν
1937 3966 1981 4040 ᾧ

412 4064 593 4118 πᾶσαν
640 4062 727 4118 διὰ
774 4063 872 4134 τῆς
904 4065 1139 4128 πίστεως
1171 4065 1268 4136 τὴν
1300 4064 1394 4118 τοῦ
1432 4066 1806 4136 ἀντικειμένου
1847 4083 1982 4118 κατ-

413 4155 719 4224 ηγωνίσατο
734 4155 984 4226 δύναμιν.
1005 4157 1179 4220 Εὐθὺς
1195 4156 1303 4227 γὰρ
1331 4156 1439 4210 ἀπὺ
1463 4158 1560 4228 τῆς
1581 4158 1835 4228 ἐσχατιᾶς
1858 4159 1984 4210 ἐαυ-

415 4248 506 4300 τὸν
540 4248 871 4317 ἀναστήσας,
910 4251 1004 4303 καὶ
1040 4250 1175 4319 πρὸς
1196 4250 1295 4319 τὴν
1326 4249 1480 4302 πόλιν
1500 4249 1598 4320 τὴν
1625 4249 1800 4320 ὁρμὴν
1823 4249 1980 4318 ἔχων,

416 4340 474 4390 ὲν
608 4339 715 4392 ἔδει
771 4341 849 4410 τῷ
890 4339 1008 4409 Θεῷ
1054 4339 1151 4409 τὴν
1210 4339 1532 4409 Ἐκκλησίαν
1578 4337 1980 4407 συστήσασθαι·

416 4433 601 4502 ἐπειδὴ
631 4432 770 4501 ἔγνω
790 4433 966 4485 πάντα
986 4432 1074 4484 τὸν
1099 4430 1274 4501 χῶρον
1293 4433 1358 4500 τῇ
1380 4429 1489 4483 τῶν
1511 4429 1779 4496 δαιμόνων
1802 4429 1985 4499 ἀπάτῃ
2021 4417 2060 4470 Ι)

417 4523 924 4593 κατακρατούμενον
946 4562 960 4586 ,
1006 4522 1100 4575 καὶ
1129 4519 1222 4572 τοῦ
1261 4522 1358 4589 μὲν
1389 4519 1638 4590 ἀληθινοῦ
1687 4520 1822 4574 Θεοῦ
1859 4521 1986 4575 ναὸν

417 4604 1182 4685 οὐδαμοῦκατεσκευασμένον
1202 4652 1216 4676 ,
1245 4611 1680 4681 πεπληρωμένην
1714 4610 1771 4664 δὲ
1806 4612 1986 4665 πᾶσαν

417 4706 515 4776 τὴν
547 4705 699 4758 πόλιν
745 4706 840 4758 καὶ
883 4705 980 4774 τὴν
1030 4703 1301 4774 περίοικον
1349 4701 1545 4773 βωμῶν
1581 4719 1641 4754 τε
1687 4699 1847 4772 ίερῶν
1891 4703 1988 4755 καὶ

421 4797 807 4866 ἀφιδρυμάτων
825 4813 839 4827 ·
866 4795 1064 4857 παντὸς
1091 4793 1184 4846 τοῦ
1213 4792 1398 4855 ἔθνους
1424 4791 1624 4862 ταύτην
1648 4791 1859 4862 ἔχοντος
1890 4793 1988 4864 τὴν

423 4887 677 4958 σπουδὴν,
720 4887 865 4948 ὅπως
903 4885 968 4938 ἂν
1005 4887 1074 4936 τὰ
1114 4884 1311 4954 τεμένη
1349 4883 1458 4936 τῶν
1502 4883 1732 4937 εἰδώλων
1779 4885 1873 4936 καὶ
1919 4884 1988 4936 τά

424 4981 546 5052 ίερά
590 4979 1012 5042 καλλωπίζοιτο,
1051 4978 1142 5030 καὶ
1182 4975 1485 5045 παραμένοι
1531 4977 1641 5037 τοῖς
1685 4973 1989 5044 ἀνθρώποις

424 5071 459 5140 ἡ
499 5067 854 5138 εἰδωλομανία
876 5105 891 5129 ,
939 5067 1180 5135 πομπαῖς
1223 5081 1280 5116 τε
1326 5064 1419 5117 καὶ
1460 5064 1698 5125 τελεταῖς
1741 5065 1836 5116 καὶ
1877 5065 1990 5126 τοῖς

426 5160 746 5230 ὲπιϐωμίοις
808 5158 1076 5228 μιάσμασι
1140 5152 1542 5226 κρατυνομένη·
1601 5152 1850 5223 καθάπερ
1906 5169 1990 5215 τις

429 5251 764 5324 στρατιώτης
795 5251 1036 5318 γενναῖος
1069 5246 1145 5316 τῷ
1179 5243 1466 5314 κρατοῦντι
1505 5243 1606 5312 τῆς
1638 5241 1992 5313 παρατάξεως

430 5340 792 5410 συμπλακεὶς,
822 5339 889 5392 δι’
921 5338 1129 5390 ἐκείνου
1156 5337 1216 5388 τὸ
1244 5333 1549 5403 ὑποχείριον
1578 5333 1836 5403 τρέπεται
1854 5351 1868 5364 ⁸
1898 5331 1991 5385 οὖ-

428 5449 534 5495 τως
564 5433 654 5488 καὶ
681 5433 709 5485 ὁ
743 5432 912 5502 μέγας
949 5426 1098 5492 οὗτος
1131 5429 1224 5482 ἀπ’
1257 5425 1433 5480 αὐτῶν
1468 5425 1577 5479 τῶν
1605 5426 1869 5496 δαιμόνων
1894 5425 1994 5494 τῆς

430 5524 705 5597 ἀριστείας
726 5524 968 5593 ἄρχεται.
999 5521 1092 5582 Τίς
1121 5520 1176 5572 δὲ
1199 5519 1228 5570 ό
1252 5518 1478 5585 τρόποςς
1507 5515 1860 5585 Διερχόμενος
1887 5516 1994 5584 γάρ

429 5617 530 5682 τὴν
563 5615 668 5668 ἀπὸ
698 5614 798 5683 τῆς
844 5615 1095 5683 ἰσχατιᾶς
1138 5611 1230 5663 ἐπὶ
1263 5609 1358 5680 τὴν
1394 5608 1546 5660 πόλιν
1577 5607 1726 5672 ὁδὸν,
1761 5607 1995 5677 ἑσπέρας

431 5703 870 5774 καταλαϐούσης,
923 5704 1014 5760 καὶ
1063 5702 1266 5772 ὄμϐρου
1316 5698 1611 5769 βιαιοτέρου
1654 5698 1990 5768 συνέχοντος,

2075 3162 2356 3233 spectandi
2399 3161 2489 3214 alii
2535 3173 2766 3228 capaces
2803 3173 2910 3211 non
2943 3168 3071 3211 sunt
3111 3174 3123 3210 :
3169 3155 3478 3209 tabularum
3517 3170 3646 3208 vero

2074 3257 2216 3320 loco,
2245 3255 2464 3308 animus
2503 3252 2663 3305 :loco
2707 3252 3008 3305 litterarum
3051 3252 3106 3302 in
3153 3247 3353 3302 tabulis
3395 3257 3648 3300 exarata-

2075 3363 2219 3410 rum,
2254 3346 2375 3414 ejus
2404 3360 2526 3414 quae
2563 3343 2610 3396 ei
2636 3342 2888 3412 apparuit
2919 3357 3048 3406 vox,
3082 3340 3284 3409 quibus
3311 3338 3566 3392 omnibus
3595 3346 3650 3390 et

2079 3440 2206 3509 ipsi,
2239 3446 2294 3492 et
2329 3437 2396 3490 iis
2419 3436 2514 3504 qui
2538 3437 2607 3489 ab
2631 3435 2724 3487 illo
2745 3435 2798 3486 in
2827 3435 3006 3488 sacris
3029 3432 3476 3492 instituebantur,
3516 3444 3648 3483 con-

2077 3529 2198 3598 tigit
2245 3526 2613 3580 manifestatio
2665 3533 2828 3592 atque
2885 3522 3183 3577 declaratio
3240 3521 3645 3591 mysteriorum.

2077 3620 2374 3689 Postquam
2413 3618 2580 3687 igitur
2624 3616 2793 3669 animi
2829 3615 3114 3669 alacritate
3150 3613 3413 3683 quadam,
3453 3611 3647 3665 ﬁducia

2079 3720 2243 3781 atque
2290 3710 2539 3764 libertate
2590 3723 2688 3778 per
2736 3707 2884 3760 illam
2934 3705 3201 3760 visionem
3255 3703 3500 3772 repletus
3542 3708 3647 3764 est,

2079 3801 2538 3873 quemadmodum
2587 3799 2787 3853 athleta
2835 3797 3070 3867 quidam
3129 3793 3462 3850 suiiicientes
3507 3791 3650 3860 apud

2080 3892 2438 3963 pa’dotribam
2497 3891 2643 3944 vires
2702 3899 2864 3958 atque
2921 3885 3174 3956 peritiam
3235 3885 3301 3938 ad
3350 3883 3652 3938 certamina

2081 3985 2334 4054 adeptus,
2395 3982 2651 4052 praesenti
2702 3980 2886 4032 animo
2937 3987 3100 4047 atque
3147 3975 3360 4030 ﬁducia:
3399 3974 3556 4043 pleno
3598 3973 3653 4026 in

2082 4075 2262 4130 stadio
2299 4090 2358 4128 se
2383 4072 2534 4127 exuit
2567 4079 2620 4125 et
2659 4069 2899 4138 expedit,
2939 4075 2994 4122 et
3027 4083 3150 4120 cum
3177 4065 3510 4119 adversariis
3553 4063 3651 4116 de-

2083 4173 2258 4219 certat
2292 4178 2304 4214 :
2362 4162 2552 4216 eodem
2598 4159 2763 4212 modo
2805 4157 2971 4210 etiam
3018 4156 3110 4209 ille
3148 4170 3297 4219 cum,
3331 4153 3492 4206 sicuti
3532 4151 3654 4203 oleo

2084 4270 2283 4324 corpus
2330 4261 2598 4321 ungentes
2651 4251 2868 4304 athleta:
2907 4249 3052 4302 vires
3097 4246 3424 4300 conﬁrmare.
3455 4242 3652 4302 solent,

2087 4354 2202 4400 tum
2248 4345 2333 4399 sui
2390 4343 2805 4403 exercitatione,
2863 4349 2976 4394 tum
3034 4337 3239 4392 auxilio
3280 4335 3490 4405 gratiae,
3535 4347 3657 4402 quire

2089 4437 2191 4490 sibi
2251 4442 2599 4505 apparuerat,
2638 4433 2878 4485 animum
2928 4431 3063 4484 satis
3117 4426 3522 4486 conﬁrmasset,
3581 4424 3654 4476 ita

2087 4529 2303 4580 demum
2348 4527 2414 4579 ad
2452 4524 2755 4578 certamina
2789 4521 3124 4592 aggreditur.
3167 4518 3352 4587 Neque
3381 4517 3523 4571 enim
3557 4515 3656 4567 ali-

2088 4625 2170 4672 ter
2199 4626 2361 4685 atque
2394 4617 2605 4670 labores
2632 4623 2685 4668 ct
2714 4615 3015 4668 certamina
3047 4610 3231 4666 vocari
3257 4615 3471 4678 oportet
3495 4621 3656 4660 omne

2089 4717 2303 4777 tempus
2329 4707 2470 4770 vitae,
2499 4705 2643 4775 quod
2671 4703 3107 4759 administrando
3139 4699 3448 4757 sacerdotio
3477 4706 3657 4751 trans-

2087 4799 2228 4866 egit,
2275 4800 2328 4852 in
2366 4813 2475 4866 quo
2527 4812 2621 4865 per
2678 4795 2834 4850 tidem
2876 4811 3067 4849 omnes
3114 4792 3413 4846 adversarii
3462 4788 3651 4857 copias

2092 4890 2254 4959 fregit
2315 4899 2480 4959 atque
2519 4889 2740 4943 devicit.
2798 4887 2932 4940 Nam
2975 4902 3098 4940 cum
3140 4885 3330 4938 relicta
3364 4879 3660 4936 solitudine

2089 4981 2340 5048 protinus
2394 4978 2582 5032 urbem
2661 4983 2888 5046 peteret,
2936 4975 2990 5027 in
3046 4988 3151 5042 qua
3193 4969 3480 5039 oportebat
3532 4981 3658 5019 eum

2092 5067 2389 5124 Ecclesiam
2443 5067 2550 5120 Deo
2591 5068 2928 5122 constituere
2976 5083 2989 5118 :
3025 5064 3118 5118 ubi
3148 5061 3406 5130 cognovit
3439 5065 3659 5110 onmem

2089 5162 2367 5231 regionem
2403 5159 2581 5213 fraudi
2610 5159 2918 5212 daemonum
2947 5155 3238 5209 obnoxiam
3277 5167 3421 5211 esse,
3461 5163 3524 5202 ac
3544 5148 3660 5201 veri

2091 5253 2308 5323 quidem
2342 5252 2430 5306 ltei
2461 5252 2718 5319 templum
2765 5261 3033 5316 nusquam
3072 5251 3431 5307 exstructum,
3469 5240 3660 5294 urbem

2094 5361 2222 5400 vero
2254 5353 2424 5399 totam
2475 5350 2638 5412 atque
2693 5357 2880 5411 agrum
2918 5339 3156 5392 vicinum
3197 5338 3329 5399 aris,
3358 5333 3576 5390 sacellis
3609 5341 3664 5387 et

2094 5438 2290 5492 statuis
2321 5437 2584 5505 repletum
2616 5448 2758 5495 esse,
2789 5449 2912 5487 cum
2940 5440 3052 5484 tota
3084 5431 3234 5484 natio
3269 5429 3319 5482 id
3346 5427 3449 5481 sibi
3478 5424 3663 5481 studio

2095 5527 2348 5588 haberet,
2397 5533 2455 5578 ut
2504 5525 2729 5578 delubra
2776 5524 3199 5578 simulacrorum
3248 5529 3412 5587 atque
3462 5515 3663 5571 sacella

2094 5625 2514 5679 exornarentur,
2551 5627 2606 5670 ct
2640 5617 2889 5670 homines
2929 5617 2982 5669 in
3010 5615 3206 5670 insano
3243 5613 3661 5669 simulacrorum

2096 5710 2267 5776 cultu,
2299 5707 2393 5779 qui
2437 5706 2670 5778 pompis,
2715 5707 3054 5762 caeremoniis
3089 5715 3252 5776 atque
3296 5698 3663 5756 immunditiis
