4132 6356
391 259 494 313 917

1365 258 1451 312 DE
1484 259 1645 313 VlTA
1682 260 1739 316 S.
1778 258 2106 315 GREGORII
2147 258 2672 317 THAUMATURGI.

3534 263 3638 319 9l8

391 370 616 434 κνίσσας
646 360 740 425 και
765 370 831 424 τά
862 370 1146 441 μιάσματα
1166 407 1180 432 ,
1210 369 1369 422 πάλιν
1401 371 1525 425 ἰδεῖν
1551 369 1694 441 ἀπερ
1728 368 1874 439 ἐώρα
1903 368 1962 421 τὸ

2066 379 2122 423 et
2154 370 2504 439 impiamenta
2539 366 2847 433 obtulisset,
2903 369 3123 434 vidisse,
3163 385 3285 439 qua:
3320 370 3477 440 prius
3507 387 3639 425 con-

392 461 678 532 πρότερον,
709 460 837 530 πρὶν
870 459 1233 528 ἐξοικισθῆναι
1268 460 1359 512 τοῦ
1389 459 1657 512 είδωλείου
1688 461 1814 523 τοὺς
1852 460 1967 513 δαί-

396 567 582 620 μονας.
631 549 847 604 Τούτων
878 550 934 603 δέ
961 550 1263 618 γεγονότων
1284 594 1296 611 ,
1336 550 1541 605 ἔννοιαν
1584 552 1745 604 αὐτὸν
1786 550 1966 603 λαϐεῖν

391 642 507 705 τοῦ,
546 642 696 695 θείαν
734 638 870 695 εἷναί
902 659 1021 695 τινα
1063 642 1215 713 παρά
1245 641 1321 711 τῷ
1362 643 1645 714 Γρηγορίῳ
1674 643 1772 712 τὴν
1805 642 1967 695 δύνα-

399 750 507 804 μιν.
560 734 627 786 δι’
680 727 748 803 ἧς
803 734 976 802 ἐφάνη
1018 734 1124 786 τῶν
1175 734 1443 803 δαιμτνων
1490 735 1964 804 ὲπικρατέστερος*

394 825 765 879 καταλαϐόντα
799 824 853 877 δέ
887 824 1027 877 κατά
1057 825 1290 894 σπουδὴν
1317 825 1474 878 πάλιν
1507 826 1697 890 αὐτὸν,
1742 828 1871 896 πρὶν
1909 828 1966 882 ἐν

392 919 458 986 τῇ
513 916 664 968 πόλει
716 914 1001 983 γενέσθαι,
1041 915 1231 985 μαθεῖν
1276 915 1473 985 ἠξίωσε
1521 916 1650 985 παρ’
1695 917 1859 970 αὑτοῦ
1908 918 1968 971 τὸ

396 1009 711 1077 μυστήριον,
752 1006 847 1059 καὶ
884 1005 967 1068 τίς
1001 1009 1030 1059 ό
1057 1006 1186 1070 Θεὸς
1218 1008 1421 1068 ἐκεῖνος
1454 1009 1482 1059 ό
1508 1007 1606 1077 τὴν
1635 1007 1744 1059 τῶν
1773 1007 1965 1075 δαιμό·

395 1117 501 1152 νων
537 1098 696 1167 φύσιν
730 1097 1042 1167 ὑποχειρίαν
1076 1096 1234 1167 ἔχων.
1271 1098 1530 1161 Εἰπόντος
1572 1098 1627 1151 δέ
1670 1097 1738 1151 δι’
1771 1098 1965 1165 ὀλίγων

290 1184 308 1195 “
393 1189 487 1242 τοῦ
523 1188 757 1259 μεγάλου
798 1187 859 1240 τὸ
889 1188 985 1257 τῆς
1013 1187 1293 1250 εὐσεϐείας
1328 1189 1654 1258 μυστήριον,
1692 1188 1884 1241 παθεῖν
1912 1206 1965 1241 τι

389 1280 482 1333 τὸν
514 1281 779 1351 νεωκόρον
805 1274 915 1332 οἷον
942 1279 1089 1343 είκός
1113 1279 1205 1334 τὸν
1234 1279 1344 1332 τῶν
1376 1279 1535 1333 θείων
1564 1280 1809 1350 ἀμύητον
1830 1295 1844 1311 ⁸
1871 1282 1966 1333 καὶ

393 1371 715 1442 μικρότερον
757 1370 1006 1440 οἰηθῆναι
1043 1372 1142 1440 τῆς
1181 1372 1310 1442 περὶ¹
1338 1369 1473 1424 Θεοῦ
1515 1370 1868 1440 ὑπολήψεως,
1904 1373 1965 1423 τὸ

391 1461 676 1532 πεισθῆναι
715 1460 802 1513 διὰ
835 1460 1037 1529 σαρκὸς
1080 1458 1376 1529 πεφηνέναι
1417 1462 1529 1521 τοῖς
1561 1458 1869 1529 ἀνθρώποις
1904 1458 1965 1510 τὸ

389 1551 575 1603 Θεῖον·
621 1551 715 1602 τοῦ
750 1551 806 1603 δέ
849 1550 923 1619 μὴ
973 1549 1151 1617 λόγοις
1189 1550 1430 1613 εἰπόντος
1469 1549 1567 1620 τὴν
1616 1550 1743 1620 περὶ
1773 1550 1962 1602 τούτου

389 1643 572 1696 πίστιν
601 1642 981 1713 κρατύνεσθαι,
1014 1643 1125 1703 τοῖς
1150 1642 1205 1694 δὲ
1237 1642 1344 1693 τῶν
1385 1642 1682 1710 γινομένων
1720 1641 1960 1711 θαύμασι

389 1733 452 1786 τὸ
490 1734 679 1785 πιστὸν
712 1732 873 1803 ἔχειν,
905 1732 1134 1804 ζητῆσαι
1178 1732 1257 1785 ἔτι
1285 1734 1413 1802 παρ’
1444 1732 1606 1785 αὐτοῦ
1648 1731 1831 1803 θαῦμα
1870 1733 1961 1786 τὸν

392 1826 657 1896 νεωκόρον
688 1825 832 1883 ἰδεῖν.
861 1825 937 1888 ὡς
966 1821 1064 1877 εἶθ’
1108 1823 1280 1887 οὕτως
1326 1823 1698 1893 προσαχθῆναι
1741 1824 1828 1877 διά
1868 1824 1961 1878 τοῦ

389 1915 675 1985 γινομένου
698 1915 832 1983 πρὸς
859 1914 956 1984 τὴν
974 1915 1072 1982 τῆς
1096 1913 1326 1975 πίστεως
1351 1912 1762 1981 συγκατάθεσιν.
1796 1914 1963 1966 Ἔνθα

388 2007 451 2077 δὴ
496 2007 557 2060 τὸ
589 2007 805 2059 πάντων
846 2006 1201 2059 ἀπιστότατον
1250 2005 1465 2073 λέγεται
1511 2005 1869 2073 πεποιηκέναι
1902 2006 1963 2057 τὸ

394 2095 533 2165 μέγα
577 2094 762 2164 θαῦμα
798 2095 889 2147 τὸν
937 2094 1110 2165 μέγαν
1144 2095 1366 2147 ἐκεῖνον.
1411 2092 1826 2161 Ἑπιζητοῦντος
1857 2094 1963 2161 γὰρ

388 2185 482 2237 τοῦ
531 2185 801 2254 νεωκόρου
850 2183 995 2237 λίθον
1033 2182 1156 2237 τινὰ
1190 2183 1300 2237 τῶν
1344 2182 1657 2253 εύμεγεθῶν
1697 2183 1805 2236 τῶν
1843 2185 1962 2237 κατ’

389 2276 698 2345 ὀφθαλμοὺς
726 2273 873 2344 αὐτῷ
902 2273 1371 2345 προφαινομένων,
1399 2274 1521 2343 δίχα
1546 2274 1725 2344 χειρὸς
1754 2273 1850 2326 ἁνο
1862 2291 1963 2342 ρω-

392 2367 550 2437 πίνης
585 2366 889 2437 κινηθῆναι,
919 2366 1005 2419 διὰ
1033 2366 1088 2418 δὲ
1123 2366 1290 2436 μόνης
1321 2366 1420 2436 τῆς
1467 2365 1606 2419 κατὰ
1641 2366 1737 2436 τὴν
1782 2365 1962 2418 πίστιν

389 2459 688 2528 δυνάμεως,
727 2458 1107 2529 προστάγματι
1148 2458 1241 2511 τοῦ
1276 2457 1576 2529 Γρηγορίου
1610 2457 1743 2527 πρὸς
1775 2457 1962 2526 ἕτερον

394 2549 750 2619 μετατεθῆναι
777 2549 981 2620 χῶρον·
1021 2548 1184 2618 μηδὲν
1214 2547 1645 2617 ἀναϐαλλόμενον
1671 2547 1759 2599 τὸν
1790 2547 1962 2615 μέγαν

389 2641 613 2703 ἐκεῖνον,
653 2639 812 2701 εὐθὺς
841 2639 1141 2710 προστάξαι
1185 2638 1435 2708 καθάπερ
1467 2637 1696 2707 ἐμψύχῳ
1729 2636 1806 2706 τῷ
1832 2637 1961 2706 λίθῳ

393 2731 686 2802 μεταϐῆναι
729 2730 867 2800 πρὸς
895 2732 1099 2783 ἐκεῖνον
1146 2729 1236 2782 τὸν
1280 2731 1468 2793 τόπον,
1523 2728 1582 2779 ὃν
1629 2732 1657 2783 ό
1696 2729 1961 2798 νεωκόρος

390 2820 685 2885 ὑπέδειξεν.
716 2820 917 2873 Τούτου
944 2820 1000 2873 δὲ
1033 2820 1347 2890 γενομένου,
1377 2819 1717 2889 παραχρῆμα
1747 2818 1961 2871 πιστεῦ-

391 2928 480 2963 σαι
518 2912 594 2981 τῷ
638 2911 781 2982 λόγῳ
832 2911 923 2963 τὸν
968 2910 1169 2980 ἄνδρα·
1220 2912 1315 2963 καὶ
1359 2911 1535 2963 πάντα
1576 2909 1958 2974 καταλιπόντα,

2070 459 2284 527 spicere
2337 459 2558 523 soleret,
2621 468 2915 527 antequam
2979 458 3257 514 daemones
3301 474 3368 513 ex
3409 460 3639 514 delubro

2069 550 2226 619 ejeeti
2254 558 2461 605 essent.
2497 548 2711 614 Quibus
2746 550 2911 604 rebus
2938 550 3211 619 peractis.
3241 565 3365 603 eum
3400 550 3638 618 erupisse

2070 642 2333 711 cogitare,
2398 642 2546 710 quod
2588 640 2775 695 divina
2842 640 3091 709 quaedam
3133 642 3308 696 virtus
3367 640 3636 709 Gregorio

2070 730 2309 792 adesset,
2341 746 2435 799 per
2468 744 2630 799 quam
2661 730 3004 783 demonibus
3037 729 3267 783 validior
3295 728 3449 783 visus
3468 738 3631 783 esset.

2068 820 2205 874 Cum
2256 831 2435 875 autem
2510 835 2701 874 rursus
2767 835 2889 873 eum
2946 818 3253 873 festinando
3301 827 3635 874 consecutus

2069 918 2238 975 esset,
2280 910 2596 979 priusquam
2651 908 2991 977 pervenisset
3050 909 3105 962 in
3162 908 3378 969 urbem,
3425 908 3636 978 rogavit

2067 1017 2192 1057 eum
2247 1011 2305 1056 ut
2352 1002 2453 1057 sibi
2494 1003 2813 1072 mysterium
2844 1002 2912 1055 ab
2941 1001 3057 1069 ipso
3086 999 3300 1053 discere
3338 998 3546 1062 liceret,
3581 1008 3636 1050 et

2067 1092 2320 1160 quisnam
2366 1100 2513 1147 esset
2555 1092 2648 1146 ille
2693 1090 2858 1155 Deus,
2900 1091 2996 1160 qui
3029 1100 3279 1143 naturam
3325 1088 3632 1143 daemonum

2066 1183 2356 1237 obnoxiam
2419 1183 2659 1238 haberet.
2707 1182 2844 1238 Cum
2904 1188 3084 1236 autem
3143 1196 3376 1252 magnus
3421 1180 3516 1235 ille
3552 1181 3636 1234 vir

2047 1266 2260 1344 'paucis
2317 1274 2638 1343 mysterium
2691 1273 2915 1342 pietatis
2950 1272 3322 1342 exposuisset,
3366 1271 3636 1328 accidisse

2065 1365 2323 1435 quiddam
2379 1366 2580 1418 dicitur
2635 1366 2865 1419 antistiti
2910 1366 3070 1435 quale
3102 1378 3201 1434 par
3234 1372 3353 1418 erat
3385 1364 3635 1421 accidere

2064 1458 2138 1517 ei,
2185 1457 2279 1526 qui
2322 1456 2374 1509 in
2419 1456 2585 1511 rebus
2644 1455 2846 1510 divinis
2883 1472 2991 1510 non
3043 1463 3191 1510 esset
3240 1456 3530 1513 initiatus:
3570 1470 3635 1509 ac

2064 1548 2228 1602 vilius
2255 1563 2378 1602 esse
2400 1557 2637 1615 putasse,
2669 1563 2832 1617 quam
2865 1547 2932 1603 de
2957 1547 3066 1601 Deo
3099 1548 3400 1602 existimari
3432 1562 3633 1602 convc-

2064 1637 2238 1703 niret,
2282 1638 2505 1692 credere
2555 1637 2700 1707 quod
2744 1652 2946 1691 numen
2996 1636 3241 1691 divinum
3279 1651 3377 1705 per
3411 1650 3633 1691 carnem

1996 1711 2036 1765 Β
2067 1729 2381 1784 hominibus
2405 1730 2782 1800 apparuisset;
2807 1742 3041 1797 cumque
3061 1728 3152 1782 ille
3172 1736 3360 1782 contra
3380 1724 3633 1789 dixisset,

2067 1819 2214 1889 quod
2249 1835 2357 1873 non
2388 1820 2574 1875 verbis
2608 1834 2672 1873 ac
2696 1819 3003 1873 rationibus
3030 1816 3195 1885 hujus
3230 1816 3308 1872 rei
3340 1816 3474 1871 ﬁdes
3509 1829 3636 1871 eon-

2066 1909 2395 1972 ﬁrmaretur,
2422 1909 2515 1965 sed
2553 1926 2619 1965 ex
2653 1910 2817 1965 rebus
2855 1910 3222 1973 mirabilibus,
3265 1924 3387 1979 qua:
3416 1910 3630 1972 ﬁerent,

2063 2003 2171 2056 vim
2194 2003 2316 2057 ﬁdei
2343 2001 2603 2056 faciendae
2635 2002 2953 2071 mysterium
2987 2001 3209 2056 haberet
3247 2019 3260 2055 :
3301 2000 3531 2055 antistes
3563 2001 3634 2055 ab

2063 2107 2130 2148 eo
2164 2093 2390 2162 petiisse
2438 2091 2632 2158 fertur,
2685 2100 2745 2146 ut
2791 2093 2893 2147 sibi
2945 2094 3135 2147 liceret
3181 2091 3401 2162 aliquod
3457 2093 3525 2146 ab
3566 2108 3635 2147 eo

2064 2183 2388 2237 miraculum
2421 2183 2627 2245 videre,
2660 2191 2720 2236 ut
2753 2198 2812 2236 re
2837 2184 2955 2254 ipsa
2986 2198 3107 2252 quite
3140 2182 3312 2246 ﬁeret,
3342 2183 3407 2236 ad
3444 2198 3636 2239 assen-

2063 2274 2273 2329 sionem
2324 2284 2376 2329 et
2422 2274 2872 2344 approbationem
2924 2275 3044 2328 ﬁdei
3115 2274 3500 2330 adduceretur.
3552 2274 3634 2329 lbi

2066 2378 2194 2417 vero
2234 2363 2309 2428 id,
2344 2364 2486 2433 quod
2533 2364 2777 2425 omnium
2819 2365 3057 2419 maxime
3102 2364 3249 2419 dictu
3311 2363 3634 2420 incredibile

2061 2461 2166 2515 est,
2200 2468 2452 2523 magnum
2493 2454 2624 2508 illud
2659 2454 2854 2510 fecisse
2895 2470 3127 2525 magnus
3170 2455 3262 2509 ille
3289 2454 3494 2511 dicitur
3531 2457 3634 2509 mi-

2062 2546 2333 2598 raculum.
2370 2546 2503 2600 Cum
2544 2546 2687 2601 enim
2716 2546 3018 2616 postularet
3058 2547 3313 2610 antistes,
3348 2555 3405 2600 ut
3436 2562 3630 2602 saxum

2062 2636 2333 2705 quoddam
2382 2637 2595 2706 ingens,
2646 2637 2793 2706 quod
2858 2638 3033 2693 oculis
3083 2652 3271 2692 eorum
3324 2637 3632 2707 subjectum

2061 2729 2485 2796 prospiceretur,
2535 2736 2589 2781 et
2641 2743 2750 2782 non
2803 2736 3135 2792 moveretur,
3201 2728 3409 2798 absque
3467 2744 3631 2782 manu

2062 2818 2301 2871 humana
2345 2823 2679 2879 moveretur,
2732 2832 2796 2870 ac
2850 2834 2945 2885 per
2970 2820 3141 2872 solam
3182 2818 3302 2872 ﬁdei
3348 2820 3628 2881 virtutem,

2057 2908 2212 2979 jussu
2270 2906 2517 2978 Gregorii
2575 2908 2643 2961 ad
2687 2908 2916 2962 alterum
2971 2908 3149 2962 locum
3197 2908 3628 2965 transferretur:

389 3001 558 3068 γένος.
606 3003 802 3064 οἰκίαν,
835 3001 1078 3071 γαμετὴν
1100 3042 1114 3065 ,
1152 3002 1368 3064 παῖδας,
1403 3001 1607 3069 φίλους,
1640 3000 1956 3070 ἱερωσύνην,

2064 3001 2212 3055 nulla
2263 3000 2549 3069 iuterjecta
2612 3014 2762 3054 mora
2819 3014 3049 3070 magnus
3099 3000 3189 3055 ille
3233 3000 3418 3056 statim
3459 3002 3631 3070 impe-

390 3094 592 3158 ἑστίαν,
631 3095 904 3163 κτήματα,
939 3094 1059 3146 ἀντὶ
1092 3093 1307 3145 πάντων
1337 3093 1444 3145 τῶν
1473 3091 1781 3162 προσόντων
1811 3092 1959 3161 αὐτῷ

2064 3106 2219 3145 rasse
2257 3091 2463 3145 dicitur
2508 3106 2640 3146 saxo
2695 3100 2950 3160 tanquam
2983 3090 3244 3158 animato,
3289 3098 3348 3146 ut
3373 3093 3632 3148 transiret

391 3185 751 3253 ποιήσασθαι,
780 3184 874 3237 τοῦ
906 3186 1140 3237 συνεῖναι
1175 3183 1253 3253 τῷ
1298 3183 1549 3254 μεγάλῳ,
1582 3184 1675 3236 καὶ⁵
1720 3200 1963 3254 συμμετ-

389 3272 533 3343 έχειν
556 3273 662 3325 τῶν
695 3274 873 3327 πόνων
904 3273 1052 3343 αύτῷ
1088 3274 1183 3327 καὶ
1208 3274 1305 3342 τῆς
1333 3273 1481 3336 θείας
1512 3274 1728 3344 ἐκείνης
1752 3273 1961 3343 φιλοσο-

391 3365 518 3431 φίας
560 3381 619 3417 τε
651 3363 745 3417 καὶ
781 3363 1133 3427 παιδεύσεως.
1175 3364 1388 3433 Σιγάτω
1429 3364 1564 3434 πρὸς
1601 3363 1773 3417 ταῦτα
1810 3365 1959 3418 πᾶσα

389 3453 611 3526 τεχνικὴ
651 3453 757 3509 τῶν
798 3454 1152 3524 λογογράφων
1202 3454 1451 3524 περίνοια
1491 3454 1588 3515 τὰς
1633 3455 1960 3525 ἐπαυξήσεις

390 3544 499 3598 τῶν
545 3543 835 3616 θαυμάτων
884 3545 971 3598 διά
1020 3561 1165 3607 τινος
1211 3544 1496 3615 ῥητορείας
1543 3544 1636 3597 ἐπὶ
1672 3543 1734 3596 τὸ
1778 3542 1960 3614 μεῖζον

391 3635 702 3706 ἐξαίρουσα.
730 3636 804 3689 Οὐ
834 3635 942 3706 γὰρ
979 3633 1215 3687 τοιοῦτόν
1245 3637 1392 3688 ἐστιν
1418 3637 1475 3687 ἐν
1506 3637 1617 3698 τοῖς
1650 3634 1960 3704 εἰρημένοις

390 3725 453 3779 τὸ
495 3724 700 3798 θαῦμα,
734 3725 809 3791 ὡς
842 3728 907 3797 τῇ
943 3726 1165 3796 δυνάμει
1208 3724 1301 3778 τοῦ
1333 3724 1581 3793 λέγοντος
1628 3724 1848 3779 ἔλαττον
1894 3724 1960 3780 ἂν

393 3817 427 3888 ἢ
460 3819 641 3888 μεῖζον
667 3816 860 3879 ἐαυτοῦ
884 3817 1156 3885 γενέσθαι.
1182 3817 1246 3870 Τί
1273 3816 1380 3886 γάρ
1407 3832 1491 3878 τις
1515 3817 1683 3868 είπὼν
1715 3815 1865 3886 παρά
1892 3816 1962 3870 τά

393 3910 678 3981 εἰρημένα,
706 3909 1025 3982 προσθήκην
1056 3908 1215 3961 δώσει
1239 3906 1318 3978 τῷ
1352 3906 1622 3977 θαύματι;
1656 3906 1779 3970 Πῶς
1818 3907 1863 3960 δ’
1895 3908 1961 3962 ἄν

390 4015 475 4061 τις
509 3997 829 4052 ἐλαττώσειε
860 4000 971 4060 τοῖς
1006 3996 1293 4050 ἀκούουσιν
1333 3996 1425 4048 ἐπὶ
1464 3994 1541 4065 τῷ
1579 3997 1823 4063 γεγονότι
1861 3996 1964 4067 τὴν

393 4085 682 4156 ἔκπληξινς
710 4087 870 4149 Λίθος
894 4086 1151 4156 ἀφίστησι
1174 4087 1282 4138 τῶν
1301 4085 1463 4138 λίθων
1484 4086 1607 4149 τοὺς
1631 4084 1960 4154 δεδουλωμέ-

394 4192 518 4238 νους
544 4178 656 4238 τοῖς
685 4175 874 4239 λίθοις,
904 4176 1049 4238 λίθος
1078 4173 1252 4247 κήρυξ
1276 4175 1373 4245 τῆς
1406 4174 1555 4237 θείας
1584 4174 1838 4239 πίστεως,
1866 4174 1962 4226 καὶ

396 4265 585 4334 όδηγδς
613 4268 723 4328 τοῖς
757 4266 1007 4329 ἀπίστοις
1044 4268 1121 4329 εἰς
1152 4266 1420 4336 σωτηρίαν
1447 4266 1673 4333 γίνεται,
1704 4266 1765 4319 ού
1808 4268 1958 4335 φωνῇ

2060 3181 2128 3237 ad
2192 3181 2344 3235 illum
2391 3182 2605 3246 locum,
2657 3197 2816 3252 quem
2873 3180 3237 3252 designasset,
3300 3197 3411 3253 quo
3464 3183 3630 3249 facto,

2060 3272 2335 3341 extemplo
2369 3271 2671 3341 credidisse
2711 3272 2950 3327 sermoni
3005 3271 3214 3327 dicitur
3259 3274 3521 3340 antistes,
3566 3289 3632 3330 ae

2061 3362 2271 3417 relictis
2308 3362 2586 3426 omnibus,
2623 3364 2969 3433 cognatione,
3007 3364 3232 3431 familia,
3269 3380 3460 3429 uxore,
3495 3366 3633 3422 libe-

2062 3453 2166 3514 ris,
2196 3452 2412 3512 amicis,
2449 3452 2778 3519 sacerdotio,
2816 3453 2965 3519 sede,
2998 3455 3473 3524 possessionibus,
3506 3455 3631 3510 loco

2061 3543 2305 3598 omnium
2333 3544 2623 3609 bonorum,
2664 3546 2865 3616 quibus
2913 3546 3246 3613 abundaret,
3288 3548 3536 3613 duxisse,
3582 3548 3631 3604 si

2061 3633 2243 3702 magni
2274 3634 2422 3689 illius
2450 3635 2850 3704 consuetudine
2884 3634 3014 3700 frui,
3048 3642 3104 3691 et
3137 3636 3386 3691 laborum
3413 3636 3633 3691 divinae-

2060 3738 2168 3790 que
2196 3723 2346 3780 illius
2383 3724 2746 3796 philosophiae
2776 3732 2941 3796 atque
2982 3727 3309 3783 eruditionis
3351 3743 3457 3781 una
3504 3743 3628 3783 cum

2061 3813 2155 3866 illo
2187 3816 2437 3884 participi
2472 3817 2576 3871 sibi
2607 3831 2729 3872 esse
2760 3816 2968 3872 liceret.
3008 3816 3180 3873 Sileat
3210 3817 3279 3873 ad
3315 3820 3425 3873 haec
3450 3818 3631 3873 omnis

2061 3902 2354 3959 artiﬁciosa
2406 3904 2735 3973 scriptorum
2781 3904 3043 3969 inventio,
3084 3921 3172 3961 res
3220 3908 3429 3975 amplas
3469 3913 3632 3973 atque

2062 3995 2355 4063 praeclaras
2399 4003 2517 4050 arte
2556 3996 2791 4065 quadam
2841 3996 3055 4051 dicendi
3095 3988 3364 4065 augendo,
3408 3994 3632 4063 ampliﬁ-

2062 4083 2240 4137 cando
2265 4093 2428 4153 atque
2470 4086 2850 4154 exaggerando
2887 4086 2941 4140 in
2978 4087 3157 4155 majus
3187 4088 3478 4141 extollens.
3510 4085 3631 4141 Non

2062 4174 2205 4228 enim
2237 4174 2504 4243 ejusmodi
2547 4176 2874 4228 miraculum
2917 4183 3002 4230 est
3026 4176 3080 4229 in
3124 4176 3213 4241 iis,
3236 4190 3358 4244 quae
3388 4190 3633 4230 comme-

2063 4275 2269 4319 morata
2290 4278 2440 4330 sunt,
2470 4266 2614 4335 quod
2639 4267 2688 4320 vi
2708 4283 2771 4322 ac
2801 4267 3058 4321 facultate
3080 4267 3313 4322 dicentis
3343 4267 3426 4319 vel
3451 4265 3632 4334 majus

392 4373 497 4408 τινι
525 4356 619 4408 καὶ
645 4356 787 4426 λόγῳ
819 4357 915 4427 τὴν
951 4357 1097 4409 θείαν
1139 4355 1365 4426 δύναμιν
1397 4355 1810 4427 ἀνακηρύσσων,
1842 4356 1958 4408 ἀλλ’

2063 4354 2146 4408 vel
2182 4356 2361 4406 minus
2392 4355 2506 4408 ﬁeri
2544 4354 2739 4423 possit,
2762 4371 2925 4424 quam
2953 4371 3009 4410 re
3036 4357 3152 4423 ipsa
3184 4366 3284 4411 est.
3315 4355 3455 4420 Quid
3484 4355 3630 4409 enim

393 4440 473 4510 οἷς
504 4445 677 4498 ἐποίει
709 4446 920 4508 δεικνὺς
950 4445 1039 4498 τὸν
1079 4445 1210 4497 Θεὸν
1248 4446 1351 4498 ὑπὸ
1376 4445 1469 4498 τοῦ
1504 4446 1803 4515 Γρηγορίου
1833 4463 1961 4499 κατ-

393 4535 788 4606 αγγελλόμενον
806 4554 817 4567 ·
848 4529 893 4603 ᾧ
920 4538 1068 4589 πᾶσα
1096 4535 1237 4590 κατὰ
1263 4536 1325 4588 τὸ
1358 4536 1617 4607 ὁμότιμον
1656 4535 1962 4606 ὑποχείριος

393 4628 639 4681 πείθεται
673 4626 871 4691 κτίσις,
902 4627 1002 4696 οὐχ
1031 4628 1153 4680 ὅσον
1180 4625 1493 4696 αἰσθητικὸν
1536 4627 1693 4695 μόνον
1734 4626 1828 4679 καὶ
1864 4626 1962 4695 ἐμ-

394 4734 582 4782 πνουν,
611 4718 704 4770 καὶ
726 4716 985 4786 ἔμψυχον,
1006 4714 1118 4769 ἀλλ’
1139 4715 1192 4768 εί
1209 4733 1260 4768 τι
1281 4716 1373 4768 καί
1392 4714 1592 4767 τούτων
1616 4715 1761 4766 ἐστιν
1784 4714 1957 4781 ἐκτὸς,

392 4808 533 4861 οὕτω
560 4808 772 4876 δέχεται
801 4807 864 4859 τὸ
905 4806 999 4860 τοῦ
1030 4806 1358 4877 θεράποντος
1397 4806 1703 4875 ἐπίταγμα,
1748 4805 1823 4868 ὡς
1863 4806 1962 4859 οὐκ

392 4896 725 4967 ἀμοιροῦντα
770 4897 867 4967 τῆς
904 4896 1226 4965 αἰσθήσεως.
1260 4897 1396 4949 Ποία
1432 4896 1538 4966 γὰρ
1587 4894 1723 4964 ἀκοὴ
1752 4894 1844 4948 τοῦ
1886 4894 1963 4947 λί-

394 4987 519 5054 θου;
549 4987 679 5039 Ποία
703 4986 800 5055 τῆς
829 4984 921 5038 τοῦ
952 4984 1261 5047 κελεύοντος
1286 4984 1531 5049 ἐξουσίας
1553 4983 1838 5055 αἴσθησιςς
1866 4984 1962 5046 Τίς

393 5077 619 5146 δύναμις
660 5078 717 5129 ἐν
767 5074 915 5145 αὐτῷ
960 5075 1330 5145 μεταϐατική;
1373 5074 1506 5127 Ποία
1547 5073 1723 5144 μελῶν
1772 5091 1830 5126 τε
1869 5074 1963 5126 καὶ

395 5164 611 5237 ἄρθρων
633 5164 890 5232 διασκευή
909 5180 921 5226 ;
956 5162 1116 5215 Ἀλλά
1138 5162 1314 5215 πάντα
1333 5162 1504 5214 ταῦτα
1525 5162 1619 5215 καὶ
1646 5160 1715 5214 τά
1739 5161 1962 5214 τοιαῦτα

394 5255 527 5326 λίθῳ
576 5259 609 5326 ἡ
658 5256 752 5308 τοῦ
800 5253 1111 5316 κελεύοντος
1152 5253 1379 5324 δύναμις
1418 5253 1659 5320 γίνεται,
1715 5251 1848 5323 πρὸς
1896 5253 1962 5321 ἣν

401 5347 520 5398 ἰδὼν
551 5348 579 5399 ό
613 5348 877 5418 νεωκόρος
914 5348 1152 5407 ἐκεῖνος,
1195 5344 1351 5406 εὐθὺς
1393 5344 1490 5413 τὴν
1538 5342 1825 5414 γινομένην
1872 5344 1963 5396 ent

398 5437 575 5507 πλάνῃ
602 5438 698 5505 τῆς
722 5437 1064 5507 ἀνθρωπίνης
1093 5434 1304 5503 φύσεως
1330 5435 1544 5503 ἀπάτην
1565 5434 1672 5486 τῶν
1695 5435 1963 5503 δαιμόνων

406 5523 594 5592 ἐνόησέ
636 5540 694 5574 τε
745 5525 837 5577 καὶ
890 5523 1223 5589 ὲϐδελύξατο,
1267 5524 1360 5575 καὶ
1405 5523 1540 5593 πρὸς
1580 5522 1669 5576 τὸν
1714 5522 1963 5593 ἀληθινὸν

404 5613 535 5666 θεὸν
576 5614 921 5684 μετετάξατο,
954 5615 1039 5668 διὰ
1074 5615 1180 5669 τῶν
1211 5614 1361 5680 παρὰ
1398 5613 1490 5666 τοῦ
1528 5613 1711 5667 δούλου
1742 5630 1966 5685 γεγενη-

2064 4442 2226 4496 dictis
2302 4443 2499 4512 aliquis
2562 4442 2825 4513 adjiciens
2889 4446 3211 4499 miraculum
3277 4445 3632 4514 ampliﬁcabit

2063 4540 2117 4588 et
2148 4534 2540 4603 exaggerabit?
2575 4550 2682 4604 qua
2718 4536 2933 4590 ratione
2972 4551 3102 4589 vero
3128 4536 3251 4604 quis
3280 4537 3628 4595 audientibus

2064 4620 2482 4676 admirationem
2512 4622 2589 4675 rei
2608 4633 2772 4692 gestae
2801 4622 3098 4680 Iniuuerit?
3129 4624 3330 4678 Saxum
3363 4626 3632 4682 abstrahit

2063 4725 2093 4764 a
2130 4712 2279 4765 saxis
2310 4726 2426 4774 eos,
2446 4712 2703 4777 quisaxis
2729 4722 2783 4766 et
2806 4714 3078 4783 lapidibus
3095 4715 3389 4784 mancipati
3420 4716 3630 4769 servie-

2061 4802 2196 4857 hant
2229 4820 2242 4855 :
2274 4802 2412 4871 lapis
2448 4817 2625 4872 praeco
2664 4803 2862 4856 divina:
2902 4805 3025 4858 ﬁdei
3069 4813 3124 4858 et
3170 4809 3274 4858 dux
3322 4806 3631 4860 inﬁdelibus

2063 4893 2130 4947 ad
2152 4894 2380 4949 salutem
2399 4894 2637 4957 exsistit,
2653 4910 2760 4949 non
2788 4910 2921 4950 voce
2940 4897 3172 4963 quadam
3190 4905 3352 4965 atque
3380 4910 3631 4950 sermone

2063 4985 2310 5039 divinam
2339 4986 2637 5055 potentiam
2677 4986 2963 5041 celebrans
2996 4994 3160 5056 atque
3192 4986 3503 5057 divulgans,
3533 4988 3629 5043 sed

2065 5090 2166 5131 suo
2205 5076 2351 5130 facto
2404 5075 2593 5138 Deum,
2633 5075 2727 5144 qui
2777 5075 2848 5129 ab
2889 5074 3154 5146 Gregorio
3188 5076 3628 5142 annuntiaretur,

2065 5167 2400 5221 ostendens:
2438 5168 2528 5221 cui
2567 5167 2746 5221 omnis
2792 5182 2857 5220 ex
2897 5182 3054 5236 aequo
3106 5168 3341 5223 obnoxia
3374 5177 3631 5225 creatura

2065 5257 2423 5326 obtemperat,
2456 5272 2566 5311 non
2602 5256 2777 5312 solum
2807 5272 3152 5328 quaecunque
3191 5275 3357 5315 sensu
3380 5262 3629 5331 praedita,

2066 5347 2240 5417 spirat
2258 5356 2311 5400 et
2344 5348 2583 5400 animata
2610 5354 2714 5409 est,
2742 5362 2928 5401 verum
2950 5348 3116 5402 etiam
3145 5349 3190 5403 si
3218 5364 3325 5418 qua
3353 5357 3509 5406 extra
3528 5351 3631 5408 has

2066 5445 2170 5500 est,
2216 5437 2289 5489 ita
2329 5436 2484 5504 jussa
2516 5433 2703 5489 famuli
2752 5438 3053 5507 accipiunt,
3098 5441 3254 5507 quasi
3300 5454 3498 5497 sensus
3529 5456 3630 5497 ex-

2067 5536 2247 5596 pertes
2283 5541 2389 5579 non
2412 5538 2615 5580 essent.
2653 5525 2787 5591 Quis
2820 5529 2965 5581 enim
3001 5529 3195 5598 lapidis
3218 5530 3477 5586 auditus?
3507 5532 3633 5601 quis

2065 5618 2310 5688 jubentis
2358 5617 2643 5687 potestatis
2695 5620 2927 5675 sensus?
2973 5637 3095 5691 qtue
3155 5639 3282 5677 vero
3337 5624 3418 5679 vis
3457 5624 3514 5677 in
3561 5635 3631 5679 eo
