4092 6368
461 287 567 346 919

1724 277 1784 333 8.
1823 274 2150 333 GREGORII
2185 274 2481 332 NYSSENI

3608 241 3717 316 920

462 398 817 456 transeundi?
843 411 964 469 qua:
991 397 1362 452 membrorum
1391 401 1446 449 et
1481 401 1699 448 artuum
1719 391 2030 448 fabricatiol

2145 391 2342 464 μένων,
2380 389 2442 448 τδ
2472 387 2746 459 ἄφραστον
2774 383 2873 454 τῆς
2898 379 2992 438 τοῦ
3022 377 3293 438 Δεσπότου
3321 373 3604 469 δυνάμεως
3627 374 3718 469 λο-

464 494 570 547 Sed
608 492 792 548 omnia
818 492 933 546 haec
964 499 1015 545 et
1044 487 1314 560 ejusmodi
1345 486 1510 556 lapidi
1541 493 1761 556 praestat
1783 483 2032 554 iubentis

463 585 638 638 virtus
679 592 844 652 atque
865 588 1128 652 potestas,
1165 592 1329 648 quam
1363 583 1618 646 spectans
1642 576 1871 630 antistes
1915 574 2029 638 ille,

464 673 649 726 statim
700 667 944 724 fraudem
987 666 1330 727 dannonum,
1373 677 1495 731 qua:
1537 661 1605 716 ad
1656 659 2030 717 seducendum

464 763 759 817 humanam
791 768 1040 814 naturam
1074 755 1447 813 adhiberetur.
1479 761 1532 806 et
1567 751 1952 808 animadvertit
1975 758 2032 807 et

463 851 809 905 abominatus
846 855 950 912 est,
977 852 1032 901 et
1066 843 1132 898 ad
1173 846 1337 898 Deum
1391 857 1576 896 verum
1623 842 1910 896 traductus
1950 849 2034 895 at-

462 958 570 1012 que
604 953 902 996 conversus
927 946 1033 1000 est,
1071 939 1271 1008 quippe
1295 937 1387 1006 qui
1419 949 1514 1004 per
1543 949 1626 996 ea,
1658 949 1780 1004 quae
1813 949 1840 996 a
1873 947 2033 988 servo

463 1040 616 1102 gesta
654 1041 834 1090 erant,
876 1029 1205 1084 ineffabilem
1237 1039 1291 1084 et
1331 1028 1767 1098 inexplicabilem
1814 1025 2030 1080 Domini

463 1123 760 1192 potentiam
783 1136 907 1176 esse
936 1120 1280 1189 coniecisset.
1322 1119 1456 1173 Nam
1493 1120 1538 1175 si
1573 1126 1722 1173 tanta
1754 1118 1895 1174 servi
1937 1133 2033 1188 po-

463 1213 634 1264 tentia
663 1209 1110 1279 (inquiebat),‘ut
1135 1208 1304 1262 verbo
1335 1215 1551 1262 moveat
1580 1223 1669 1261 res
1696 1207 2029 1272 immobiles,

461 1307 517 1355 et
540 1301 770 1369 imperio
812 1307 1000 1353 utatur
1043 1299 1309 1353 adversus
1347 1313 1434 1352 res
1467 1312 1634 1353 sensu
1674 1305 1945 1360 carentes,
1978 1305 2034 1352 et

464 1391 713 1444 hortetur
749 1405 836 1445 res
876 1390 1206 1446 inanimatas
1241 1406 1253 1442 :
1287 1397 1546 1458 quantam
1589 1387 1801 1456 copiam
1842 1396 2032 1456 poten-

463 1483 554 1536 tiae
599 1480 829 1552 Dominp
864 1495 1047 1535 rerum
1097 1480 1478 1534 universarum
1543 1477 1736 1532 adesse
1791 1478 2033 1546 cogitare

462 1581 626 1643 atque
647 1572 918 1640 conjicere
941 1587 1038 1641 par
1064 1580 1169 1634 est,
1187 1571 1342 1640 cuius
1376 1571 1630 1625 voluntas
1665 1569 1831 1624 veluti
1864 1577 2032 1622 mate-

460 1665 543 1718 ria
571 1663 818 1731 quadam
860 1662 962 1717 fuit
1008 1671 1062 1717 et
1107 1661 1419 1726 fabricatio,
1470 1669 1525 1715 et
1563 1660 1646 1715 vis
1699 1667 1811 1712 tum
1855 1659 2030 1729 ipsius

2137 463 2450 553 γισάμενος.
2479 480 2541 532 Et
2565 477 2674 550 γὰρ
2699 475 2936 544 τοσαύτη
2960 472 3055 526 τοῦ
3087 470 3276 528 δούλου
3304 469 3337 529 ὴ
3365 467 3614 536 δύναμις,
3636 463 3716 528 ὡς

2138 573 2340 642 ῥήματι
2382 570 2548 622 κινεῖν
2577 565 2646 621 τὰ
2679 563 2910 635 ἀκίνητα
2929 600 2944 626 ,
2977 561 3070 615 καὶ
3101 557 3481 630 προστάγματι
3522 555 3717 626 κεχρῆο

2139 662 2262 716 σθαι
2300 661 2441 714 κατά
2483 658 2593 712 τῶν
2622 656 2997 727 ἀναισθήτων,
3047 652 3142 711 καὶ
3183 652 3295 714 τοῖς
3336 647 3565 718 ἀψύχοις
3595 646 3714 708 δια-

2137 751 2485 807 κελεύεσθαι·
2529 749 2702 820 πόσην
2734 748 2880 810 είκός
2918 747 3033 800 ἐστι
3084 740 3398 813 περιουσίαν
3433 738 3715 808 δυνάμεως

2137 847 2196 899 ἑν
2223 843 2302 915 τῷ
2350 841 2598 914 Δεσπότῃ
2641 838 2736 893 τοῦ
2787 837 2987 900 παντὸς
3022 834 3391 902 κατανοῆσαι,
3433 824 3494 885 οὗ
3533 829 3594 883 τὸ
3626 828 3717 882 θέ-

2137 937 2309 1008 λημα,
2340 930 2452 989 οἷόν
2478 951 2563 998 τις
2591 932 2714 1004 ὕλη,
2739 929 2834 984 καὶ
2863 924 3178 994 κατασκευὴ
3201 964 3216 988 ,
3242 923 3337 977 καὶ
3360 921 3587 990 δύναμις
3618 921 3717 971 αὑ-

2137 1026 2231 1080 τοῦ
2257 1042 2314 1079 τε
2339 1023 2434 1078 τοῦ
2457 1023 2685 1093 κόσμου,
2711 1021 2804 1074 καὶ¹
2831 1017 2938 1078 τῶν
2964 1020 3020 1071 ὲν
3045 1013 3192 1084 αὐτῷ
3219 1013 3458 1074 πάντων,
3489 1013 3582 1064 καὶ
3605 1009 3714 1063 τῶν

2138 1116 2280 1187 ὑπὲρ
2299 1115 2483 1169 τοῦτον
2498 1114 2688 1175 όντων,
2703 1111 2916 1180 ἐγένετο
2933 1111 2946 1163 !
2976 1105 3253 1162 Ἐντεῦθεν
3271 1107 3299 1159 ὁ
3319 1104 3489 1173 μέγας
3511 1103 3714 1164 ἐκεῖνος

2136 1210 2236 1279 τῆς
2266 1208 2408 1263 κατά
2439 1206 2548 1265 τῶν
2593 1203 2864 1274 δαιμόνων
2900 1198 3180 1271 ἀριστείας
3225 1196 3564 1267 ἀρξάμενος,
3618 1195 3715 1255 καὶ

2137 1297 2248 1355 οἷόν
2290 1317 2343 1352 τι
2376 1298 2635 1370 τρόπαιον
2664 1294 2806 1350 κατὰ
2834 1293 2942 1350 τῶν
2974 1289 3303 1360 νικηθέντων
3332 1287 3421 1340 τὸν
3445 1285 3715 1355 νεωκόρον

2137 1387 2556 1458 περιαγόμενος,
2582 1381 3045 1456 προκαταπλήξας
3073 1397 3134 1434 τε
3165 1382 3232 1450 τῇ
3267 1379 3340 1449 φή
3350 1394 3424 1448 μη
3453 1376 3513 1429 τὸ
3540 1375 3710 1438 ἔθνος,

2135 1479 2305 1542 οὕτως
2337 1477 2435 1548 ἤδη
2471 1477 2609 1546 μετά
2642 1472 3020 1546 πεποιθήσεως
3057 1488 3118 1526 τε
3152 1470 3246 1524 καὶ
3282 1468 3594 1540 παρρησίας
3631 1468 3713 1529 είς

2135 1569 2233 1639 τὴν
2265 1568 2418 1622 πόλιν
2457 1567 2771 1638 εἰσήλαυνεν
2793 1605 2808 1628 ,
2850 1565 2948 1635 οὐχ
2979 1563 3188 1634 ἀρμασι
3228 1561 3323 1615 καὶ
3360 1560 3578 1623 ἵπποις,
3620 1557 3716 1609 καὶ

2136 1659 2380 1730 ἡμιόνοις
2401 1698 2416 1722 ,
2451 1659 2547 1712 καὶ
2579 1658 2658 1729 τῷ
2689 1655 2878 1728 πλήθει
2910 1655 3021 1709 τῶν
3048 1653 3448 1725 παρεπομένων
3477 1652 3714 1720 ἐπικομ-

462 1755 673 1818 mundi,
716 1769 1010 1824 rerumque
1069 1754 1333 1816 omnium,
1377 1766 1499 1821 (luas
1543 1753 1595 1804 in
1633 1765 1700 1806 eo
1729 1757 1878 1815 sunt,
1915 1757 2028 1803 tum

2134 1751 2340 1814 πάζων.
2366 1751 2501 1805 άλλά
2525 1749 2646 1814 ταῖς
2670 1750 2889 1820 ἀρεταῖς
2915 1748 2973 1801 ὲν
3008 1747 3194 1817 κύκλῳ
3218 1743 3712 1816 δορυφορούμενος,

459 1860 649 1899 earum
681 1859 886 1907 rerum,
921 1859 1045 1912 qua:
1071 1857 1235 1911 supra
1265 1857 1352 1896 res
1383 1840 1687 1895 mundanas
1708 1840 1869 1894 sunt!
1895 1836 2032 1892 Hinc

462 1948 693 2003 magnus
729 1934 820 1989 ille
863 1949 975 1988 rem
1017 1934 1155 1988 bene
1189 1947 1378 2004 gerere
1445 1931 1708 1986 adversus
1753 1931 2031 1986 daemonas

461 2042 729 2093 exorsus,
778 2042 840 2081 ac
899 2028 1067 2093 veluti
1110 2035 1375 2097 tropzeum
1429 2025 1704 2096 quoddam
1767 2025 2032 2080 adversus

460 2118 706 2173 devictos
745 2119 1044 2178 antistitem
1108 2118 1548 2181 circumducens,
1603 2132 1726 2171 cum
1785 2125 1838 2169 et
1889 2115 2030 2172 fama

461 2207 547 2260 sui
587 2216 802 2278 gentem
844 2215 971 2263 ante
1012 2209 1338 2278 perculisset
1375 2205 1927 2276 etobstupefecisset,
1958 2205 2032 2257 ita

461 2295 680 2352 demum
719 2312 843 2351 cum
882 2297 1080 2352 ﬁducia
1119 2298 1421 2366 animoque
1440 2297 1606 2351 alacri
1647 2304 1811 2364 atque
1839 2293 2035 2347 contir-

461 2397 611 2443 malo
640 2389 832 2443 urbem
858 2388 1237 2452 invehebatur,
1277 2403 1390 2442 non
1417 2387 1675 2442 curribus
1710 2394 1763 2440 et
1785 2385 1960 2455 equis,
1979 2389 2033 2438 et

460 2479 649 2542 mulis,
681 2486 738 2534 et
774 2477 1126 2534 multitudine
1168 2478 1430 2532 comitum
1473 2477 1864 2534 assectantium
1910 2487 2033 2529 sese

460 2575 764 2633 ostentans,
805 2570 900 2624 sed
934 2568 1230 2623 virtutibus
1273 2567 1515 2637 undique
1555 2566 1811 2635 stipatus,
1854 2565 2032 2620 omni-

461 2657 566 2712 bus
588 2665 772 2721 autem
810 2658 961 2714 urbis
995 2658 1190 2712 incolis
1224 2658 1564 2727 populariter
1609 2673 1671 2711 ac
1704 2657 1866 2724 vulgo
1905 2670 2028 2710 cum

459 2747 786 2817 coniugibus
841 2757 895 2804 et
945 2747 1134 2803 liberis
1189 2749 1337 2802 velut
1380 2748 1446 2802 ad
1502 2763 1701 2801 novum
1757 2746 2028 2818 quoddam

459 2841 834 2906 spectaculum
872 2839 1155 2894 visendum
1197 2839 1410 2894 obviam
1446 2840 1656 2905 ell'usis,
1693 2849 1746 2895 et
1781 2839 2035 2897 omnibus

2132 1841 2402 1911 πανδημεὶ
2427 1840 2484 1894 δὲ
2514 1839 2731 1894 πάντων
2767 1836 3140 1910 προχεθέντων
3161 1835 3268 1890 τῶν
3299 1833 3597 1904 οἰκητόρων
3618 1831 3716 1894 τοῦ

2132 1927 2344 1994 ἄστεος,
2384 1927 2460 1991 ὡς
2490 1928 2582 1982 ὲπί
2624 1944 2749 1982 τινα
2787 1926 2976 1982 καινοῦ
3006 1926 3281 1996 θεάματος
3321 1923 3592 1995 ἱστορίαν,
3620 1921 3716 1982 καὶ

2133 2022 2352 2076 πάντων
2399 2019 2525 2074 ἰδεῖν
2568 2018 3068 2090 προθυμουμένων,
3101 2017 3185 2080 τίς
3231 2016 3437 2078 ἐκεῖνός
3486 2015 3634 2076 ἐστιν
3686 2014 3720 2076 ό

2133 2113 2432 2184 Γρηγόριος
2455 2153 2468 2177 ,
2504 2112 2562 2176 ὃς
2599 2113 2887 2186 ἄνθρωπος
2926 2111 3002 2164 ὦν
3037 2109 3142 2164 τῶν
3180 2107 3551 2178 νομιζομένων
3585 2105 3717 2175 παρ’

2135 2205 2318 2267 αὐτοῖς
2360 2200 2499 2257 εἶναι
2533 2203 2700 2269 θεῶν,
2749 2202 3003 2274 καθάπερ
3049 2219 3132 2265 τις
3173 2199 3425 2271 βασιλεὺς
3465 2197 3716 2262 ἐξουσίαν

2134 2295 2281 2367 ἔχει,
2321 2296 2702 2366 προστάγματι
2749 2294 2928 2364 φέρων
2978 2294 3073 2348 καὶ
3119 2293 3303 2360 ἄγων,
3355 2291 3599 2358 ὅπουπερ
3647 2287 3718 2341 ἂν

2134 2387 2307 2441 ἐθέλοι
2332 2389 2397 2440 τά
2424 2386 2698 2456 δαιμόνια,
2729 2386 2824 2438 καὶ¹
2845 2383 2965 2438 ὅθεν
2990 2382 3056 2436 ἂν
3087 2381 3361 2452 βούληται,
3383 2380 3520 2452 πρὸς
3541 2380 3602 2431 τὸ
3625 2379 3682 2432 δο
3698 2407 3715 2419 ο

2131 2477 2263 2532 κοῦν
2291 2475 2572 2544 ἀξοικίζων
2609 2494 2669 2529 τε
2707 2477 2802 2530 καὶ
2840 2475 3152 2539 ὲνοικίζων,
3191 2471 3380 2544 ὥσπερ
3404 2471 3473 2530 τὰ
3516 2467 3718 2540 ἀνδρά-

2137 2569 2295 2633 ποδα,
2329 2568 2423 2620 καὶ
2458 2569 2549 2621 τδν
2579 2567 2921 2638 θεραπευτὴν
2949 2568 3154 2620 ἐκεῖνον
3181 2564 3360 2635 φέρει,
3381 2561 3632 2631 καθάπερ
3655 2562 3716 2614 ἐν

2137 2659 2355 2730 ἔξουσίᾳ
2377 2659 2485 2712 τινὶ
2503 2659 2930 2729 δουλωσάμενος,
2963 2657 3286 2728 ὑπεριδόντα
3308 2655 3407 2726 μὲν
3425 2655 3528 2724 τῆς
3546 2651 3716 2724 τιμῆς

2137 2751 2196 2808 ὲν
2229 2745 2261 2825 ᾖ
2287 2752 2349 2804 τὸ
2387 2751 2648 2822 πρότερον
2680 2746 2768 2821 ἦν,
2799 2750 2907 2804 τῶν
2937 2749 2994 2803 δὲ
3023 2749 3334 2820 προσόντων
3376 2747 3592 2803 πάντων
3615 2745 3717 2815 τὴν

2148 2843 2264 2915 μετ’
2291 2843 2456 2897 αὑτοῦ
2487 2845 2760 2916 διαγωγὴν
2798 2843 3186 2912 ἀλλαξάμενον.

458 2932 645 2987 videre
689 2932 1054 3001 cupientibus,
1099 2932 1224 3002 quis
1268 2940 1413 2985 esset
1445 2932 1534 2986 illo
1576 2931 1892 3002 Gregorius,
1933 2935 2023 3004 qui
2066 2934 2230 2990 homo
2271 2935 2397 2990 licet
2469 2945 2635 3000 esset,
2707 2952 2803 2991 eos
2851 2944 3058 3000 tamen,
3115 2934 3207 3004 qui
3243 2931 3385 3002 apud
3425 2932 3578 3001 ipsos
3615 2944 3718 3000 pro

459 3027 566 3084 diis
606 3027 960 3087 haberentur,
1034 3035 1292 3096 tanquam
1351 3041 1444 3080 rex
1492 3027 1714 3096 quidam
1743 3029 1796 3082 in
1833 3037 2102 3099 potestate
2140 3031 2385 3094 haberet,
2432 3047 2532 3101 pro
2576 3031 2804 3101 imperio
2841 3031 3020 3086 ferens
3054 3039 3108 3086 et
3157 3045 3327 3100 agens
3382 3041 3717 3100 quocunque

458 3120 640 3182 vellet,
690 3127 745 3174 et
789 3119 1154 3187 undecunque
1211 3117 1391 3184 vellet,
1437 3127 1599 3188 prout
1641 3121 1817 3174 visqu
1860 3131 2026 3185 esset,
2069 3121 2350 3178 daemonas
2395 3122 2557 3180 sicuti
2599 3123 2869 3191 mancipia
2898 3121 3148 3191 eiiciens,
3215 3130 3272 3176 et
3343 3121 3564 3178 eosdem
3592 3135 3720 3172 rur-

458 3229 577 3278 sus,
631 3213 678 3268 si
750 3212 1050 3273 videretur,
1093 3211 1454 3268 introducens
1501 3231 1515 3266 :
1595 3215 1796 3284 quique
1835 3216 2100 3271 cultorem
2141 3218 2361 3273 illorum
2401 3218 2696 3274 adduceret
2731 3229 2992 3288 tanquam
3023 3217 3148 3287 iure
3185 3232 3249 3272 ac
3281 3225 3550 3288 potestate
3579 3230 3718 3286 qua-

459 3305 582 3362 dam
638 3308 743 3362 sibi
801 3308 1170 3376 mancipatum
1223 3308 1456 3374 habens,
1509 3311 1897 3380 despicientem
1973 3321 2027 3367 et
2065 3313 2353 3380 honorem,
2394 3331 2504 3385 quo
2538 3322 2664 3370 ante
2698 3316 2959 3385 praeditus
2995 3322 3164 3378 esset,
3238 3325 3293 3370 et
3367 3313 3535 3382 huius
3578 3327 3711 3368 con-

459 3403 806 3457 suetudinem
835 3415 958 3453 cum
999 3400 1278 3464 omnibus,
1306 3416 1428 3471 qua!
1471 3402 1779 3469 habuisset,
1818 3403 2174 3462 facultatibus
2201 3417 2254 3462 et
2287 3408 2463 3477 copiis
2497 3417 2958 3462 commutantem.

530 3496 649 3548 Tali
709 3495 968 3549 nimirum
1022 3495 1203 3549 animo
1269 3503 1431 3565 atque
1469 3497 1726 3566 opinione
1774 3499 2028 3553 omnibus

2203 3502 2437 3572 Τοιαύτη
2479 3502 2535 3555 δὲ
2574 3501 2767 3575 γνώμῃ
2809 3501 3027 3556 πάντων
3070 3503 3512 3575 προσδεχομένων
3555 3501 3716 3555 αὑτὸν

457 3603 581 3642 eum
613 3594 738 3639 ante
774 3585 963 3639 urbem
1012 3586 1474 3654 exspectantibus,
1509 3587 1599 3642 ubi
1634 3587 1701 3641 ad
1753 3604 1848 3642 eos
1902 3605 2028 3658 per-

2134 3592 2238 3662 πρὸ
2259 3591 2350 3644 τοῦ
2371 3593 2577 3653 ἄστεος,
2602 3591 2785 3662 ἐπειδὴ
2811 3593 2929 3644 κατ’
2945 3591 3139 3654 αὐτοὺς
3154 3592 3384 3660 ἐγένετο,
3403 3591 3614 3644 πάντων
3634 3589 3715 3653 εἰς

457 3678 627 3740 venit,
656 3675 915 3731 omnibus
954 3691 1077 3729 eum
1113 3677 1337 3731 intentis
1371 3677 1544 3732 oculis
1589 3679 1978 3733 contuentibus
2011 3718 2026 3740 ,

2134 3681 2334 3735 ἐκεῖνον
2372 3683 2576 3746 ἀτενῶς
2605 3682 3017 3736 ἀποϐλεπόντων
3035 3723 3050 3745 ,
3081 3681 3330 3753 καθάπερ
3359 3682 3490 3751 ὕλην
3512 3682 3716 3751 ἄψυχον

459 3775 718 3837 tanquam
746 3766 936 3820 silvam
968 3765 1258 3835 quamdam
1295 3766 1590 3821 inanimam
1620 3767 1869 3824 homines
1901 3785 2030 3839 pra:-

2134 3772 2347 3844 παριὼν
2372 3777 2496 3838 τοὺς
2530 3773 2867 3845 ἀνθρώπους,
2903 3774 3037 3846 πρὸς
3071 3775 3258 3828 οὐδένα
3301 3774 3409 3828 τῶν
3451 3776 3713 3844 ἐντυγχα-

460 3855 767 3927 tergréssus
796 3896 810 3920 ,
860 3856 927 3910 ad
959 3855 1230 3910 neminem
1277 3871 1504 3920 eorum,
1535 3859 1628 3928 qui
1687 3859 1900 3914 obviam
1939 3876 2033 3915 ve-

459 3949 642 4003 nirent
699 3964 819 4004 sese
858 3957 1223 4013 convertens,
1268 3950 1364 4005 sed
1417 3959 1565 4006 recta
1613 3952 1679 4006 ad
1713 3953 1901 4007 urbem
1940 3967 2032 4006 va-

459 4038 594 4094 dens
625 4038 796 4092 multo
850 4038 1022 4108 magis
1079 4052 1176 4092 eos
1211 4038 1262 4091 in
1297 4046 1573 4109 stuporem
1609 4047 1662 4094 et
1707 4040 2030 4096 admiratio-

459 4142 582 4184 nem
613 4128 836 4183 deduxit
869 4168 884 4193 ,
921 4127 1119 4183 famam
1165 4143 1428 4199 superare
1480 4131 1820 4188 intuentibus
1865 4148 2031 4203 appa-

458 4237 607 4276 rens.
657 4219 814 4298 Quod
851 4220 996 4275 enim
1026 4236 1280 4291 magnam
1315 4221 1502 4276 urbem
1541 4223 1774 4292 primum
1809 4224 2032 4280 invebe-

459 4321 633 4377 retur,
668 4327 792 4366 cum
832 4312 970 4366 nihil
1014 4313 1062 4368 ci
1093 4314 1199 4367 tale
1235 4321 1560 4368 consuetum
1612 4327 1769 4370 antea
1811 4316 2027 4386 fuisset,

457 4405 655 4459 deinde
684 4420 808 4459 cum
841 4413 1062 4472 stupore
1093 4419 1202 4458 non
1230 4404 1592 4473 admiraretur
1627 4414 1835 4460 tantum
1870 4422 2032 4476 prop-

457 4505 540 4550 ter
573 4511 632 4549 se
666 4498 921 4565 populum
951 4501 1338 4565 congregatum
1374 4511 1496 4552 esse
1521 4536 1535 4558 ,
1568 4496 1663 4551 sed
1725 4498 1894 4552 veluti
1936 4514 2032 4568 per

457 4585 808 4641 solitudinem
843 4587 946 4640 iter
976 4584 1190 4640 faciens
1234 4588 1474 4655 seipsum
1507 4589 1772 4643 duntaxat
1803 4598 1856 4643 et
1886 4591 2028 4644 viam

458 4683 728 4741 spectaret
757 4713 770 4736 ,
807 4673 872 4726 ad
904 4673 1172 4727 neminem
1203 4688 1417 4736 eorum,
1454 4677 1546 4743 qui
1577 4677 1788 4730 circum
1828 4693 1888 4731 se
1918 4679 2030 4731 col-

458 4764 581 4816 lecti
609 4770 814 4826 essent,
871 4778 992 4818 sese
1021 4773 1380 4819 convertens:
1411 4765 1510 4819 hoc
1548 4767 1804 4820 nimirum
1863 4784 2026 4837 supra

2132 3863 2330 3917 νόντων
2361 3866 2744 3936 στρεφόμενος,
2773 3867 2866 3919 καὶ
2895 3868 3014 3920 κατ’
3046 3866 3258 3920 εὐθεῖαν
3297 3867 3389 3919 ἐπὶ
3427 3867 3524 3938 τὴν
3561 3867 3714 3919 πόλιν

2135 3950 2386 4021 βαδίζων,
2425 3951 2558 4004 πολὺ
2605 3953 2804 4022 μᾶλλον
2837 3955 3031 4017 αὐτοὺς
3071 3956 3151 4017 εἰς
3193 3954 3450 4024 ἔκπληξιν
3486 3955 3710 4024 ἤγαγεν,

2133 4046 2272 4114 ὑπὲρ
2301 4045 2398 4116 τὴν
2433 4047 2622 4117 φήμην
2645 4048 2756 4110 τοῖς
2784 4046 2952 4117 ὁρῶσι
2982 4047 3320 4116 φαινόμενος.
3350 4046 3421 4098 Τὸ
3443 4051 3550 4122 γάρ
3575 4045 3714 4116 πρώ-
3755 4077 3769 4086 -

2131 4151 2239 4197 τως
2267 4133 2640 4212 εἰσελαύνοντα
2683 4135 2833 4188 πόλει
2871 4135 3099 4207 μεγάλῃ,
3131 4136 3397 4206 μηδεμιᾶς
3430 4136 3713 4206 συνηθείας

2133 4223 2396 4298 τοσαύτης
2454 4225 2910 4296 προϋπαρχούσης
2963 4226 3129 4295 αύτῷ,
3173 4225 3360 4278 ἔπειτα
3414 4226 3487 4298 μὴ
3545 4243 3712 4279 κατα-

2133 4314 2401 4384 πλαγῆναι
2433 4315 2601 4383 δῆμον
2628 4313 2876 4368 τοσοῦτον
2910 4316 2995 4368 ἐπ’
3031 4317 3220 4384 ἐκείνῳ
3270 4317 3708 4386 συνειλεγμένον,

2131 4405 2246 4457 ἀλλ’
2285 4399 2393 4458 οἷον
2428 4405 2496 4457 δι’
2537 4407 2742 4477 ἐρήμου
2790 4405 3102 4474 βαδίζοντα,
3138 4406 3273 4476 πρὸς
3313 4407 3500 4459 ἑαυτὸν
3552 4408 3711 4477 μόνον

2132 4500 2226 4552 καὶ
2272 4500 2404 4570 πρὸς
2452 4497 2550 4568 τὴν
2602 4499 2718 4551 ὁδὸν
2770 4498 3130 4565 ἀποϐλέπειν,
3185 4499 3318 4567 πρὸς
3365 4498 3553 4552 οὐδένα
3601 4499 3711 4551 τῶν

2133 4591 2258 4661 περὶ
2284 4591 2443 4643 αὐτὸν
2475 4591 2927 4661 ἐπιστρεφόμενον
2953 4590 3320 4660 ἡθροισμένων
3340 4630 3353 4652 ,
3371 4589 3528 4643 τοῦτο
3570 4590 3710 4661 ὑπὲρ

2129 4682 2226 4750 τὴν
2254 4683 2313 4733 ὲν
2343 4681 2420 4750 τῷ
2450 4681 2581 4749 λίθῳ
2613 4680 3036 4750 θαυματοποιίαν
3059 4684 3168 4741 τοῖς
3189 4680 3492 4750 ἀνθρώποις
3513 4681 3703 4737 ἐδόκει.

2132 4772 2332 4824 Τούτου
2351 4772 2532 4844 χάριν,
2549 4771 2836 4840 όλιγοστῶν
2851 4771 3037 4835 ὄντων,
3053 4771 3232 4835 καθὼς
3248 4775 3304 4825 ὲν
3321 4775 3431 4835 τοῖς
3445 4773 3709 4841 φθάσασιν

457 4855 803 4919 miraculum,
837 4856 980 4927 quod
1032 4855 1085 4909 in
1119 4873 1252 4910 saxo
1308 4859 1574 4912 translato
1619 4859 1823 4913 editum
1860 4865 1978 4914 erat
2014 4902 2027 4924 ,

2135 4864 2371 4933 εἴρηται,
2409 4862 2515 4914 τῶν
2548 4861 2654 4931 πρὸ
2677 4863 2774 4932 τῆς
2808 4863 3125 4925 ἐπιστασίας
3151 4862 3314 4915 αὑτοῦ
3342 4863 3708 4934 καταδεξαμέ-

459 4945 772 5000 buminibus
817 4961 940 5001 esse
998 4946 1303 5001 videbatur.
1337 4945 1545 5003 Idcirco
1576 4964 1699 5002 cum
1738 4949 2026 5003 admodum

457 5035 614 5103 pauci
653 5043 858 5098 essent,
894 5045 953 5090 ut
1005 5051 1170 5106 supra
1228 5047 1715 5093 commemoratum
1755 5047 1878 5102 est,
1936 5039 2029 5108 qui

458 5133 585 5180 ante
642 5125 1172 5182 administrationem
1222 5129 1342 5196 eius
1399 5128 1558 5182 ﬁdem
1619 5131 2028 5199 suscepissent,

457 5217 614 5284 quasi
654 5224 765 5270 tota
799 5219 993 5272 civitas
1038 5219 1299 5274 honorem
1348 5221 1654 5276 sacerdotio
1701 5221 1824 5290 eius
1863 5221 2029 5276 habe-

457 5311 562 5366 ret,
605 5305 680 5358 ita
718 5307 771 5360 in
829 5307 1020 5362 urbem
1087 5310 1494 5376 ingrediebatur
1525 5354 1539 5376 ,
1580 5313 2026 5380 prosequentium

2135 4969 2240 5004 νων
2283 4952 2381 5019 τὴν
2423 4951 2622 5010 πίστιν,
2667 4951 2740 5014 ὡς
2779 4953 2960 5022 πάσης
3005 4954 3100 5021 τῆς
3149 4953 3352 5015 πόλεως
3396 4953 3558 5006 αὐτοῦ
3609 4954 3706 5024 τὴν

2135 5043 2434 5113 ἱερωσύνην
2485 5030 2756 5111 τιμώσης,
2796 5041 2966 5105 οὕτως
3003 5043 3183 5113 εἰσῄει
3212 5045 3706 5114 στενοχωρούμενος

2133 5133 2499 5204 ἁπανταχόθεν
2539 5119 2650 5196 τοῖς
2686 5135 3161 5206 παραπέμπουσιν.
3206 5135 3357 5188 Ἐπεὶ
3393 5135 3447 5188 δὲ
3493 5137 3706 5188 πάντων

2133 5223 2265 5296 ὁμοῦ
2285 5224 2445 5286 εὐθὺς
2462 5263 2475 5286 ,
2495 5225 2582 5276 ὅτε
2610 5224 2706 5294 τῆς
2732 5223 3045 5291 φιλοσοφίας
3067 5225 3284 5292 ἥπτετο,
3303 5224 3551 5294 καθάπερ
3566 5223 3706 5285 τινὸς

2135 5316 2333 5387 ἄχθους
2365 5315 2554 5368 ἑαυτὸν
2586 5316 2645 5385 ἡ)
2658 5315 2948 5387 ευθέρωσε,
2967 5318 3167 5387 καίπερ
3185 5313 3252 5386 ἦν
3281 5316 3427 5385 αύτῷ
3441 5316 3547 5369 τῶν
3573 5316 3704 5386 πρὸς

457 5393 617 5448 turba
647 5395 894 5465 undique
926 5397 1194 5468 frequenti
1243 5403 1496 5471 stipatus.
1534 5403 1799 5471 Quoniam
1849 5412 2026 5459 autem

2134 5407 2222 5476 τὴν
2245 5405 2389 5477 ζωὴν
2417 5406 2727 5476 ἀναγκαίων
2763 5407 2934 5472 οὐδὲν,
2958 5408 3055 5460 οὐκ
3083 5407 3272 5477 ἀγρὸς,
3296 5407 3357 5467 ού
3390 5407 3573 5471 τόπος,
3605 5408 3705 5461 οὐκ

458 5486 711 5554 protinus
745 5493 805 5539 ut
839 5488 1015 5560 attigit
1047 5492 1443 5562 philosophiam
1484 5496 1739 5549 omnibus
1773 5496 1937 5551 rebus
1968 5510 2027 5549 se

2134 5495 2300 5559 >ίκία,
2347 5494 2480 5549 ἀλλὰ
2524 5495 2700 5550 πάντα
2755 5491 2822 5566 ἦν
2872 5497 3030 5559 αὐτὸς
3087 5497 3262 5566 ἐαυτῷ
3305 5497 3529 5574 (μᾶλλον
3567 5497 3623 5550 δὲ
3671 5499 3703 5570 ἠ

456 5574 622 5629 veluti
665 5589 831 5631 onere
887 5580 1122 5648 quodam
1156 5582 1460 5652 levaverat,
1506 5602 1603 5640 nec
1628 5587 1923 5656 quidquam
1973 5587 2023 5641 ei

2134 5586 2290 5658 Ιιρετὴ
2323 5589 2470 5657 καὶὴ
2501 5588 2700 5651 πίστις,
2741 5590 2936 5658 πατρὶς
2977 5588 3121 5658 αὐτῷ
3147 5584 3234 5660 ἦν,
3271 5590 3365 5646 καὶ
3399 5592 3570 5656 ἑστία,
3609 5590 3703 5649 καὶ

459 5681 640 5720 rerum
664 5665 734 5720 ad
768 5666 912 5723 hanc
938 5670 1099 5724 vitam
1128 5677 1556 5728 necessariarum
1585 5689 1886 5745 supererat,
1913 5692 2020 5731 non

2134 5679 2389 5748 πλοῦτος)⁶
2419 5681 2492 5743 ὡς
2535 5678 2626 5733 οὖν
2659 5680 2756 5750 τῆς
2790 5682 2886 5751 μὲν
2930 5680 3124 5745 πόλεως
3157 5682 3304 5745 ἐντὸς
3343 5679 3428 5754 ἦν,
3461 5681 3603 5746 οἶκος
3644 5681 3701 5735 δὲ
