4092 6368
326 277 426 336 931

1333 286 1424 342 DE
1463 282 1618 339 νην.
1647 281 1706 340 S.
1748 282 2078 341 GREGORH
2108 284 2638 344 TIIAUMATURGI.

3481 289 3587 345 9&2

325 394 472 464 αὐτῷ
509 395 644 473 πρὸς
685 396 990 456 ἀνάπαυσιν
1025 399 1284 473 οὐδαμοῦ,
1317 402 1377 456 οὐ
1425 403 1526 474 τῆς
1563 401 1905 475 Ἐκκλησίας,

2015 418 2141 475 ager
2163 445 2178 472 ,
2225 420 2338 461 non
2363 404 2540 470 locus,
2574 418 2683 462 non
2721 403 2955 468 domus:
2987 402 3081 460 sed
3121 400 3310 464 omnia
3337 403 3453 473 ipse
3481 405 3586 461 sibi

326 489 425 541 οὐκ
455 487 616 555 ἴδιος,
649 488 1060 562 θορυϐουμένων
1105 492 1214 546 τῶν
1248 494 1377 566 περὶ
1417 493 1598 558 αὐτὸν,
1634 493 1728 548 καὶ
1761 493 1908 564 ὅπως

328 579 394 631 ἂν
436 578 733 650 καταχθεξη
772 580 867 634 καὶ
913 582 1063 654 παρὰ
1095 583 1203 638 τίνι
1245 585 1344 656 τὴν
1382 585 1588 656 σκέπην
1620 583 1768 657 εὖροι
1797 584 1910 638 διας-

327 668 666 739 πορούντων·
707 673 767 728 Τί
797 672 1002 736 ταῦτα,
1033 675 1166 749 φησι
1201 675 1336 747 πρὸς
1368 675 1562 740 αὐτοὺς
1597 677 1626 730 ὁ
1657 676 1909 730 διδάσκα-

325 758 436 824 λος.
459 760 660 836 ὥσπερ
696 762 812 828 ἔξω
842 765 950 834 τῆς
983 765 1086 822 τοῦ
1127 767 1276 822 Θεοῦ
1310 768 1542 838 σκέπης
1567 768 1756 834 ὄντες,
1786 767 1910 822 δια-

326 852 575 919 πορεῖτε,
612 854 765 910 ὅπου
790 856 906 930 χρὴ
953 857 1357 913 διαναπαῦσαι
1405 860 1477 921 τὰ
1507 858 1786 930 σώματα;
1818 877 1909 927 μι-

328 942 470 1010 κρὸς
500 943 644 1013 ὑμῖν
661 942 825 1013 οἶκος
853 947 1003 1001 εἶναι
1029 951 1062 1002 ό
1094 949 1237 1016 Θεὸς
1268 950 1447 1016 δοκεῖ,
1471 933 1636 1018 εἶπερ
1655 950 1725 1004 ἐν
1752 950 1911 1018 αὐτῷ

328 1032 514 1104 ζῶμεν
553 1037 650 1090 καί
685 1039 1003 1108 κινούμεθα
1036 1040 1133 1094 καὶ
1171 1040 1390 1110 ἐσμέν;
1425 1043 1496 1097 ’Ἦ
1529 1043 1912 1112 στενοχωρεῖ-

327 1128 436 1179 σθε
467 1125 540 1194 τῇ
575 1129 829 1196 οὐρανίῳ
875 1129 1090 1201 σκέπῃ,
1141 1132 1238 1185 καί
1286 1131 1503 1200 (msice
1535 1133 1695 1202 παρὰ
1736 1134 1910 1188 τοῦτο

326 1217 692 1288 καταγώγιον
746 1221 935 1286 duo;
997 1220 1100 1289 Εἷς
1162 1219 1328 1290 οἶκος
1390 1226 1530 1294 ὑμῖν
1598 1227 1754 1282 ἔστω
1814 1227 1913 1284 διὰ

327 1312 604 1382 σπουδῆς
633 1317 666 1368 ό
707 1313 966 1369 ἑκάστου
1001 1315 1171 1382 ἴδιος,
1219 1319 1252 1369 ό
1292 1316 1389 1372 διὰ
1427 1316 1544 1379 τῶν
1571 1317 1796 1386 ἀρετῶν
1827 1322 1911 1375 cl-

327 1403 784 1474 κοδομούμενος.
812 1405 909 1458 καὶ
935 1407 1022 1471 είς
1045 1407 1199 1476 ὕψος
1225 1408 1701 1476 ἀνατεινόμενος.
1732 1407 1913 1464 Τοῦτο

323 1495 587 1548 λυπείτω
614 1495 826 1566 μόνον,
865 1497 951 1566 μὴ
995 1495 1059 1549 τὸ
1091 1497 1363 1552 τοιοῦτον
1395 1499 1538 1567 ἡμῖν
1573 1499 1916 1568 οἰκητήριον

326 1585 753 1655 ἀπαράσκευον
787 1581 829 1659 ᾖ
845 1603 856 1614 '
889 1590 949 1641 αἱ
982 1587 1091 1657 γὰρ
1119 1586 1238 1641 τῶν
1261 1591 1483 1658 γηΐνων
1509 1591 1724 1660 τοίχων
1753 1606 1915 1660 περι-

329 1677 497 1730 ϐολαὶ
557 1676 682 1750 τοῖς
838 1677 1022 1747 ἀρετῇ
1075 1678 1214 1744 ζῶσι
1261 1679 1472 1748 κέρδος
1524 1683 1595 1734 οὺ
1640 1681 1911 1750 φέρουσι.

2008 504 2128 552 erat
2157 497 2299 567 (imo
2328 511 2454 550 vero
2487 497 2663 554 virtus.
2687 507 2739 552 et
2767 495 2901 560 fides
2928 496 2978 552 ei
3009 496 3184 567 patria
3205 507 3322 552 erat
3349 505 3404 556 et
3429 499 3590 553 sedes

2008 597 2062 642 et
2087 587 2357 654 divitiae),
2393 595 2449 641 ut
2481 587 2646 657 igitur
2670 588 2856 642 urbem
2893 587 3141 656 ingresso
3179 586 3375 646 domus
3413 589 3480 643 ad
3505 604 3590 642 re-

2010 675 2404 748 quiescendum
2438 677 2487 730 ei
2533 691 2802 746 nusquam
2853 676 2937 734 vel
2969 675 3228 732 Ecclesia:
3280 676 3363 732 vel
3414 677 3589 746 ipsius

2009 767 2231 836 propria
2259 774 2416 831 erat,
2468 766 2764 822 comitibus
2817 765 2938 835 ejus
2980 765 3378 836 trepidantibus
3425 776 3588 836 atque

2010 858 2266 918 sollicitis
2297 858 2572 928 quomodo
2608 859 2998 922 diversaretur,
3029 865 3083 912 et
3116 872 3147 912 a
3176 858 3380 927 quibus
3440 866 3587 918 tecto

2012 952 2386 1021 reciperetur,
2437 951 2616 1006 anxiis
2647 942 2683 1006 ἱ
2735 951 2878 1016 Quid
2911 950 3042 1014 ham,
3103 950 3278 1020 inquit
3331 950 3589 1021 magister

2011 1043 2077 1096 ad
2109 1058 2225 1107 eos,
2261 1043 2416 1112 quasi
2442 1053 2591 1098 eJtra
2623 1044 3002 1111 protectionem
3039 1041 3132 1104 Dei
3165 1040 3460 1102 constituti,
3492 1058 3588 1096 an,

2009 1136 2088 1188 xii
2114 1144 2267 1205 atque
2293 1134 2510 1192 solliciti
2536 1136 2826 1204 inquiritis,
2852 1134 2942 1187 ubi
2974 1149 3198 1201 corpora
3243 1133 3453 1202 reficere
3511 1144 3590 1192 at-

2011 1242 2108 1296 que
2145 1242 2335 1280 curare
2379 1228 2666 1294 oporteat?
2703 1243 2770 1284 an
2819 1242 2984 1294 parva
3019 1227 3162 1286 vobis
3219 1227 3409 1286 donius
3446 1224 3587 1285 Deus

2013 1334 2126 1372 esse
2162 1317 2388 1382 videtur,
2435 1317 2693 1387 siquidem
2743 1333 2836 1385 per
2879 1332 2998 1376 eum
3049 1317 3267 1376 vivimus
3314 1325 3362 1370 et
3414 1331 3588 1368 more-

2014 1425 2134 1461 mur
2172 1419 2221 1464 et
2282 1425 2464 1464 sumus
2497 1410 2523 1460 .9
2562 1410 2644 1460 An
2697 1420 2905 1464 arcium
2939 1417 2988 1461 et
3043 1417 3335 1476 angustum
3386 1406 3590 1466 caleste

2016 1510 2204 1554 tectum
2229 1501 2370 1555 vobis
2399 1499 2623 1563 videtur,
2655 1510 2702 1556 et
2729 1514 2924 1570 praiter
2948 1500 3044 1554 hoc
3071 1499 3220 1562 aliud
3241 1499 3588 1558 diversorium

2013 1593 2253 1662 quwritis
2286 1595 2310 1648 ?
2337 1609 2444 1646 una
2469 1591 2609 1646 vobis
2646 1593 2836 1654 domus
2894 1593 3068 1653 studio
3115 1607 3356 1661 aurisque
3383 1592 3490 1656 sit,
3525 1608 3591 1650 eo

2015 1683 2272 1743 videlicet,
2303 1700 2418 1752 quae
2453 1683 2708 1753 cujusque
2759 1682 2975 1752 propria
3003 1693 3103 1746 est,
3136 1698 3252 1752 qua:
3295 1698 3386 1750 per
3425 1690 3593 1742 virtu-

326 1765 579 1821 Μᾶλλον
609 1766 660 1819 δ’
693 1767 768 1824 ἂν
794 1769 1035 1836 εἰκότως
1059 1769 1180 1824 ὑπὸ
1212 1767 1331 1822 τῶν
1357 1771 1426 1824 ἐν
1453 1772 1631 1842 κακίᾳ
1653 1775 1909 1840 μολυνο-

2015 1783 2082 1828 tes
2119 1775 2420 1843 a'diﬁcatur
2461 1784 2509 1828 et
2547 1774 2760 1828 tollitur
2799 1774 2853 1834 in
2881 1775 3070 1834 altum.
3102 1772 3216 1832 Hoc
3246 1772 3416 1834 solum
3448 1763 3589 1832 nobis

324 1857 524 1928 μένων·
570 1860 609 1928 ἠ
652 1858 771 1915 τῶν
818 1859 1034 1928 τοίχων
1075 1861 1242 1928 χρεία
1287 1862 1680 1924 σπουδάζεται
1699 1882 1714 1902 ι
1765 1863 1914 1925 διότι

326 1949 725 2020 προκάλυμμα
749 1951 1046 2018 πολλάκις
1062 1951 1179 2005 τῶν
1195 1953 1466 2021 κρυπτῶν
1494 1955 1604 2023 τῆς
1615 1957 1914 2026 αἰσχύνης

326 2044 360 2096 ὁ
399 2039 565 2114 οἶκος
595 2043 839 2113 γίνεται.
875 2039 974 2114 Οἷς
1008 2043 1076 2097 δὲ
1105 2045 1178 2098 δι’
1209 2045 1428 2115 ἀρετῆς
1458 2049 1490 2100 ὁ
1519 2047 1662 2113 ,βίος
1697 2048 1915 2110 ἐσπού-

326 2132 566 2195 δασται,
591 2134 699 2188 οὐκ
717 2134 970 2203 ἔχουσιν
986 2138 1040 2196 οί
1055 2135 1263 2205 τοῖχοι,
1282 2137 1316 2189 ὅ
1331 2154 1382 2190 τι
1397 2140 1910 2206 περικαλύψωσιν.

327 2223 513 2278 Ταῦτα
544 2225 601 2278 δὲ
635 2225 772 2297 πρὸς
805 2227 928 2290 τοὺς
963 2227 1216 2294 συνέντας
1243 2228 1551 2294 διεξιόντος,
1577 2230 1802 2291 ἐπιστάς
1831 2244 1914 2292 τις

325 2316 434 2368 τῶν
464 2316 750 2386 ἐπισήμων
780 2317 940 2387 ἀνὴρ,
971 2318 1116 2386 γένει
1152 2321 1243 2373 καὶ
1269 2320 1502 2390 πλούτῳ,
1535 2321 1626 2374 καὶ
1662 2324 1727 2392 τῇ
1753 2321 1911 2390 λοιπῇ

327 2407 610 2478 δυναστείᾳ
659 2410 771 2470 τοῖς
823 2407 1057 2480 πρώτοις
1099 2411 1410 2482 ἐναρίθμιος
1448 2413 1550 2466 ὧν·
1601 2411 1913 2476 Μουσώνιος

327 2497 495 2568 ὄνομα
541 2498 624 2568 τῷ
667 2498 854 2579 ανδρί·
901 2500 975 2564 ob;
1016 2497 1154 2554 εἶδεν
1187 2501 1415 2566 πολλοὺς
1457 2504 1579 2572 περὶ
1615 2503 1713 2575 τὴν
1748 2503 1915 2576 αὐτὴν

330 2590 566 2658 σπουδὴν
599 2587 1099 2659 προθυμουμένους,
1133 2592 1280 2656 ὅπως
1321 2592 1387 2646 ἂν
1414 2596 1526 2656 τοῖς
1564 2593 1711 2659 ίδίοις
1748 2595 1914 2659 οἴκοις

325 2681 416 2733 τὸν
449 2681 614 2752 ἄνδρα
651 2683 900 2749 δέξοιντο,
937 2683 1145 2751 φθάσας
1187 2686 1312 2749 τοὺς
1356 2686 1568 2749 ἄλλους,
1604 2687 1915 2758 ὑφαρπάζει

325 2773 424 2844 τὴν
457 2775 637 2844 χάριν,
671 2774 849 2845 ἑαυτῷ
883 2777 1212 2846 παρακαλῶν
1257 2779 1647 2851 ἐπιξενωθῆναι
1689 2781 1782 2835 τὸν
1823 2782 1917 2852 μέν

326 2879 450 2933 γαν,
479 2865 573 2916 καὶ
601 2866 826 2933 τιμῆσαι
852 2867 917 2935 τῇ
948 2865 1136 2935 εἰσόδῳ
1173 2867 1263 2919 τὸν
1311 2865 1489 2921 οἷκον·
1521 2869 1596 2931 ώς
1622 2870 1687 2922 ἂν
1718 2871 1913 2940 σεμνό-

327 2952 484 3023 τερός
517 2970 575 3005 τε
622 2953 717 3006 καὶ
759 2953 996 3023 ἀοίδιμος
1044 2955 1121 3024 τῷ
1171 2956 1310 3026 μετὰ
1349 2957 1524 3009 ταῦτα
1553 2959 1761 3026 γένοιτο
1792 2959 1912 3036 βίῳ,

327 3041 423 3096 τοῦ
458 3042 650 3112 χρόνου
684 3042 778 3096 καὶ
808 3044 919 3106 τοῖς
953 3043 1149 3114 ἐφεξῆς
1188 3047 1287 3116 τὴν
1329 3047 1550 3117 μνήμην
1593 3048 1691 3117 τῆς
1735 3049 1916 3102 τοιαύ-

331 3147 429 3200 της
461 3130 626 3200 τιμῆς
659 3128 1140 3207 παραπέμποντος.

2017 1883 2160 1922 cura:
2191 1877 2345 1936 atque
2364 1866 2714 1927 sollicitudini
2739 1868 2839 1929 sit,
2869 1883 2932 1920 ne
2959 1863 3220 1934 ejusmodi
3251 1864 3394 1930 vobis
3439 1862 3591 1916 habi.

2019 1961 2251 2022 taculum
2277 1974 2378 2014 non
2403 1969 2654 2027 paratum
2680 1975 2772 2013 nec
2805 1959 3121 2016 instructum
3145 1957 3240 2020 sit;-
3269 1972 3391 2016 ttam
3423 1965 3592 2015 terres-

2016 2052 2070 2105 ni
2091 2053 2316 2120 parietes
2345 2052 2434 2112 iis,
2466 2051 2556 2121 qui
2579 2067 2694 2104 cum
2715 2051 2903 2104 virtute
2929 2050 3092 2103 vitam
3129 2047 3450 2117 transigunt,
3487 2048 3590 2102 cir-

2016 2139 2253 2197 cumdati
2274 2138 2408 2192 nihil
2441 2137 2704 2201 commodi
2752 2137 3014 2206 afferunt.
3056 2136 3305 2202 Quinimo
3338 2151 3438 2204 par
3473 2152 3594 2192 con-

2015 2240 2421 2300 sentaneumque
2465 2231 2626 2300 fuerit
2659 2232 2724 2285 ab
2765 2233 2854 2296 iis,
2888 2231 2977 2300 qui
3034 2230 3176 2284 vitiis
3225 2240 3381 2298 atque
3410 2228 3592 2296 nequi-.-

2017 2323 2092 2376 tia
2116 2321 2545 2390 coinquinantur,
2569 2322 2834 2391 parietum
2868 2337 3021 2375 usum
3051 2318 3285 2382 studiose
3303 2327 3589 2388 atquecum

2018 2428 2147 2472 cura
2192 2412 2401 2466 institui
2447 2421 2600 2480 atque
2631 2412 2817 2479 parari
2865 2420 3140 2480 propterea
3201 2408 3339 2479 quod
3400 2409 3590 2472 domus

2017 2498 2344 2553 occultarum
2413 2499 2712 2570 plerumque
2777 2499 3163 2568 turpitudinum
3239 2498 3590 2558 velamentum

2016 2591 2248 2646 exsistit.
2298 2592 2366 2644 At
2409 2608 2632 2658 quorum
2677 2592 2786 2645 vita
2839 2608 2953 2644 cum
2997 2592 3188 2645 virtute
3241 2590 3589 2659 transigitur,

2016 2684 2074 2740 in
2135 2682 2219 2738 his
2266 2681 2397 2742 nihil
2434 2691 2548 2746 est,
2594 2684 2734 2751 quod
2777 2683 3006 2751 parietes
3054 2681 3295 2752 obtegqnt
3340 2689 3388 2736 et
3440 2679 3594 2736 obvev

2018 2774 2144 2838 (ent,
2177 2773 2352 2843 Atque
2384 2772 2498 2827 haec
2523 2787 2588 2827 eo
2630 2772 2698 2826 ad
2726 2771 3024 2826 familiares
3053 2771 3290 2834 dit-eote,
3323 2771 3594 2834 assistens

2015 2867 2101 2921 vir
2133 2864 2356 2934 quidam
2386 2863 2647 2934 insignis,
2685 2865 2779 2933 qui
2819 2878 3048 2932 genere,
3082 2863 3290 2917 divitiis
3337 2862 3591 2930 reliquis-

2015 2969 2123 3028 que
2153 2954 2347 3023 opibus
2377 2953 2519 3007 inter
2552 2953 2759 3022 primos
2797 2961 3177 3007 numeraretur
3199 2951 3520 3020 (Musonius
3540 2950 3591 3010 ei

2016 3059 2214 3111 nonien
2241 3052 2358 3104 erat
2378 3044 2419 3112 ),
2443 3051 2503 3101 ut
2534 3044 2669 3098 vidit
2703 3045 2904 3099 multos
2928 3043 3068 3098 idem
3101 3042 3334 3104 ofﬁcium
3377 3041 3592 3104 deferre

1933 3131 1978 3188 ϐ
2009 3142 2251 3204 paratos,
2281 3140 2336 3194 et
2366 3133 2417 3188 id
2450 3142 2673 3203 agentes
2701 3173 2715 3198 ,
2755 3141 2816 3187 ut
2863 3134 2915 3187 in
2953 3149 3082 3197 suas
3119 3134 3263 3198 sedes
3290 3133 3467 3195 virum
3503 3147 3593 3188 re»

330 3222 573 3291 ciperem
595 3259 610 3284 ,
631 3236 753 3277 cum
788 3227 1015 3279 caeteros
1046 3222 1427 3282 antevertisset
1453 3261 1468 3286 ,
1491 3223 1722 3293 gratiam
1791 3223 2034 3292 praeripit
2079 3237 2277 3293 rogans
2307 3237 2564 3294 magnum
2626 3223 2777 3278 illum
2826 3223 3003 3282 virum
3037 3263 3052 3284 ,
3098 3230 3157 3278 ut
3219 3238 3320 3278 suo
3351 3223 3592 3294 hospitio

333 3324 598 3379 uteretur,
633 3326 686 3376 et
723 3315 952 3372 introitu
984 3316 1202 3370 domum
1236 3317 1571 3383 honestaret,
1603 3333 1715 3388 quo
1745 3325 1799 3372 et
1828 3318 2116 3388 augustior
2152 3328 2208 3374 et
2241 3318 2295 3372 in
2336 3318 2588 3388 sequenti
2649 3323 2850 3376 sacculo
2924 3318 3156 3374 celebris
3218 3326 3273 3382 et
3323 3334 3594 3376 memoras

332 3413 458 3469 bilis
487 3429 548 3467 ea
580 3413 867 3478 evaderet,
897 3421 1140 3481 tempore
1175 3412 1340 3474 etiam
1377 3413 1445 3467 ad
1501 3425 1751 3483 posteros
1782 3413 2102 3476 memoriam
2137 3412 2408 3482 ejusmodi
2469 3412 2696 3476 honoris
2735 3412 3168 3467 transmittente.

414 3509 568 3562 Ἐπεὶ
605 3509 660 3561 δὲ
687 3509 780 3562 καὶ
814 3509 960 3564 ἄλλοι
1005 3510 1190 3568 πολλοὶ
1233 3509 1629 3582 συνδραμόντες
1656 3510 1782 3576 περὶ
1812 3508 1919 3564 τῶν

331 3601 532 3670 ὁμοίων
583 3599 861 3664 ἱκέτευον,
911 3600 1114 3658 δίκαιον
1165 3597 1302 3663 εἶναι
1349 3601 1538 3671 κρίνας
1591 3600 1770 3660 δοῦναι
1821 3601 1920 3670 τὴν

335 3694 494 3764 χάριν
537 3690 614 3762 τῷ
661 3690 1114 3762 προκατάρξαντι,
1146 3693 1269 3753 τοὺς
1311 3691 1501 3753 ἄλλους
1553 3689 1640 3744 διὰ
1676 3690 1773 3760 τῆς
1812 3689 1920 3752 τῶν

335 3783 504 3849 Λόγων
547 3778 944 3850 φιλοφροσύνης
991 3778 1430 3849 διασπασάμενός
1472 3795 1532 3831 τε
1575 3779 1670 3832 καὶ
1719 3778 1922 3836 ἀντιτι-

337 3875 537 3944 μήσας,
573 3869 724 3942 παρὰ
764 3867 840 3939 τῷ
892 3868 1213 3940 προλαϐόντι
1269 3869 1588 3935 κατάγεται.
1642 3867 1701 3922 El
1748 3868 1804 3930 δὲ
1850 3869 1924 3921 διο

341 3962 656 4033 ηγηματική
685 3961 768 4023 τίς
798 3963 912 4013 ἐστι
957 3960 1051 4013 καὶ
1097 3961 1472 4024 ἀκατάσκευος
1503 3961 1613 4014 τῶν
1660 3961 1785 4030 περὶ
1825 3961 1922 4014 αὺ-

337 4052 430 4109 τοῦ
477 4053 651 4121 λόγων
707 4053 742 4123 ἡ
794 4051 1020 4122 ἱστορία,
1067 4051 1168 4118 τὰς
1223 4052 1288 4104 ὲκ
1331 4051 1608 4122 περινοίας
1648 4052 1788 4115 τινὸς
1833 4053 1926 4121 ἐφ.

233 4221 237 4226 _
340 4147 730 4217 ευρισκομένας
772 4148 885 4214 τοῖς
928 4145 1247 4216 πράγμασιν
1287 4146 1616 4217 ἐπαυξήσεις
1663 4148 1922 4210 ἑκουσίως

337 4237 431 4291 τοῦ
481 4238 751 4308 ἡμετέρου
787 4236 1184 4306 παραλιπόντος
1229 4236 1412 4305 λόγουθ
1465 4239 1673 4305 γένοιτο
1716 4239 1783 4290 ἂν
1828 4240 1922 4299 καὶ

339 4330 477 4399 αὑτὴ
508 4331 619 4396 τοῖς
661 4326 834 4399 ὀρθῶς
884 4327 951 4379 τὰ
998 4328 1296 4398 πράγματα
1342 4329 1614 4399 κρίνουσιν
1648 4331 1709 4381 οὐ
1750 4330 1920 4399 μικρὰ

345 4420 639 4494 μαρτυρία,
684 4419 777 4473 τοῦ
835 4419 999 4489 μηδὲν
1048 4418 1113 4472 δι’
1172 4419 1418 4484 ἐπινοίας
1465 4419 1794 4484 ἐπαύξεσθαι
1845 4419 1922 4490 τῷ

347 4508 803 4581 μνημονευομένῳ
843 4508 912 4562 τὰ
962 4507 1236 4578 θαύματα,
1271 4509 1384 4562 ἀλλ’
1429 4511 1616 4580 ἀρκεῖν
1656 4510 1753 4581 τὴν
1792 4513 1926 4582 μνήο

349 4615 455 4669 μην
495 4597 604 4651 τῶν
646 4597 766 4658 κατ’
801 4595 965 4658 αὐτὸν
1023 4595 1358 4665 πραγμάτων
1413 4596 1548 4666 πρὸς
1597 4596 1924 4656 τελειότατον

344 4688 597 4742 ἔπαινον·
656 4681 766 4742 οἷόν
804 4704 858 4739 τι
909 4684 1102 4748 καλλος
1156 4685 1421 4753 αὐτοφυὲς
1473 4685 1566 4737 ἐπὶ
1614 4684 1922 4755 προσώπου,

345 4780 571 4851 οὐδεμιᾷ
607 4777 897 4848 περιεργίᾳ
940 4777 1296 4847 κομμωτικῆς
1332 4776 1526 4846 τέχνης
1566 4774 1925 4848 ἐπανθιζὸμες

359 4887 456 4926 δον.
491 4871 695 4923 Ὄντων
737 4869 793 4922 δὲ
825 4869 932 4922 τῶν
982 4867 1510 4938 προκατηχουμένων
1547 4867 1639 4920 τὸν
1678 4867 1832 4936 λόγον
1867 4868 1924 4927 ὲν

346 4959 512 5032 ὀλίγῳ
557 4958 634 5029 τῷ
679 4958 918 5030 ἀριθμῷ,
947 4958 1075 5028 πρὶν
1123 4943 1408 5026 παρελθεῖν
1440 4957 1536 5028 τὴν
1565 4958 1795 5031 ἡμέραν,
1831 4957 1925 5016 καὶ

347 5051 408 5116 ἐν
433 5050 661 5120 δυσμαῖς
695 5048 946 5116 γενέσθαι
995 5046 1086 5101 τὸν
1130 5046 1299 5116 ἥλιον,
1339 5046 1578 5102 τοσοῦτοι
1630 5049 1780 5120 παρὰ
1827 5049 1924 5118 τὴν

351 5143 636 5213 συντυχίαν
669 5139 1012 5213 προσέθεντο,
1047 5138 1184 5192 ὥστε
1227 5137 1362 5212 πρὸς
1404 5136 1654 5208 σύστημα
1692 5137 1820 5191 λαοῦ
1867 5138 1927 5192 τὸ

351 5231 554 5302 πλῆθος
601 5231 711 5288 τῶν
757 5230 1193 5284 πεπιστευκότων
1238 5228 1436 5292 ἱκανῶς
1475 5228 1637 5298 ἔχειν.
1674 5229 1922 5302 Ὄρθρος,

352 5321 448 5374 καὶ
474 5321 634 5382 πάλιν
664 5321 754 5374 ἐπὶ
793 5320 983 5390 θύραις
1010 5321 1038 5372 ὁ
1067 5319 1256 5391 δῆμος,
1291 5319 1440 5374 αὐτοί
1467 5303 1646 5378 τεκαὶ
1674 5323 1926 5388 γυναῖκες

353 5409 442 5464 καὶ
479 5412 682 5473 παῖδες,
715 5411 809 5466 καὶ
838 5411 896 5464 τὸ
921 5409 1148 5480 γηραιὸν
1171 5410 1268 5480 τῆς
1297 5409 1526 5481 ἡλικίας,
1553 5411 1646 5473 καὶ
1674 5409 1754 5473 οἷς
1787 5403 1938 5470 τισιν

353 5493 422 5568 ἦν
455 5500 518 5550 ὲκ
553 5498 841 5568 δαιμόνων,
872 5501 904 5570 ἢ
941 5500 998 5564 ἐξ
1024 5499 1188 5570 ἄλλης
1216 5500 1360 5562 τινος
1408 5500 1687 5569 ἐπηρείας,
1719 5502 1751 5570 ὴ
1791 5517 1926 5570 συμτ

356 5587 498 5657 φορὰ
529 5590 655 5658 περὶ
691 5588 750 5642 τὸ
783 5589 967 5660 σῶμα·
1016 5591 1108 5650 καὶ
1141 5592 1199 5644 ἐν
1232 5589 1411 5659 μέσοις
1439 5590 1639 5652 ἐκεῖνος
1666 5589 1801 5659 πρὸς
1830 5589 1927 5658 τὴν

359 5681 587 5736 ἑκάστου
647 5682 752 5733 τῶν
813 5681 1236 5751 συνειλεγμένων
1300 5683 1485 5752 χρείαν
1538 5681 1808 5751 ἁρμοδίως
1860 5684 1926 5751 τῇ

2084 3507 2220 3566 Cum
2249 3514 2434 3569 autem
2490 3507 2648 3562 multi
2701 3506 2866 3561 etiam
2901 3505 2995 3560 alii
3053 3513 3475 3570 concurrerent,
3539 3514 3593 3560 et

2015 3599 2206 3661 eadem
2237 3605 2512 3668 rogarent,
2553 3611 2773 3666 aequum
2821 3611 2944 3650 esse
2983 3595 3242 3664 judicans
3294 3596 3591 3668 gratiﬁcari

2016 3690 2086 3754 ei,
2116 3687 2208 3758 qui
2239 3695 2482 3758 tempore
2518 3687 2669 3756 prior
2703 3685 2757 3738 in
2811 3683 3106 3741 deferendo
3142 3683 3319 3747 cilicio
3374 3684 3592 3750 fuisset,

2017 3795 2144 3836 cum
2179 3787 2407 3842 caeteros
2433 3779 2670 3847 benigne
2715 3778 2986 3840 salutatos
3036 3777 3218 3836 verbis
3271 3775 3594 3842 honoriﬁcis

2021 3870 2253 3924 invicem
2289 3880 2616 3938 prosecutus
2637 3868 2961 3933 dimisisset,
2987 3866 3053 3928 ad
3087 3868 3321 3936 priorem
3347 3865 3591 3927 divertit.

2022 3957 2180 4024 Quod
2211 3958 2254 4011 si
2292 3957 2522 4012 historia
2562 3971 2745 4010 rerum
2774 3956 2842 4009 ab
2871 3970 2937 4010 eo
2973 3963 3249 4023 gestarum
3281 3954 3417 4008 nihil
3463 3968 3597 4023 pra:-

2020 4057 2104 4115 ter
2153 4062 2336 4103 rerum
2374 4046 2748 4102 narrationem
2791 4047 3035 4100 continet
3064 4054 3119 4098 et
3168 4045 3446 4098 incondita
3484 4054 3594 4112 est,

2021 4138 2170 4211 quod
2232 4154 2415 4194 sermo
2473 4145 2662 4194 noster
2712 4138 2969 4194 consulto
3017 4137 3427 4204 praetermiserit
3475 4151 3593 4204 eas,

2025 4247 2146 4302 quae
2179 4230 2367 4296 solerti
2404 4229 2640 4300 quadam
2688 4228 3095 4298 excogitatione
3132 4227 3378 4282 adhiberi
3429 4229 3596 4290 rebus

2026 4322 2226 4384 solent,
2277 4317 2734 4394 amplificationes
2783 4325 2838 4373 et
2888 4315 3370 4388 exaggerationes:
3431 4315 3597 4378 fuerit

1957 4407 1997 4462 D
2025 4412 2188 4472 etiam
2221 4409 2324 4464 hoc
2363 4423 2472 4464 non
2507 4407 2612 4462 levi
2641 4406 2784 4476 apud
2817 4421 2915 4462 eos
2947 4406 3042 4476 qui
3080 4412 3233 4460 recto
3261 4403 3472 4483 judicio
3507 4418 3597 4466 res

2025 4502 2316 4565 aestimant,
2346 4497 2664 4554 testimonio
2693 4503 2858 4566 atque
2887 4502 3232 4566 argumento,
3255 4494 3405 4564 quod
3447 4494 3599 4556 nullo

2025 4590 2188 4659 modo
2215 4591 2282 4652 de
2312 4589 2585 4654 industria
2622 4589 2890 4646 miracula
2920 4589 3022 4648 viri
3063 4588 3225 4658 cujus
3277 4587 3596 4650 memoriam

2025 4680 2387 4746 celebramus,
2419 4688 2842 4749 exaggerentur,
2886 4678 2980 4733 sed
3016 4692 3198 4732 rerum
3243 4675 3365 4746 ejus
3391 4690 3597 4731 memoq

2025 4773 2107 4830 ria
2150 4770 2384 4836 subiciat
2425 4771 2491 4832 ad
2537 4769 2992 4839 perfectissimam
3026 4768 3282 4830 laudem:
3336 4775 3598 4836 tanquam

2025 4864 2209 4930 nativa
2250 4863 2496 4932 quaedam
2533 4863 2905 4935 pulchritudo,
2937 4876 3062 4931 quae
3098 4859 3305 4924 nullius
3340 4857 3598 4922 lenocinii

2025 4966 2364 5022 supervacua
2389 4951 2633 5006 adhibita
2662 4966 2794 5008 cura
2821 4952 2876 5006 in
2909 4950 3047 5005 facie
3088 4947 3400 5010 emet-escit.
3459 4944 3597 5001 Cum

2027 5052 2207 5104 autem
2238 5043 2436 5117 exiguo
2469 5058 2700 5099 numero
2729 5049 2938 5106 essent,
2991 5041 3086 5109 qui
3123 5051 3432 5102 sermonem
3471 5043 3600 5098 ante

2027 5132 2387 5197 audivissent,
2415 5132 2736 5210 priusquam
2767 5129 2888 5194 dies
2916 5127 3290 5198 praeteriisset,
3313 5135 3365 5179 et
3393 5141 3468 5190 soi
3503 5141 3600 5180 oc~

2026 5223 2272 5290 cidisset,
2309 5223 2446 5286 adeo
2482 5222 2638 5285 multi
2686 5221 2864 5292 primo
2910 5233 3182 5280 concursu
3223 5223 3598 5288 accesserunt,

2027 5314 2180 5376 utad
2221 5304 2671 5380 constituendum
2729 5310 2989 5383 populum
3036 5308 3328 5372 multitudo
3375 5324 3600 5378 eorum,

2028 5407 2122 5477 qui
2150 5404 2518 5473 crediderant,
2549 5404 2686 5464 satis
2725 5415 2919 5476 magna
2961 5409 3132 5457 esset.
3182 5398 3452 5465 Postridie
3480 5399 3600 5470 ejus

2027 5497 2137 5565 diei
2172 5495 2337 5560 simul
2360 5503 2524 5566 atque
2548 5493 2859 5560 (illuxisset,
2880 5507 3076 5559 rursus
3104 5492 3382 5557 hominum
3420 5493 3603 5548 multi-

2030 5590 2164 5652 tudo
2194 5589 2452 5660 frequens
2486 5603 2608 5654 cum
2643 5585 2907 5652 uxoribus
2933 5592 2988 5642 et
3011 5585 3218 5647 liberis,
3247 5585 3376 5643 item
3410 5585 3600 5648 senilis

2029 5688 2183 5746 atas,
2218 5688 2271 5735 et
2297 5680 2718 5750 quibuscunque
2743 5693 2810 5731 ex
2848 5677 3157 5742 daemonum
3189 5675 3390 5746 injuria
3425 5675 3598 5740 aliave
