4092 6368
480 285 591 355 ὀὲιδ

1653 295 1709 351 S.
1753 294 2077 352 GREGORII
2121 295 2413 352 NYSSENI

3641 266 3741 350 σει

487 412 669 478 ntiqua
710 406 761 461 vi
789 407 1073 464 calamitas
1107 409 1355 478 corporis
1388 407 1683 473 acciderat,
1719 423 1816 477 pro
1842 408 2050 464 foribus

2156 410 2382 481 δυνάμει
2412 409 2504 463 τοῦ
2534 408 2846 478 Πνεύματος
2881 408 3254 477 μεριζόμενος,
3281 404 3592 478 κηρύσσων,
3627 427 3744 462 συν-

487 509 686 567 pracsto
711 509 891 563 erant,
932 509 987 555 et
1032 500 1123 554 ille
1153 500 1208 553 in
1248 500 1428 553 medio
1474 514 1663 553 eorum
1695 500 1761 553 ad
1810 501 1864 554 id
1908 500 2055 570 quod

486 589 685 658 cuique
716 603 930 655 eorum,
970 591 1065 661 qui
1105 597 1506 653 convenerant,
1555 605 1695 659 opus
1741 601 1882 654 erat,
1936 606 2058 647 sese

487 678 699 732 virtute
731 678 974 748 Spiritus
1008 680 1345 749 impertiens,
1375 681 1695 750 prmdicans,
1729 698 1835 736 una
1871 683 2059 751 dispu-

491 778 612 825 tans
634 781 686 826 et
715 772 1057 832 examinans,
1086 770 1408 834 admonens,
1428 774 1654 838 docens,
1683 790 1907 829 sanans.
1944 774 2058 830 [lac

489 864 633 915 enim
672 864 860 931 utique
896 876 957 916 re
986 862 1332 932 potissimum
1373 864 1575 919 multos
1612 865 1679 918 ad
1711 866 2059 935 przcdicatio-

488 968 610 1005 nem
652 953 979 1015 adducebat,
1026 952 1173 1022 quod
1218 967 1282 1007 ea
1308 967 1430 1023 qua?
1478 954 1802 1009 videbantur
1829 973 1952 1010 cum
1989 958 2057 1012 iis

486 1034 1011 1113 quaeaudiebantur
1063 1045 1437 1112 congruebant
1506 1058 1559 1101 et
1618 1050 2055 1116 conveniebant,

487 1143 651 1204 atque
686 1150 781 1204 per
811 1143 1041 1206 utraque
1072 1135 1268 1190 divina:
1292 1138 1507 1193 virtutis
1541 1138 1597 1193 in
1631 1155 1696 1194 eo
1731 1150 1873 1195 notae
1896 1149 2058 1212 atque

492 1228 698 1282 indicia
758 1229 1084 1283 relucebant.
1150 1226 1284 1282 Nam
1338 1244 1498 1286 aures
1563 1231 1782 1301 quidem
1844 1249 2055 1302 sermo,

487 1320 681 1374 oculos
706 1334 838 1374 vero
878 1335 941 1374 ea
976 1335 1097 1390 qua:
1126 1320 1270 1375 circa
1300 1320 1548 1379 infirmos
1575 1324 1876 1380 edebantur
1903 1328 2061 1379 mira-

487 1411 610 1462 cula
647 1418 875 1479 stupore
921 1417 977 1465 et
1027 1410 1389 1467 admiratione
1445 1419 1635 1481 captus
1674 1417 1955 1470 tenebant.
2000 1414 2057 1470 Si

485 1501 611 1570 quis
660 1502 890 1571 lugeret,
943 1503 1374 1559 consolationem
1430 1505 1771 1574 accipiebat:
1837 1507 2058 1576 juvenis

486 1603 541 1646 et
573 1593 894 1649 adolescens
921 1596 1292 1665 castigabatur
1330 1604 1382 1651 et
1429 1599 1822 1654 emendaliatur
1869 1599 2058 1654 mode—

485 1682 756 1752 stiamque
783 1684 1029 1740 discebat
1052 1701 1067 1750 ;
1088 1701 1255 1741 senex
1283 1689 1737 1745 convenientibus
1769 1691 1914 1745 aetati
1942 1706 2058 1747 ser-

484 1775 738 1830 monibus
761 1776 1075 1830 curabatur.
1110 1779 1284 1843 Servi,
1315 1787 1373 1833 ut
1406 1795 1533 1850 erga
1574 1767 2055 1839 dominos‘fideles

484 1875 705 1920 essent:
742 1868 833 1935 qui
862 1862 1184 1936 potestatem
1218 1869 1272 1922 in
1323 1868 1459 1925 alios
1503 1870 1788 1938 baberent,
1840 1880 1897 1927 ut
1928 1888 2054 1944 erga

485 1956 735 2013 subditos
764 1958 1155 2014 humanitatem
1200 1968 1546 2031 praestarent,
1596 1964 2050 2021 admonebantur.

483 2047 696 2119 Pauper
742 2066 882 2105 unas
931 2050 1149 2107 divitias
1216 2069 1341 2109 esse
1395 2055 1652 2110 virtutem
1711 2056 2052 2121 docebatur,

482 2152 643 2208 quam
672 2141 926 2195 omnibus
975 2141 1190 2197 abunde
1241 2144 1529 2212 acquirere
1574 2145 1800 2201 liceret:
1852 2148 1898 2201 si
1931 2149 2054 2217 quis

481 2228 692 2285 divitiis
721 2230 962 2294 floreret,
990 2232 1086 2295 ita,
1120 2240 1180 2287 ut
1207 2249 1303 2302 par
1322 2242 1460 2299 erat,
1487 2234 1904 2299 admonebatur,
1930 2254 2053 2292 cum

481 2320 892 2377 administrator
945 2339 1008 2377 ac
1044 2324 1409 2393 dispensator,
1457 2341 1567 2379 non
1628 2326 1883 2382 dominus
1934 2344 2055 2385 esse

482 2411 804 2468 facultatum
839 2415 1149 2472 doceretur.
1183 2416 1504 2473 Mulieribus
1552 2421 1935 2475 convenientia
1968 2430 2052 2474 at-

480 2521 587 2573 que
612 2507 1045 2572 accommodata,
1073 2510 1257 2578 pueris
1287 2498 1653 2582 competentia
1680 2523 1844 2582 atque
1874 2513 2048 2577 utilia,

481 2597 730 2666 patribus
771 2598 919 2668 ipsos
950 2601 1197 2654 decentia
1235 2617 1359 2657 cum
1392 2604 1675 2670 tribueret,
1711 2612 1765 2660 et
1797 2606 2052 2660 omnibus

479 2687 662 2739 omnia
698 2688 865 2752 fieret,
907 2696 961 2744 et
983 2691 1225 2745 omnium
1279 2694 1453 2748 vicem
1500 2703 1803 2763 praestaret,
1839 2703 2057 2750 tantum

480 2774 583 2828 sibi
619 2776 823 2831 auxilio
864 2778 1101 2847 Spiritus
1140 2790 1361 2851 repente
1393 2785 1654 2854 populum
1687 2785 1959 2855 adjunxit,
1991 2793 2052 2840 ut

479 2865 771 2935 ad‘templi
826 2866 1241 2925 fabricationem
1285 2875 1528 2927 animum
1584 2873 1880 2943 adjiceret,
1923 2889 2048 2929 cum

477 2969 669 3011 omnes
703 2956 980 3014 oﬂ‘erendo
1016 2967 1124 3014 tam
1157 2963 1438 3027 pecunias,
1465 2979 1626 3033 quam
1659 2979 1856 3034 operas
1885 2979 2035 3031 suas,

476 3047 717 3102 studium
744 3049 864 3117 ejus
892 3049 1236 3119 adjuvarcnt.
1271 3051 1387 3108 Hoc
1432 3064 1518 3109 est
1575 3056 1861 3125 templum,
1896 3054 2044 3125 quod
2074 3090 2117 3147 ο

478 3153 653 3207 usque
700 3139 880 3195 adhuc
927 3143 1274 3198 ostenditur:
1332 3143 1480 3215 quod
1540 3159 1772 3214 magnus
1822 3145 1916 3200 ille
1965 3145 2047 3198 vir

478 3229 661 3284 statim
716 3246 1011 3301 aggressus
1070 3234 1234 3289 veluti
1302 3234 1720 3291 fundamentum
1770 3236 2045 3306 quoddam

477 3327 643 3390 atque
667 3321 1002 3392 crepidinem
1034 3325 1117 3378 sui
1166 3327 1461 3382 sacerdotii
1494 3328 1651 3381 initio
1686 3327 1932 3384 instituit
1966 3336 2049 3382 at-

476 3426 582 3482 que
616 3413 838 3469 molitus
866 3422 971 3479 est,
1022 3415 1209 3471 divino
1247 3416 1487 3487 quodam
1527 3427 1726 3473 conatu
1761 3426 1817 3473 et
1842 3417 2051 3473 auxilio

475 3512 676 3571 Supero
708 3516 846 3573 opus
880 3504 1189 3568 absolvens,
1214 3506 1676 3575 quemadmodum
1700 3507 2048 3578 insequentis

2156 501 2441 566 εξετάζων,
2471 499 2757 563 νουθετῶν,
2788 500 3071 562 διδάσκων,
3114 499 3362 570 ἰώμενος.
3400 499 3590 571 Τούτῳ
3634 502 3738 571 γὰρ

2156 592 2219 661 δὴ
2248 592 2478 663 μάλιστα
2511 594 2816 663 προσήγετο
2859 593 2984 655 τοὺς
3026 591 3251 654 πολλοὺς
3283 590 3361 663 τῷ
3405 591 3741 662 κηρύγματι,

2157 686 2239 737 ὅτι
2262 684 2571 737 συνέϐαινεν
2602 687 2633 755 ή
2660 683 2780 752 ὄψις
2808 684 2873 754 τῇ
2897 685 3055 754 ἀκοῇ,
3091 683 3181 735 καὶ
3203 683 3269 735 δι’
3293 683 3618 754 ἀμφοτέρων
3644 684 3742 752 τῆς

2159 772 2306 837 θείας
2354 774 2634 844 δυνάμεως
2677 774 2990 843 ὲπέλαμπεν
3037 773 3186 844 αὑτῷ
3244 775 3313 826 τά
3359 773 3737 844 γνωρίσματα.

2160 866 2269 935 Τὴν
2304 866 2403 938 μὲν
2444 867 2551 937 γάρ
2582 867 2749 938 ἀκοὴν
2789 869 2816 920 6
2854 866 3046 934 λόγος,
3098 867 3197 928 τὰς
3229 866 3285 920 δὲ
3328 866 3478 935 ὄψεις
3512 867 3579 919 τὰ
3616 865 3743 937 περὶ

2156 957 2281 1019 τοὺς
2355 956 2713 1020 ἀσθενοῦντας
2759 957 3050 1029 ἐξέπληττε
3092 956 3366 1027 θαύματα.
3415 959 3474 1011 Ὀ
3534 958 3740 1011 πενθῶν

2158 1046 2520 1115 παρεκαλεῖτο
2545 1062 2558 1076 ·
2606 1047 2635 1098 6
2680 1047 2799 1109 νέος
2844 1047 3237 1118 ὲσωφρονίζετο
3261 1064 3274 1076 ·
3307 1049 3335 1100 6
3373 1047 3600 1118 γηραιὸς
3632 1050 3741 1111 τοῖς

2158 1134 2455 1204 καθήκουσι
2494 1135 2671 1203 λόγοις
2718 1135 3100 1206 ἐθεραπεύετο.
3152 1135 3335 1188 Δοῦλοι
3381 1136 3515 1206 πρὸς
3553 1136 3743 1188 δεσπό-

2156 1240 2255 1285 τας
2301 1223 2512 1287 οἰκείως
2556 1223 2733 1293 ἔχειν,
2779 1226 2829 1275 οἱ
2879 1225 3205 1294 κρατοῦντες
3253 1228 3365 1288 τοῖς
3417 1225 3741 1294 ὑποχειρίοις

2160 1314 2717 1385 φιλανθρωπεύεσθαι,
2762 1318 2790 1369 ό
2847 1317 3140 1387 πενόμενος
3194 1318 3288 1369 ἕνα
3337 1315 3564 1370 πλοῦτον
3604 1312 3743 1369 εἶναι

2158 1406 2254 1477 τὴν
2302 1408 2501 1477 ἀρετὴν
2544 1407 2883 1472 ἐδιδάσκετο,
2930 1408 3052 1478 ἥτις
3115 1409 3250 1461 πᾶσι
3294 1408 3576 1477 πρόκειται
3623 1408 3742 1461 κατ’

2159 1497 2404 1561 ἐξουσίαν
2438 1500 2471 1568 ή
2499 1499 2719 1569 κτῆσις,
2753 1501 2780 1552 6
2807 1499 2884 1569 τῷ
2928 1499 3141 1571 πλούτῳ
3174 1499 3360 1570 κομῶν
3399 1499 3743 1571 καταλλήλως

2159 1589 2510 1654 ἐνουθετείτο,
2552 1592 2832 1660 οἰκονόμος
2866 1587 3004 1643 εἶναι
3042 1592 3150 1643 τῶν
3194 1592 3522 1661 προσόντων,
3553 1592 3613 1644 οὑ
3650 1591 3744 1644 κύ-

2164 1698 2273 1751 ριος
2306 1681 2704 1751 διδασκόμενος.
2756 1681 2975 1747 Γυναιξὶ
3018 1682 3092 1735 τά
3139 1683 3456 1753 πρόσφορα,
3491 1682 3647 1736 παισὶ
3678 1681 3745 1735 τὰ

2162 1771 2468 1841 σύμμετρα,
2509 1772 2745 1843 πατράσι
2784 1773 2849 1826 τὰ
2906 1773 3178 1842 πρέποντα
3202 1773 3401 1843 νέμων,
3442 1776 3534 1826 καὶ
3568 1774 3740 1827 πάντα

2158 1865 2289 1916 πᾶσι
2344 1864 2665 1933 γενόμενος,
2712 1867 2964 1917 τοσοῦτον
3014 1863 3190 1934 ἑαυτῷ
3241 1864 3366 1917 λαὸν
3416 1863 3626 1935 ἀθρόως
3674 1867 3739 1935 τῇ

2158 1957 2414 2027 συνεργία
2458 1957 2551 2009 τοῦ
2597 1957 2912 2028 Πνεύματος
2954 1959 3368 2028 παρεστήσατο,
3423 1956 3563 2012 ὥστε
3608 1957 3740 2028 πρὸς

2155 2049 2281 2101 ναοῦ
2315 2048 2658 2117 κατασκευὴν
2708 2049 2971 2118 ὁρμῆσαι,
3013 2048 3231 2102 πάντων
3271 2048 3516 2121 χρήμασί
3561 2065 3621 2102 τε
3653 2049 3745 2103 καὶ

2159 2137 2371 2208 σώμασι
2402 2138 2536 2208 πρὸς
2558 2138 2655 2207 τὴν
2680 2139 2913 2209 σπουδήν
2941 2139 3375 2210 ὑπουργούντων.
3402 2132 3572 2204 Οὗτός
3599 2142 3745 2193 ἐστιν

2156 2230 2183 2281 6
2215 2230 2362 2292 ναὸς,
2398 2224 2457 2282 οῦ
2499 2230 2595 2291 τὰς
2633 2231 2806 2299 ἀρχὰς
2851 2233 3054 2293 ἐκεῖνος
3090 2232 3188 2301 τῆς
3236 2231 3578 2302 κατασκευῆς
3619 2247 3748 2283 κατ-

2155 2320 2404 2373 εϐάλετο*
2464 2320 2874 2373 ὲπεκαλλώπισε
2922 2320 2979 2374 δέ
3036 2339 3119 2383 τις
3170 2321 3278 2373 τῶν
3346 2322 3461 2391 μετ’
3507 2323 3747 2385 ἐκεῖνον,

2155 2412 2362 2464 ἐκείνου
2389 2411 2549 2475 ἀξίως
2573 2429 2585 2442 ’
2613 2414 2641 2464 ό
2672 2414 2832 2483 μέχρι
2861 2411 2953 2464 τοῦ
2999 2414 3262 2482 παρόντος
3290 2413 3654 2484 δεικνύμενος,
3687 2413 3744 2465 ὃν

2153 2507 2182 2557 6
2228 2505 2400 2574 μέγας
2445 2505 2650 2568 ἐκεῖνος
2690 2504 2851 2567 εὐθὺς
2891 2505 3136 2568 ἐπιστὰς,
3181 2500 3291 2558 οἶόν
3331 2523 3454 2559 τινα
3495 2505 3743 2575 θεμέλιον

2153 2596 2247 2649 καὶ
2272 2595 2506 2666 κρηπῖδα
2542 2596 2639 2664 τῆς
2676 2596 2808 2658 ἰδίας
2850 2595 3150 2667 ἱερωσύνης
3183 2595 3260 2664 τῷ
3291 2595 3744 2666 περιφανεστάτης

2152 2686 2245 2755 τῆς
2286 2687 2490 2748 πόλεως
2529 2686 2837 2749 ἐναπέθετο,
2877 2684 2997 2756 θείᾳ
3034 2687 3139 2738 τινὶ
3183 2685 3411 2754 δυνάμει
3449 2685 3740 2751 τελειώσας

2150 2778 2210 2830 τὸ
2253 2777 2434 2848 ἔργον,
2478 2777 2553 2840 ὡς
2601 2776 2678 2845 τῷ
2722 2777 2857 2845 μετὰ
2913 2776 3082 2829 ταῦτα
3141 2780 3496 2847 μαρτυρεῖται
3536 2776 3731 2848 χρόνῳ.

2152 2869 2378 2940 Σεισμοῦ
2412 2870 2520 2939 γάρ
2549 2886 2677 2922 ποτε
2708 2870 3008 2940 βαρυτάτου
3049 2872 3115 2941 τῇ
3167 2870 3319 2923 πόλει
3368 2871 3426 2923 ὲν
3469 2873 3581 2934 τοῖς
3623 2871 3725 2924 καθ

2151 2960 2296 3030 ἡμᾶς
2342 2959 2553 3029 χρόνοις
2598 2959 2989 3029 γεγενημένου,
3015 2960 3108 3012 καὶ
3146 2960 3364 3012 πάντων
3406 2958 3605 3029 μικροῦ
3634 2958 3747 3012 δεῖν

2151 3051 2317 3121 ἄρδην
2345 3050 2717 3117 ἀπολωλότων,
2743 3051 2849 3104 τῶν
2893 3068 2952 3104 τε
2984 3051 3256 3121 δημοσίων
3287 3051 3382 3104 καὶ
3412 3051 3521 3104 τῶν
3552 3051 3749 3104 ἰδιωτι-

2124 3218 2127 3219 ,
2152 3142 2263 3198 κῶν
2288 3143 2734 3212 οἰκοδομημάτων
2763 3143 3018 3196 ἁπάντων
3042 3140 3467 3214 ἐρειπιωθέντων
3500 3141 3595 3195 καὶ
3621 3143 3751 3213 ἐρη-

2153 3233 2456 3304 μωθέντων,
2500 3232 2658 3303 μόνος
2687 3232 2900 3302 ἔμεινεν
2942 3235 2970 3286 6
3014 3233 3141 3296 ναὸς
3168 3233 3374 3296 ἐκεῖνος
3409 3233 3660 3304 ἀρραγὴς
3683 3248 3747 3284 τε

2149 3324 2245 3377 καὶ
2271 3323 2536 3386 άσειστος,
2579 3323 2654 3386 ὡς
2687 3323 2781 3376 καὶ
2811 3322 2899 3376 διὰ
2928 3323 3116 3376 τούτου
3159 3324 3394 3393 φανερὸν
3439 3321 3600 3386 εἶναι,
3652 3327 3747 3379 καὶ

2155 3415 2272 3486 μεθ’
2303 3415 2420 3479 οἵας
2451 3415 2733 3486 δυνάμεως
2769 3417 2797 3466 6
2828 3415 3000 3485 μέγας
3033 3416 3238 3479 ἐκεῖνος
3277 3416 3385 3469 τῶν
3428 3418 3547 3470 κατ’
3586 3416 3748 3470 αὑτὸν

2152 3507 2491 3578 πραγμάτων
2519 3504 2976 3577 ἀντελαμϐάνετο.

474 3595 735 3664 temporis
774 3597 1092 3651 testimonio
1127 3598 1538 3666 comprobatum
1591 3606 1693 3653 est.
1731 3598 1871 3655 Cum
1937 3599 2083 3655 enim
2119 3600 2483 3670 gravissimus
2546 3600 2843 3671 aliquando
2906 3598 3116 3653 civitati
3164 3598 3371 3653 nostris
3409 3600 3745 3669 temporibus

477 3691 635 3740 terra:
663 3695 845 3744 motus
873 3689 1188 3755 accidisset,
1226 3698 1391 3760 atque
1451 3706 1647 3746 omnes
1690 3691 2084 3763 propemodum
2126 3691 2375 3748 funditus
2448 3692 2780 3763 periissent,
2808 3691 3066 3746 omnibus
3115 3699 3225 3744 tant
3272 3690 3533 3760 publicis,
3580 3704 3744 3760 quam

474 3774 705 3841 privatis
745 3777 992 3832 adificiis
1020 3779 1301 3848 collapsis,
1352 3779 1601 3850 disjectis
1645 3794 1709 3836 ac
1753 3781 2034 3841 desolatis.
2080 3781 2257 3853 solum
2298 3782 2430 3837 illud
2465 3782 2727 3852 templum
2767 3781 2998 3836 illaesum
3041 3790 3097 3835 et
3154 3780 3542 3836 inconcussum
3590 3797 3746 3838 man-

474 3865 568 3931 sit,
604 3876 663 3922 ut
695 3867 777 3923 vel
807 3883 904 3939 per
927 3869 1030 3926 hoc
1056 3878 1256 3941 pateat,
1286 3886 1410 3926 cum
1437 3887 1544 3944 qua
1571 3874 1623 3928 vi
1655 3881 1817 3944 atque
1841 3873 2042 3928 virtute
2074 3888 2304 3944 magnus
2353 3874 2443 3929 ille
2478 3873 2560 3928 vir
2590 3889 2679 3930 res
2709 3888 2836 3930 suas
2886 3880 3201 3943 capesseret
3235 3881 3289 3927 et
3316 3873 3731 3944 aggrederetur.

544 4050 743 4108 Verum
774 4053 889 4109 haec
920 4054 1137 4124 quidem
1205 4055 1393 4112 multis
1440 4059 1785 4129 temporibus
1819 4067 1943 4129 post
1985 4059 2043 4114 in

472 4144 861 4200 testimonium
896 4145 1016 4202 ﬁdei
1052 4148 1230 4218 magni
1254 4150 1415 4206 istius
1447 4150 1550 4205 viri
1578 4166 1608 4205 a
1638 4151 1822 4207 divina
1846 4159 2042 4222 poten-

473 4238 548 4290 tia
592 4236 874 4307 designata
925 4247 1072 4293 sunt.
1122 4238 1276 4295 Tunc
1313 4250 1494 4296 autem
1536 4258 1661 4298 cum
1706 4259 1898 4300 omnes
1932 4253 2043 4299 tam

472 4326 621 4383 illius
652 4327 802 4384 urbis
837 4329 1063 4396 incolae,
1109 4346 1274 4401 quam
1314 4333 1481 4388 vicini
1523 4334 1841 4404 apostolicis
1875 4334 2043 4389 mira-

2234 4057 2392 4112 Ἀλλά
2416 4056 2587 4111 ταῦτα
2620 4058 2719 4128 μὲν
2741 4057 2953 4124 πολλοῖς
2984 4058 3211 4130 ὕστερον
3238 4059 3452 4131 χρόνοις
3480 4061 3563 4123 είς
3601 4079 3743 4132 μαρ-

2149 4148 2339 4220 τυρίαν
2387 4150 2486 4221 τῆς
2532 4148 2629 4202 τοῦ
2685 4150 2920 4219 μεγάλου
2973 4151 3207 4214 πίστεως
3251 4149 3401 4220 ποιρά
3446 4151 3546 4222 τῆς
3591 4152 3740 4215 θείας

2149 4240 2441 4312 ἀπεδείχθη
2476 4240 2774 4311 δυνάμεως.
2810 4242 2943 4294 Τότε
2971 4241 3029 4294 δὲ
3058 4245 3171 4304 τοῖς
3199 4242 3575 4306 ἀποπολικοῖς
3606 4242 3739 4296 θαύ-

2153 4347 2285 4402 μασι
2315 4332 2421 4383 τῶν
2448 4348 2507 4384 τε
2538 4332 2677 4384 κατὰ
2708 4331 2805 4403 τὴν
2836 4331 2990 4384 πόλιν
3014 4332 3108 4385 καὶ
3135 4332 3236 4401 τὴν
3265 4333 3543 4403 περίοικον
3569 4333 3741 4388 ἀπάν-

476 4423 618 4479 culis
654 4423 1015 4494 obstupefacti
1064 4434 1284 4491 essent,
1316 4439 1371 4481 et
1419 4428 1687 4499 quidquid
1728 4427 1797 4483 ab
1847 4442 1912 4484 eo
1956 4428 2042 4484 vel

2150 4436 2252 4474 των
2293 4420 2777 4491 ἐκπεπληγμένων,
2824 4421 2920 4474 καὶ
2969 4423 3078 4477 πᾶν
3110 4422 3170 4474 τὸ
3224 4423 3352 4493 παρ’
3384 4423 3548 4477 αὑτοῦ
3583 4424 3739 4492 λεγό-

470 4516 745 4571 diceretur
793 4517 878 4571 vel
914 4517 1086 4581 fieret,
1140 4517 1330 4573 divina
1363 4519 1567 4575 virtute
1624 4527 1678 4575 et
1720 4520 1807 4591 agi
1848 4527 1903 4576 et
1935 4519 2045 4575 dici

470 4607 875 4664 credidissent:
919 4624 987 4663 ne
1024 4610 1369 4665 saecularium
1404 4611 1625 4681 quidem
1659 4626 1724 4668 ac
1762 4620 2043 4682 tempora-

470 4698 605 4753 lium
652 4700 1159 4753 controversiarum
1217 4701 1367 4755 aliud
1412 4703 1581 4755 ullum
1622 4701 1893 4772 judicium
1937 4703 2042 4759 sibi

470 4787 645 4859 magis
682 4796 859 4843 ratum
915 4803 980 4844 ac
1036 4789 1291 4858 firmum,
1349 4792 1643 4862 majorisve
1693 4794 2043 4850 auctoritatis

468 4895 592 4936 esse
613 4880 892 4948 putabant,
924 4879 1020 4936 sed
1054 4882 1235 4937 omnis
1252 4885 1484 4952 quaestio
1517 4883 1959 4954 disceptatioque
1988 4895 2043 4939 ιιι

469 4972 652 5027 omnis
681 4972 971 5027 intricatus
1012 4982 1066 5028 et
1112 4974 1389 5043 explicatu
1414 4974 1656 5031 difficilis
1693 4975 2038 5045 negotiorum

470 5077 642 5118 nexus
690 5063 834 5118 illius
888 5063 1132 5119 consiliis
1166 5072 1219 5120 et
1274 5048 1741 5119 admonitionibus
1797 5066 2041 5121 resolve-

469 5154 632 5209 batur
652 5163 705 5210 et
734 5156 1115 5212 dirimebatur.
1172 5154 1327 5211 Unde
1353 5172 1477 5212 cum
1501 5156 1868 5212 communiter
1910 5158 2035 5211 uni-

469 5247 666 5310 versis,
711 5255 825 5302 tum
865 5247 1096 5318 singulis
1137 5248 1286 5302 illius
1332 5247 1597 5304 beneficio
1638 5255 1749 5301 tam
1809 5247 2040 5317 aequitas

468 5341 727 5403 rectaque
776 5335 917 5404 juris
971 5337 1311 5403 constitutio,
1344 5351 1509 5406 quam
1556 5351 1664 5407 pax
1719 5345 1873 5391 erat:
1921 5352 2037 5391 ma~

468 5439 744 5495 gnumque
784 5426 1048 5480 bonorum
1088 5436 1201 5482 tum
1232 5427 1452 5498 publice
1484 5435 1601 5482 tum
1646 5427 1899 5498 privatim
1955 5428 2039 5482 in-

467 5523 829 5581 crementum,
867 5517 1017 5571 nulla
1052 5518 1262 5573 malitia
1307 5520 1525 5575 nullave
1552 5508 1748 5575 fraude
1790 5527 2036 5573 mutuam

467 5605 813 5660 concordiam
866 5607 1243 5665 imminuente.
1286 5609 1541 5667 Forsitan
1565 5611 1767 5667 'autem
1803 5626 1912 5665 non
1956 5611 2036 5665 in-

472 5697 862 5768 tempestivum
909 5698 1073 5755 fuerit
1133 5718 1301 5758 unum
1355 5701 1477 5772 ejus
1535 5702 1815 5760 decretum
1871 5710 2035 5773 atque

2150 4512 2308 4580 μενόν
2361 4528 2420 4564 τε
2476 4513 2571 4565 καὶ
2623 4513 2922 4583 γινόμενον,
2968 4512 3089 4584 θείᾳ
3133 4512 3360 4584 δυνάμει
3401 4513 3738 4585 πράττεσθαί

2144 4620 2204 4656 τε
2234 4605 2326 4658 καὶ
2364 4604 2615 4674 λέγεσθαι
2657 4604 3117 4667 πεπιστευκότων,
3164 4604 3285 4659 οὑδὲ
3327 4605 3436 4658 τῶν
3469 4607 3738 4676 βιωτικῶν

2146 4694 2675 4767 ἀμφισϐητημάτων,
2722 4694 2850 4747 ἄλλο
2892 4711 2943 4747 τι
2995 4695 3341 4767 δικαστήριον
3381 4695 3549 4767 ᾤοντο
3595 4694 3735 4752 εἶναι

2142 4786 2326 4850 αὑτοῖς
2379 4786 2739 4856 κυριώτερον,
2796 4785 2933 4839 ἀλλά
2993 4788 3144 4840 πᾶσα
3196 4788 3378 4858 κρίσις
3436 4789 3531 4840 καὶ
3584 4788 3739 4842 πᾶσα

2141 4878 2568 4945 δυσδιεξόδευτος
2593 4878 2934 4949 πραγμάτων
2978 4879 3152 4949 πλοκὴ
3188 4883 3309 4942 ταῖς
3347 4878 3556 4932 ἐκείνου
3603 4896 3737 4949 συμ-

2142 4970 2382 5034 ϐουλίαις
2410 4969 2664 5023 διελύετο.
2702 4970 2866 5023 Ὅθεν
2893 4970 3117 5039 εὐνομία
3145 4987 3207 5024 τε
3240 4971 3335 5024 xui.
3361 4971 3553 5041 εἰρήνη
3580 4971 3733 5039 κοινῇ

2141 5077 2199 5113 τε
2243 5060 2335 5113 καὶ
2378 5061 2510 5113 πᾶσι
2546 5060 2638 5113 καὶ
2680 5062 2792 5122 τοῖς
2833 5058 2955 5113 καθ’
2981 5058 3208 5112 ἕκαστον
3256 5058 3347 5112 διά
3385 5058 3486 5129 τῆς
3523 5056 3734 5112 ἐκείνου

2140 5151 2361 5223 χαρίτος
2392 5147 2482 5222 ἦν,
2521 5152 2616 5206 xui.
2657 5150 2827 5222 πολλὴ
2871 5150 2979 5204 τῶν
3015 5150 3234 5218 ἀγαθῶν
3262 5153 3295 5221 ὴ
3332 5150 3591 5213 ἐπίδοσις,
3622 5149 3731 5219 ἰδίᾳ

2140 5261 2201 5296 τε
2243 5243 2541 5314 καὶκοινῇ,
2591 5243 2857 5316 μηδεμιᾶς
2900 5243 3099 5307 κακίας
3150 5243 3249 5313 τὴν
3287 5242 3424 5313 πρὸς
3467 5240 3730 5310 ἀλλήλους

2139 5335 2393 5406 ὁμόνοιαν
2424 5336 2840 5407 ὲπικοπτούσης.
2872 5335 2985 5389 Οὑκ
3010 5333 3236 5405 ἄκαιρον
3273 5333 3319 5386 δ’
3348 5332 3414 5386 ἂν
3448 5333 3577 5395 ἴσως
3617 5332 3727 5400 εἴη,

2106 5412 2109 5415 λ
2144 5428 2272 5497 μιᾶς
2295 5425 2460 5481 αὑτοῦ
2490 5427 2720 5498 κρίσεως
2744 5427 2961 5497 μνήμην
2992 5423 3340 5494 ποιήσασθαι·
3372 5425 3447 5487 ὠς
3474 5423 3558 5487 ἂν,
3587 5423 3732 5476 κατά

2138 5516 2239 5588 τὴν
2272 5518 2588 5588 παροιμίαν,
2622 5517 2739 5570 ὅλον
2785 5518 2913 5587 ἡμῖν
2944 5516 3165 5584 γένηται
3201 5514 3509 5581 καταφανὲς
3538 5515 3602 5565 ὲκ
3632 5512 3730 5565 τοῦ

2140 5609 2446 5680 κρασπέδου
2478 5609 2538 5661 τὸ
2566 5606 2810 5677 ὕφασμα.
2844 5606 2951 5659 Καὶ
2983 5605 3092 5675 γὰρ
3124 5608 3156 5675 ή
3198 5605 3317 5658 θεία
3356 5604 3566 5675 Γραφὴ,
3593 5603 3729 5655 πολ-

2139 5699 2235 5764 λὰς
2279 5701 2370 5755 τοῦ
2408 5699 2746 5770 Σολομῶντος
2781 5697 2983 5768 κρίσεις
3026 5699 3136 5760 τοῖς
3184 5695 3444 5766 ὑπηκόοις
3476 5692 3730 5748 δικάσαν-
