4092 6368
497 327 602 382 οετ

1775 323 1834 380 5.
1865 317 2188 378 GBEGORII
2227 319 2518 378 NYSSENI

3647 312 3752 372 9‘28

503 449 706 500 terram
740 434 992 506 redigens
1017 436 1391 496 continentem
1429 435 1670 494 diluculo
1699 435 1966 499 ostendit,
2015 443 2070 492 et

2177 434 2477 507 χερσώσας,
2526 435 2750 507 ἤπειρον
2800 433 2998 498 ἔδειξεν
3047 431 3122 501 τῷ
3164 429 3345 502 δρθρῳ
3389 429 3486 501 τὴν
3536 429 3752 500 λίμνην,

501 528 714 583 aridum
748 535 803 584 et
835 529 1084 584 humoris
1123 538 1421 599 expertem.
1471 529 1606 586 adeo
1651 539 1709 582 ut
1741 545 1810 584 ne
1845 529 1898 583 in
1935 544 2070 583 cono

501 618 655 671 cavis
677 618 900 688 quidem
929 620 1063 674 locis
1093 621 1304 690 aliquas
1336 620 1597 688 reliquias
1631 635 1786 689 aquae
1823 620 2068 686 haberet,

501 709 596 776 qui
631 718 758 762 ante
792 725 982 778 preces
1016 709 1166 764 fusas
1194 710 1367 778 pelagi
1419 711 1596 768 instar
1620 715 1940 769 exundaret.
1974 713 2073 767 At-

501 817 608 870 que
641 802 734 854 ille
763 801 984 869 quidem
1017 802 1200 855 divina
1221 802 1272 854 vi
1304 802 1409 855 hoc
1455 802 1780 870 interposito
1826 803 2068 866 decreto,

505 907 700 946 rursus
733 907 792 946 se
823 891 1046 946 domum
1080 891 1397 960 recipiebat.
1447 891 1908 950 Adolescentibus
1942 910 2072 950 vero

503 980 666 1038 rebus
699 979 835 1048 ipsis
866 981 1012 1034 edita
1049 982 1318 1036 sententia
1367 984 1798 1038 controversiam
1829 985 2068 1041 diremit.

501 1069 634 1124 Cum
671 1070 818 1124 enim
872 1086 980 1125 non
1011 1080 1180 1136 esset,
1232 1073 1392 1140 cujus
1435 1074 1656 1128 nomine
1699 1074 1898 1130 bellum
1935 1077 2074 1132 alter

502 1160 770 1214 adversus
803 1162 1033 1216 alterum
1069 1164 1353 1231 parabant.
1390 1179 1492 1233 pax
1536 1162 1778 1223 furorem
1833 1168 2070 1236 excepit,

505 1266 567 1304 ac
599 1266 798 1308 rursus
833 1263 1024 1306 natura
1053 1268 1173 1307 sese
1205 1253 1257 1306 in
1294 1253 1556 1309 fratribus
1589 1257 1850 1312 ostendit.
1896 1258 2074 1327 Atque

499 1344 664 1403 etiam
719 1359 865 1397 nunc
915 1343 1102 1397 videre
1153 1343 1280 1398 licet
1331 1345 1532 1400 divina:
1582 1347 1730 1402 illius
1787 1351 2073 1406 sententia:

502 1431 776 1486 evidentia
813 1431 989 1500 signa.
1025 1429 1157 1485 Nam
1193 1432 1433 1502 undique
1455 1435 1663 1492 cit'cum
1686 1437 1838 1491 illum
1871 1439 2070 1502 locum,

501 1522 596 1590 qui
633 1522 909 1590 quondam
956 1521 1108 1578 lacus
1162 1533 1302 1586 erat,
1361 1525 1590 1596 vestigia
1625 1526 1874 1596 quaedam
1919 1543 2074 1598 aquai

502 1610 808 1669 alluvionis'
823 1622 876 1667 et
907 1614 1286 1674 iuundationis
1300 1615 1648 1674 adhucetiam
1669 1636 1816 1677 nunc
1831 1631 2068 1678 exstant.

501 1703 776 1773 Quidquid
813 1714 993 1760 autem
1029 1714 1159 1762 tunc
1189 1707 1538 1764 submersum
1580 1720 1698 1766 erat
1730 1719 1786 1766 et
1817 1713 1870 1767 in
1905 1712 2073 1769 l‘undo

497 1810 677 1864 aqum,
721 1805 891 1850 totum
928 1795 1210 1852 redactum
1241 1809 1327 1854 est
1383 1801 1436 1854 in
1470 1816 1713 1867 nemora,
1761 1803 1880 1859 loca
1915 1805 2074 1861 babi-

499 1894 634 1950 tata,
685 1896 839 1954 prala
877 1896 930 1940 et
980 1902 1132 1941 arva.
1183 1888 1297 1944 lloc
1342 1890 1634 1959 judicium,
1685 1896 1816 1963 quin
1866 1896 2072 1965 primas

499 1982 705 2036 teneat,
743 1990 811 2029 ne
835 1977 1044 2030 clarum
1078 1978 1296 2047 quidem
1325 1981 1477 2044 illum
1511 1983 1688 2052 ipsum
1722 1983 2071 2042 Solomonem

499 2063 699 2131 opinor
747 2067 1182 2121 controversiam
1236 2084 1358 2124 esse
1398 2071 1690 2127 facturum.
1752 2074 1890 2138 Quid
1923 2076 2071 2132 enim

499 2161 710 2208 tantum
741 2154 807 2210 ad
854 2155 1110 2212 virtutem
1163 2158 1326 2213 habet
1379 2164 1660 2226 momenti,
1715 2178 2073 2221 conservasse

500 2260 668 2298 nomn
707 2243 970 2302 infantem
999 2247 1064 2308 ad
1113 2248 1279 2302 ubera
1311 2247 1542 2306 duarum
1591 2253 1901 2319 mulierum,
1933 2270 2072 2323 qua-.-

501 2345 621 2384 rum
655 2343 882 2402 utraque
923 2349 982 2388 se
1025 2347 1248 2390 matrem
1288 2353 1412 2394 esse
1457 2342 1831 2405 contenderet,
1892 2344 2072 2399 adimo

498 2420 826 2485 lactentem,
848 2425 936 2476 cui
972 2425 1039 2480 ad
1065 2427 1298 2481 salutem
1334 2443 1561 2496 prorsus
1593 2431 1727 2488 nihil
1758 2432 2067 2496 interesset.

500 2519 683 2566 utrum
710 2528 736 2574 ιι
781 2525 972 2578 matre,
1013 2531 1079 2570 an
1113 2518 1180 2570 ab
1214 2517 1383 2573 altera
1417 2520 1521 2574 sibi
1571 2521 1830 2576 alimenta
1875 2538 2071 2593 procu-

499 2612 758 2663 rarentur
779 2622 791 2656 :
815 2614 1081 2673 quantum
1103 2607 1318 2663 duobus
1339 2607 1780 2668 adolescentibus
1813 2614 2072 2671 tribuisse

501 2691 734 2746 salutem
765 2734 780 2758 ,
831 2696 923 2763 qui
974 2711 1119 2751 nunc
1158 2697 1472 2770 (primum)
1522 2700 1589 2756 ad
1633 2703 1849 2772 negotia
1883 2705 2069 2759 saeculi

500 2786 798 2853 progressi.
830 2787 883 2844 in
919 2788 1428 2858 vigorejuventutis
1473 2793 1619 2848 circa
1669 2793 1845 2863 ipsum
1894 2798 2072 2852 anatis

501 2875 714 2939 ﬂorem,
747 2877 823 2930 ira
858 2879 1178 2935 stimulante
1210 2896 1306 2938 eos
1333 2882 1400 2936 ad
1423 2891 1664 2938 mutuam
1697 2883 1918 2946 caedem.
1945 2901 2070 2940 cum

503 2967 642 3028 alter
700 2967 754 3026 in
810 2969 1039 3030 alterius
1099 2973 1396 3040 perniciem
1472 2989 1667 3032 manus
1727 2986 2070 3045 armassent,

2175 527 2344 600 ξηράν
2382 545 2439 580 τε
2475 529 2568 580 καὶ
2597 526 2825 598 άνικμον
2844 569 2857 590 ,
2891 525 2966 588 ὡς
2999 524 3130 595 μηδὲ
3161 526 3216 576 tv
3241 525 3354 586 τοῖς
3383 523 3582 585 κοίλοις
3613 521 3755 592 ἔχειν

2172 635 2224 670 τι
2255 617 2347 673 τοῦ
2380 617 2568 680 ὓδατος
2601 616 2869 685 λείψανον,
2913 614 3010 686 τὴν
3056 614 3162 684 πρδ
3200 613 3299 682 τῆς
3331 611 3498 682 εὐχῆς
3543 609 3757 678 πελαγί-

2173 709 2390 773 ζουσαν.
2431 709 2539 762 Καὶ
2579 710 2606 761 6
2644 708 2742 776 μὲν
2788 707 2960 761 ταῦτα
2995 707 3061 775 τῇ
3105 705 3225 774 θείᾳ
3249 704 3474 774 δυνάμει
3505 701 3752 764 δικάσας.

2174 799 2335 853 πάλιν
2365 798 2498 869 πρὸς
2526 798 2717 852 ἑαυτὸν
2749 796 3044 868 ἀνεχώρει·
3076 799 3189 859 τοῖς
3218 796 3275 850 δὲ
3306 795 3446 858 νέοις
3489 796 3522 864 ὴ
3552 795 3616 847 ἐκ
3649 793 3756 848 τῶν

2172 891 2348 961 ἔργων
2383 891 2657 958 ἀπόφασις
2704 891 2801 959 τὴν
2847 888 3174 959 φιλονεικίαν
3215 886 3471 940 διέλυσεν.
3508 885 3601 957 Μὴ
3646 886 3755 954 γὰρ

2171 983 2322 1046 ὄντος
2349 984 2441 1036 τοῦ
2477 983 2618 1053 ὑπὲρ
2637 977 2696 1036 οὗ
2732 984 2841 1036 τῶν
2881 981 3002 1036 κατ’
3033 979 3272 1051 ἀλλήλων
3309 979 3570 1050 ἐξήρτυον
3608 977 3757 1031 πόλε-

2177 1090 2296 1141 μον.
2326 1073 2512 1143 εἰρήνη
2540 1073 2633 1126 τὸν
2673 1071 2842 1142 θυμὸν
2889 1071 3177 1134 διεδέξατο,
3225 1071 3319 1122 καὶ
3364 1069 3524 1124 πάλιν
3559 1067 3755 1138 ἑαυτὴν

2173 1166 2230 1218 ὲν
2259 1167 2370 1228 τοῖς
2413 1165 2658 1234 ἀδελφοῖς
2703 1165 2735 1235 ή
2785 1163 2946 1232 φύσις
2993 1161 3274 1232 ἐγνώρισε.
3333 1162 3443 1215 Καὶ
3479 1160 3574 1214 νῦν
3607 1161 3754 1214 ἐστιν

2176 1257 2302 1312 ἰδεῖν
2358 1260 2455 1327 τῆς
2498 1256 2644 1319 θείας
2692 1255 2907 1324 ἐκείνης
2949 1253 3273 1322 ἀποφάσεως
3310 1253 3513 1323 ἐναργῆ
3557 1251 3624 1306 τὰ
3660 1268 3755 1322 σηο

2177 1351 2320 1416 μεῖα.
2355 1348 2553 1416 Κύκλῳ
2578 1347 2685 1417 γὰρ
2715 1346 2812 1416 τῆς
2845 1361 2972 1397 ποτε
3001 1344 3197 1414 λίμνης
3237 1343 3356 1414 ἴχνη
3384 1342 3505 1395 τινὰ
3535 1341 3636 1411 τῆς
3660 1342 3752 1396 τοῦ

2174 1437 2362 1501 ὕδατος
2401 1438 2735 1499 ὲπικλύσεως
2783 1439 2863 1500 εἰς
2909 1435 2991 1488 ἔτι
3041 1436 3135 1488 καὶ
3173 1435 3267 1488 νῦν
3306 1433 3646 1496 διασώζεται.
3681 1432 3754 1486 Τδ

2171 1529 2218 1583 δ’
2244 1531 2364 1583 ὅσον
2393 1529 2575 1600 βύθιον
2619 1525 2686 1599 ἦν
2718 1529 2838 1582 τότε
2871 1528 2965 1579 καὶ
3004 1529 3062 1580 ὲν
3107 1525 3186 1596 τῷ
3237 1525 3472 1595 πυθμένι
3508 1523 3603 1576 τοῦ
3636 1522 3755 1576 ὓδα-

2171 1638 2282 1685 τος,
2325 1622 2470 1676 ᾶπαν
2509 1619 2912 1691 μετεσκευάσθη
2945 1620 3024 1682 είς
3075 1617 3232 1685 ἄλση.
3275 1618 3367 1671 καὶ
3408 1615 3618 1684 οἴκησιν
3659 1613 3754 1667 καὶ

2176 1711 2476 1781 λειμῶνας,
2509 1712 2602 1770 καὶ
2632 1710 2833 1780 ἄροσιν.
2872 1708 3085 1778 Ταύτης
3129 1703 3279 1777 οἶμαι
3319 1707 3418 1770 τῆς
3449 1705 3603 1774 δίκης
3635 1704 3754 1776 μηδ’

2180 1804 2246 1857 ἂν
2303 1803 2462 1856 αὑτὸν
2515 1804 2717 1855 ἐκεῖνον
2762 1801 2851 1854 τὸν
2896 1799 3195 1870 ὀνομαστὸν
3243 1798 3562 1868 Σολομῶντα
3582 1840 3596 1864 ,
3646 1797 3754 1850 τῶν

2173 1893 2453 1964 πρωοείων
2487 1893 2913 1963 ἀμφισϐητῆσαι.
2963 1892 3026 1943 Τί
3069 1891 3176 1960 γάρ
3218 1889 3466 1943 τοσοῦτον
3500 1891 3580 1952 είς
3623 1890 3752 1960 ἀρεο

2171 1983 2288 2052 τὴν.
2327 1981 2605 2036 ἀποσῶσαι
2651 1983 2711 2034 τὸ
2753 1981 2861 2034 τῶν
2894 1979 3159 2052 μητρῴων
3192 1979 3285 2032 δύο
3330 1979 3516 2049 μαζῶν
3559 1978 3753 2050 βρέφος

2171 2072 2562 2142 ὲνυπομάζιον,
2607 2065 2651 2140 ᾧ
2699 2073 2760 2125 τὸ
2811 2073 2922 2124 ἴσον
2970 2068 3036 2141 ἦν
3083 2072 3298 2132 πάντως
3341 2071 3418 2134 εἰς
3459 2068 3752 2139 σωτηρίαν,

2169 2165 2279 2216 εἴτε
2307 2163 2458 2234 παρὰ
2491 2163 2588 2233 τῆς
2612 2163 3038 2232 γεννησαμένης.
3071 2163 3176 2214 cits
3210 2162 3301 2214 xei.
3337 2159 3484 2230 napi
3513 2159 3609 2228 τῆς
3646 2157 3755 2210 ἑτέ-

2171 2271 2273 2326 ρας
2325 2254 2502 2323 ἐαυτῷ
2558 2252 2626 2306 τὰ
2679 2253 2778 2322 τῆς
2820 2253 3126 2321 ἀνατροφῆς
3171 2249 3607 2320 ὲεπουδάζετο,ἢ
3661 2247 3754 2302 δύο

2171 2344 2385 2407 νεανίας
2429 2341 2723 2413 βραϐεῦσαι
2759 2341 2858 2411 τὴν
2902 2342 3207 2410 σωτηρίαν;
3237 2339 3285 2394 οἳ
3315 2339 3410 2394 νῦν
3452 2339 3543 2396 ἐπὶ
3568 2337 3635 2390 τὰ
3659 2335 3753 2389 τοῦ

2172 2431 2288 2502 βίου
2319 2432 2616 2502 πράγματα
2651 2431 3026 2502 παρελθόντες,
3059 2431 3118 2483 ὲν
3163 2433 3312 2500 ἀκμῇ
3347 2431 3444 2499 τῆς
3481 2428 3750 2498 νεότητος.

2171 2525 2288 2576 κατ’
2326 2523 2454 2576 αὐτὸ
2495 2524 2592 2593 τῆς
2626 2521 2838 2591 ἡλικίας
2877 2522 2936 2573 τὸ
2979 2521 3135 2582 ἄνθος
3167 2520 3260 2573 τοῦ
3303 2519 3474 2590 θυμοῦ
3503 2519 3638 2590 πρὸς
3664 2517 3755 2570 τὸν

2172 2615 2290 2668 κατ’
2320 2614 2559 2685 ἀλλήλων
2601 2614 2758 2682 φόνον
2809 2611 2986 2674 αὐτοῖς
3043 2611 3564 2680 παροιστρήσαντος,
3595 2607 3756 2677 ἔμελ-

2170 2705 2260 2758 λον
2304 2706 2481 2776 θέαμα
2529 2705 2723 2774 πικρδν
2773 2705 2881 2765 τοῖς
2920 2703 3040 2755 τότε
3089 2702 3207 2771 μετ’
3234 2700 3413 2767 ὀλίγον
3445 2698 3757 2792 ὲπιδειχθήῖ

2175 2798 2398 2859 σεσθαι,
2447 2797 2566 2849 κατ’
2613 2795 2854 2864 ἀλλήλων
2901 2795 2998 2856 τὰς
3041 2796 3227 2864 χεῖρας
3275 2791 3616 2852 ὁπλίσαντες,
3667 2791 3736 2857 ἐφ

2171 2886 2244 2943 ὧν
2275 2889 2430 2950 ἐλπὶς
2482 2883 2569 2958 ἦν,
2613 2886 2645 2956 ἦ
2691 2884 3030 2956 ἀμφοτέρους
3071 2885 3162 2936 ὑπ’
3195 2881 3436 2952 ἀλλήλων
3476 2878 3756 2954 φθαρήσε-

2175 2981 2316 3045 σθαι,
2347 2981 2380 3051 ἢ
2409 2980 2499 3032 τὸν
2541 2979 2636 3031 ἕνα
2679 2976 2931 3046 γενέσθαι
2959 2975 3172 3036 πάντως
3201 2976 3259 3026 ὲν
3294 2973 3372 3043 τῷ
3399 2973 3497 3043 τῆς
3534 2971 3754 3040 ἀδελφο-

499 3061 763 3121 aeerbum
794 3059 1107 3120 hominibus
1143 3063 1288 3119 illius
1311 3067 1488 3126 aetatis
1514 3068 1886 3136 spectaculum
1911 3071 2073 3140 paulo

2177 3071 2390 3134 κτονίας
2421 3070 2686 3140 μιάσματι
2713 3087 2728 3134 ;
2758 3069 2844 3120 ἵνα
2877 3066 3138 3137 παρῶμαι
3170 3065 3296 3128 τοὺς
3323 3063 3604 3132 ἑκατέροις
3631 3061 3752 3116 τού-

505 3160 633 3222 post
663 3152 864 3215 edituri
902 3161 1061 3214 erant
1087 3195 1102 3219 ,
1137 3155 1192 3210 in
1227 3155 1432 3224 quibus
1469 3159 1772 3226 periculum
1808 3169 1948 3226 erat,
2006 3177 2076 3217 ne

505 3243 589 3296 vel
622 3243 785 3301 ambo
821 3245 1027 3299 umtuis
1079 3246 1318 3302 caedibus
1355 3247 1777 3313 conﬁcerentur,
1808 3251 1892 3305 vel
1938 3251 2077 3306 alter

501 3333 730 3394 omnino
749 3349 808 3390 se
841 3333 1078 3394 fraterna
1104 3337 1250 3392 caede
1285 3340 1688 3393 contaminaret
1713 3357 1727 3404 ;
1764 3348 1822 3394 ιιι
1850 3349 2076 3410 prseter-

505 3425 717 3480 mittam
745 3439 840 3480 eos
864 3426 958 3495 qui
988 3442 1092 3483 una
1119 3442 1242 3482 cum
1268 3439 1501 3496 utroque
1526 3430 1718 3485 horum
1745 3433 1861 3500 pari
1890 3431 2078 3488 furore

509 3514 564 3567 in
615 3515 734 3570 acie
781 3524 1012 3576 starent.
1055 3533 1287 3586 quorum
1339 3519 1574 3574 aliorum
1625 3520 1893 3584 adversus
1939 3522 2076 3579 alios

507 3611 744 3662 conatus
798 3603 866 3658 ad
918 3605 970 3684 id
1017 3622 1183 3662 unum
1235 3608 1556 3677 spectabat,
1607 3617 1666 3664 ut
1730 3609 2076 3667 adversarios

509 3702 685 3748 morte
725 3692 999 3750 alliceret?
1032 3695 1135 3760 Qui
1166 3697 1333 3766 igitur
1375 3698 1491 3768 jam
1543 3699 1820 3755 decretam
1867 3715 1898 3754 a
1947 3701 2077 3758 mali

509 3782 657 3838 illius
712 3786 958 3851 praetoris
1013 3786 1252 3840 concilio
1305 3786 1570 3843 adversus
1603 3804 1698 3845 eos
1737 3789 2075 3847 mortiferam

509 3874 836 3936 sententiam
870 3889 966 3942 per
990 3891 1180 3944 preces
1213 3877 1460 3941 rescidit,
1497 3886 1552 3933 et
1588 3889 1836 3938 naturam
1883 3897 2078 3938 rursus

510 3976 695 4018 secum
736 3965 1133 4028 reconciliavit,
1157 3973 1210 4020 et
1245 3968 1410 4022 caedis
1435 3968 1676 4024 studium
1709 3970 1765 4024 in
1796 3970 2078 4041 paciﬁcam

509 4053 755 4114 laetitiam
785 4059 1095 4116 convertit:
1125 4069 1332 4129 quanto
1364 4062 1540 4133 magis
1580 4063 1626 4117 is
1669 4063 1794 4133 jure
1827 4064 2078 4130 admira-

505 4147 661 4202 tione
687 4149 886 4218 dignus
915 4150 1134 4207 nomine
1170 4152 1503 4222 cognitionis
1561 4161 1615 4209 et
1644 4153 1848 4209 decreti
1903 4155 2077 4211 videri

503 4236 885 4307 debet,quam
937 4240 1007 4303 is,
1043 4241 1134 4310 qui
1181 4243 1544 4300 meretricqu
1599 4243 1847 4304 fraudem
1894 4245 2078 4316 depre-

506 4325 745 4382 hendit?
773 4327 908 4384 Nam
943 4331 1090 4399 quod
1126 4331 1180 4385 in
1217 4346 1358 4402 aqua
1385 4333 1589 4388 editum
1619 4335 2072 4401 estmiraculum,

2175 3180 2281 3218 των
2319 3159 2946 3232 συμπαρατασσομένους
2982 3159 3040 3209 ὲν
3085 3155 3163 3226 τῷ
3208 3155 3308 3225 ῐσῳ
3349 3153 3524 3224 θυμῷ,
3559 3147 3640 3217 οἷς
3671 3148 3753 3216 εἷς

2175 3255 2299 3324 ὅρος
2316 3253 2416 3323 τῆς
2440 3254 2560 3312 κατ’
2585 3250 2826 3320 ἀλλήλων
2855 3248 3049 3318 ὁρμῆς,
3094 3249 3122 3300 6
3151 3246 3256 3300 τῶν
3293 3244 3753 3314 ἀντιτεταγμένων

2177 3342 2402 3404 θάνατος
2427 3337 2515 3412 ἦν.
2557 3341 2614 3393 Ὀ
2652 3340 2832 3394 τοίνυν
2876 3337 2976 3408 ήδη
3029 3337 3150 3391 κατ’
3195 3336 3375 3390 αὐτῶν
3420 3335 3754 3403 κυρωθεῖσαν

2177 3431 2282 3489 ὑπὸ
2323 3433 2423 3502 τῆς
2463 3431 2556 3484 τοῦ
2601 3429 2834 3500 πονηροῦ
2881 3427 3212 3499 στρατηγίας
3256 3428 3355 3496 τὴν
3388 3425 3483 3479 τοῦ
3525 3424 3752 3479 θανάτου

2173 3521 2355 3591 ψῆφον
2381 3521 2468 3575 διὰ
2507 3521 2606 3591 τῆς
2634 3521 2798 3590 εὐχῆς
2837 3518 3128 3582 ἀναλύσας,
3156 3517 3250 3570 καὶ
3278 3518 3374 3587 τὴν
3403 3516 3566 3586 φύσιν
3598 3515 3756 3568 πάλιν

2176 3613 2313 3684 πρὸς
2342 3613 2536 3682 ἑαυτὴν
2561 3609 2916 3675 καταλλάξας,
2947 3611 3042 3664 καὶ
3089 3609 3404 3680 μεταϐαλὼν
3449 3609 3530 3670 εἰς
3556 3611 3759 3678 είρηνι-

2177 3702 2279 3766 κάς
2301 3702 2632 3774 εὐφροσύνας
2659 3702 2757 3770 τὴν
2787 3703 2915 3772 περὶ
2943 3702 3066 3765 τοὺς
3097 3702 3287 3770 φόνους
3316 3699 3550 3769 σπουδήν
3571 3716 3584 3729 °
3607 3699 3756 3767 πόσῳ

2181 3793 2376 3866 μᾶλλον
2406 3795 2626 3858 εἰκότως
2657 3793 2749 3846 ἐπὶ
2781 3795 2844 3864 τῇ
2877 3794 3057 3864 κρίσει
3099 3792 3434 3862 θαυμάζοιτο
3479 3791 3630 3860 παρά
3665 3789 3756 3843 τὸν

2175 3888 2275 3958 τὴν
2325 3887 2655 3957 κακουργίαν
2704 3887 2802 3956 τῆς
2841 3887 3106 3956 ἑταιρίδος
3143 3885 3506 3956 φωράσαντα;
3547 3883 3620 3936 Τδ
3647 3882 3758 3952 γὰρ

2177 3976 2271 4030 ἐπὶ
2298 3976 2375 4046 τῷ
2417 3975 2568 4029 ὕδατι
2598 3975 2817 4045 θαῦμα,
2868 3977 2984 4040 πῶς
3023 3976 3234 4048 ἀθρόως
3272 3977 3352 4037 είς
3397 3974 3591 4044 χέρσον
3632 3989 3758 4042 μετο

2177 4067 2477 4136 εσκευάσθη
2509 4067 2569 4120 τὸ
2601 4065 2862 4136 πλώϊμον,
2903 4067 2997 4121 καὶ
3034 4067 3212 4120 πεδίον
3241 4065 3474 4134 ἐγένετο,
3507 4065 3600 4118 καὶ
3644 4065 3758 4117 κοῖ-

2176 4154 2264 4208 λον
2313 4158 2346 4225 ἡ
2391 4155 2552 4224 λίμνη
2578 4193 2592 4217 ,
2631 4155 2724 4207 καὶ
2772 4155 2889 4218 πῶς
2937 4159 2969 4226 ἡ
3014 4155 3134 4208 ἀντὶ
3189 4153 3460 4223 θαλάσσης
3505 4148 3637 4206 οὖσα
3679 4152 3758 4222 τῷ

2174 4245 2325 4315 τόπῳ
2361 4245 2420 4298 τὸ
2451 4245 2731 4315 πρότερον,
2765 4243 2860 4298 νῦν
2893 4245 3028 4315 πρὸς
3069 4245 3294 4314 καρπῶν
3340 4243 3512 4297 ἄνεισι
3549 4241 3754 4312 φοράν,

2175 4337 2331 4389 τοῦτο
2355 4338 2512 4406 σιγᾷν
2536 4333 2686 4406 οἶμαι
2715 4336 2892 4398 καλῶς
2919 4335 3059 4404 ἔχειν
3087 4334 3306 4404 μᾶλλον,
3335 4334 3368 4405 ἦ
3400 4333 3652 4399 διεξιέναι
3680 4332 3756 4402 τῷ

503 4432 616 4486 qua
653 4419 867 4474 ratione
903 4430 1126 4489 repente
1176 4423 1230 4476 in
1274 4431 1476 4478 terram
1531 4425 1794 4479 incultam
1843 4442 1908 4482 ea
1955 4444 2074 4497 quae.

2179 4427 2341 4498 λόγῳ,
2401 4428 2476 4498 μὴ
2530 4427 2810 4498 δυναμένῳ
2858 4427 2978 4482 κατ’
3022 4425 3178 4494 ἀξίαν
3223 4424 3623 4496 συνεπαρθῆναι
3677 4421 3755 4492 τῷ

506 4508 834 4577 navigabilis
877 4521 1024 4566 esset
1067 4520 1467 4581 transmutata,
1514 4516 1667 4570 lacus
1721 4516 1778 4570 in
1825 4532 2076 4586 campum

2183 4519 2341 4588 διηγή
2353 4536 2500 4587 ματι.

503 4595 828 4664 depressum
881 4600 1137 4656 redactus
1169 4603 1242 4657 sit
1279 4622 1292 4658 :
1334 4605 1462 4658 item
1509 4619 1619 4674 quo
1662 4615 1824 4675 pacto
1875 4606 1928 4660 id
1977 4607 2120 4676 quod
2163 4623 2263 4676 pro
2297 4611 2432 4660 mari
2471 4609 2547 4662 illi
2611 4609 2732 4662 loco
2769 4607 2921 4676 prius
2967 4615 3133 4666 esset,
3173 4621 3320 4660 nunc
3365 4621 3430 4660 eo
3476 4603 3753 4658 redactum

505 4685 603 4745 sit,
639 4693 698 4744 ut
735 4684 946 4742 fructus
980 4688 1289 4756 producat,
1352 4690 1407 4744 id
1460 4698 1645 4747 tacere
1683 4700 1848 4761 atque
1892 4695 2114 4749 silentio
2154 4695 2430 4763 praeterire
2486 4695 2796 4749 consultius
2859 4710 2983 4749 esse
3031 4704 3201 4764 puto,

3283 4709 3447 4764 quam
3499 4694 3754 4764 persequi

505 4777 784 4841 oratione,
824 4792 945 4847 qua:
973 4794 1034 4834 se
1061 4795 1167 4834 una
1192 4795 1314 4835 cum
1347 4780 1610 4851 dignitate
1638 4790 1692 4838 et
1720 4783 2072 4852 amplitudine
2115 4785 2191 4838 rei
2221 4802 2342 4853 quae
2375 4794 2652 4846 narretur,
2682 4784 2892 4853 erigere
2914 4797 3022 4837 non
3061 4785 3250 4850 possit.

582 4867 722 4932 Quid
750 4869 897 4923 enim
938 4869 1212 4939 ejusmodi
1245 4871 1541 4928 didicimus
1580 4873 1636 4926 in
1667 4873 1734 4929 iis
1774 4875 2082 4936 miraculis,

510 4975 636 5030 quae
665 4962 862 5017 litteris
898 4963 1156 5018 mandata
1211 4972 1375 5034 atque
1409 4965 1711 5034 perscripta
1745 4973 1892 5030 sunt,
1939 4967 2084 5036 quod

513 5051 642 5106 huic
671 5055 1040 5123 comparando
1085 5071 1183 5124 par
1215 5055 1332 5111 ﬁeri
1385 5055 1598 5126 possit?
1635 5055 1879 5112 lnhibuit
1923 5055 2086 5114 Jesus

516 5145 663 5199 [ilius
697 5146 847 5200 Nave
878 5161 1101 5202 cursum
1131 5145 1371 5202 ﬂuminis
1398 5143 1684 5209 Iordanis.
1713 5147 1808 5201 sed
1841 5148 2083 5216 quandiu

514 5249 645 5288 arca
670 5244 790 5298 erat
828 5236 883 5291 in
915 5251 1074 5306 aqua.
1110 5237 1490 5307 Transgresso
1522 5244 1702 5291 autem
1748 5237 1972 5306 populo,
2004 5247 2085 5291 at-

513 5341 624 5394 que
666 5341 791 5380 arca
838 5329 1108 5389 traducta,
1143 5329 1376 5383 reddidit
1424 5341 1622 5383 rursus
1663 5327 1811 5382 amni
1862 5343 2082 5382 cursum

516 5425 864 5473 consuetum.
900 5420 1053 5487 Aqua
1100 5421 1336 5475 nudatur
1382 5423 1436 5475 in
1497 5425 1621 5476 sinu
1683 5418 1870 5473 Rubro
1908 5420 2084 5474 solum

523 5507 794 5578 profundo
826 5510 1151 5579 subjectum,
1183 5512 1250 5566 ad
1285 5520 1580 5583 utrumque
1631 5513 1773 5566 latus
1808 5527 1837 5566 a
1890 5510 2084 5579 spiritu

529 5598 666 5658 mari
693 5599 946 5654 submoto
975 5619 990 5664 ;
1029 5602 1123 5656 sed
1157 5603 1481 5656 miraculum
1534 5601 1802 5670 tantisper
1827 5600 2084 5663 durabat,

523 5691 658 5747 dum
693 5691 987 5758 exercitus,
1036 5692 1129 5761 qui
1170 5695 1224 5748 in
1258 5691 1530 5761 profundo
1577 5707 1672 5761 per
1703 5690 1910 5746 aridam
1955 5691 2086 5758 ibat,

2257 4876 2322 4927 Τί
2357 4875 2464 4945 γὰρ
2491 4875 2728 4928 τοιοῦτον
2761 4876 2819 4928 ἐν
2858 4877 2972 4938 τοῖς
2998 4873 3368 4944 ἀναγράπτοις
3391 4873 3631 4943 θαύμασι
3661 4890 3756 4943 με-

2191 4963 2532 5033 μαθήκαμεν,
2577 4963 2650 5025 ὡς
2676 4962 2933 5016 δύνασθαι
2967 4964 3048 5024 είς
3092 4962 3205 5015 ἴσον
3254 4961 3425 5014 ἐλθεῖν
3457 4961 3630 5032 τούτῳ
3669 4961 3755 5016 διὰ

2189 5053 2560 5122 συγκρίσεως
2581 5052 2844 5120 Ἐστησεν
2867 5055 2895 5106 ό
2919 5052 3014 5106 τοῦ
3034 5051 3186 5121 Ναυὴ
3200 5050 3407 5120 Ἰησοῦς
3427 5053 3488 5105 τὸ
3513 5051 3607 5104 τοῦ
3627 5052 3756 5122 Ἰορ·

2187 5143 2344 5200 δάνου
2392 5142 2604 5214 ῥεῖθρον
2628 5158 2641 5170 ·
2685 5141 2800 5196 ἀλλ’
2833 5142 2938 5206 ἕως
2973 5147 3002 5206 ἠ
3036 5145 3264 5208 κιϐωτὸς
3289 5140 3357 5213 ἦν
3385 5146 3443 5196 ὲν
3472 5142 3550 5212 τῷ
3578 5141 3754 5196 ὕδατι.

2192 5231 2591 5302 Περαιωθέντθς
2613 5231 2670 5284 δὲ
2692 5231 2784 5284 τοῦ
2801 5232 2929 5286 λαοῦ
2949 5234 3041 5286 καὶ
3055 5235 3152 5303 τῆς
3174 5231 3406 5286 κιϐωτοῦ
3423 5230 3755 5300 διελθούσης,

2191 5323 2436 5380 ἀπέδωκε
2486 5323 2646 5376 πάλιν
2687 5323 2764 5392 τῷ
2811 5323 3008 5394 ῥείθρῳ
3057 5324 3117 5378 τὸ
3158 5323 3406 5394 σύνηθες.
3454 5320 3757 5392 Γυμνοῦται

2193 5415 2285 5470 τοῦ
2317 5414 2505 5479 ὓδατος
2553 5417 2610 5468 ἐν
2652 5415 2728 5485 τῷ
2773 5415 3075 5486 Ἐρυθραίῳ
3106 5416 3332 5482 πελάγει
3372 5415 3434 5467 τὸ
3465 5414 3560 5468 τοῦ
3595 5411 3756 5482 βυθοῦ

2196 5505 2572 5574 ὑποκείμενον,
2597 5504 2940 5572 ἀπωσθείσης
2976 5505 3080 5557 ὑπὸ
3108 5505 3203 5561 τοῦ
3233 5505 3540 5573 πνεύματος
3574 5505 3666 5558 ἐπὶ
3692 5501 3757 5555 τὰ

2199 5595 2401 5663 πλάγια
2420 5596 2518 5664 τῆς
2542 5595 2832 5663 θαλάσσης·
2857 5595 2991 5648 ἀλλά
3019 5597 3048 5648 6
3077 5595 3263 5666 χρόνος
3283 5595 3376 5648 τοῦ
3397 5594 3671 5664 θαύματος
3691 5589 3759 5663 ἦν

2203 5688 2236 5756 ἡ
2264 5686 2355 5740 τοῦ
2385 5684 2613 5758 στρατονέ
2643 5684 2901 5754 τάροδος,
2956 5686 2989 5756 ἡ
3034 5684 3120 5738 διὰ
3168 5685 3260 5738 τοῦ
3301 5682 3466 5755 ξηροῦ
3498 5682 3635 5737 κατά
3667 5679 3760 5734 τὸν
