4092 6368
334 365 439 421 929

1312 346 1401 400 DE
1442 342 1603 399 VITA
1639 338 1694 395 S.
1731 334 2057 392 GREGORII
2100 334 2633 391 THAUMATURGI.

3487 326 3593 383 93’:

334 481 497 554 βυθὸν
518 474 805 546 γενομένη.
831 466 987 524 Μετὰ
1017 464 1177 518 τοῦτο
1194 462 1249 515 δὲ
1278 461 1442 516 πάλιν
1471 459 1568 528 μία
1595 456 1691 510 τοῦ
1723 454 1913 517 ὓδατος

2017 457 2402 508 traduceretur
2428 469 2443 517 ;
2473 462 2660 521 postea
2687 461 2817 503 vero
2848 460 3044 500 rursus
3078 458 3186 497 una
3223 457 3377 513 aqua;
3426 440 3594 498 facies

2232 546 2242 554 .
2801 538 2816 554 .
2915 539 2924 548 .
3129 544 3251 554 ,ων
3283 550 3339 554 η-

334 542 368 643 ἦ
409 542 697 635 ἐπιφάνεια
722 562 968 631 γίνεται·
1021 555 1116 609 καὶ
1163 553 1224 605 τὸ
1259 551 1395 622 πρὸς
1428 550 1607 615 ὀλίγον
1642 542 1911 616 διαιρεθὲν

337 636 692 724 αυνεκλύσθη.
730 648 998 704 Ἐνταῦθα
1031 647 1087 700 δὲ
1118 646 1178 697 τὸ
1204 642 1352 705 ἅπαξ
1380 640 1669 709 γενόμενον
1697 636 1910 706 ἔμεινεν

333 746 445 803 οἷον
472 747 705 815 ἐγένετο,
730 740 805 804 ὡς
839 741 912 809 μὴ
939 734 1280 792 ἀπιστεῖσθαι
1309 731 1385 801 τῷ
1412 729 1588 800 χρόνῳ
1614 727 1673 779 τὸ
1703 724 1906 794 θαῦμα,

333 841 423 894 διὰ
442 839 550 891 τῶν
588 832 927 904 φαινομένων
968 830 1047 890 είς
1077 818 1137 879 τὸ
1161 823 1409 893 διηνεκὲς
1440 816 1906 890 μαρτυρούμενον.

334 932 416 986 Τὰ
457 931 554 1001 μὲν
583 928 648 998 δὴ
681 925 819 979 κατὰ
848 923 947 992 τὴν
969 921 1163 990 λίμνην
1190 913 1461 984 λεγόμενά
1488 927 1547 964 τε
1573 910 1666 965 καὶ
1697 908 1907 962 δεικνύ-

338 1039 477 1095 μενα
512 1020 699 1073 τοῦτον
731 1016 842 1086 ἔχει
872 1014 963 1066 τὸν
988 1011 1208 1081 τρόπον.
1237 1008 1461 1075 Ἕτερον
1487 1003 1545 1056 δὲ
1589 1000 1726 1071 μετὰ
1752 998 1911 1050 τοῦτο

335 1111 520 1180 θαῦμα
546 1105 783 1160 τοιοῦτον
820 1101 947 1172 παρ’
978 1097 1142 1154 αὑτοῦ
1186 1093 1459 1149 δείκνυταί
1491 1108 1549 1143 τε
1577 1091 1671 1143 καὶ
1703 1104 1909 1157 μνημο-

336 1178 570 1256 νεύεται.
600 1194 848 1265 Ποταμός
877 1210 960 1253 τις
985 1189 1115 1259 παρ’
1146 1188 1329 1248 αὑτοῖς
1357 1183 1568 1253 διαρῥεῖ
1593 1179 1683 1232 τὸν
1712 1178 1907 1248 χῶρον,

336 1291 486 1362 αύτῷ
520 1290 596 1359 τῷ
628 1288 849 1357 ὀνόματι
882 1284 941 1335 τὸ
969 1280 1145 1351 τραχὺ
1185 1280 1279 1331 καὶ
1304 1278 1578 1344 ἀνήμερον
1614 1267 1911 1338 ἐπισημαίο

334 1401 441 1437 νων
458 1356 552 1435 τοῦ
569 1356 840 1450 ῥεύματος
866 1390 879 1402 '
904 1372 1078 1433 Λύκος
1097 1370 1225 1440 γάρ,
1246 1368 1332 1421 διά
1354 1366 1413 1418 τὸ
1433 1363 1723 1435 βλαπτικὸν
1748 1356 1906 1419 εἶναι,

337 1472 489 1543 παρὰ
506 1471 609 1523 τῶν
634 1464 1068 1539 προσοικούντων
1092 1456 1506 1528 ἐπονομάζεται.
1540 1454 1725 1515 Οῦτως
1744 1449 1911 1512 πολὺς

341 1542 438 1636 μὲν
477 1563 570 1616 καὶ
596 1564 660 1613 ὲκ
689 1558 797 1611 τῶν
827 1555 1017 1626 πηγῶν
1052 1552 1419 1619 καταφέρεται
1455 1547 1554 1616 τῆς
1598 1542 1908 1614 ’Λρμενίας,

336 1632 435 1725 τῆς
459 1653 640 1724 χώρας
667 1648 815 1719 αύτῷ
842 1648 927 1700 διά
948 1644 1056 1697 τῶν
1083 1639 1494 1713 ὑπερκειμένων
1521 1636 1662 1707 ὀρῶν
1691 1632 1909 1702 δαψιλὲς

337 1721 772 1813 ἐπιχορηγούσης
804 1736 863 1789 τὸ
894 1733 1125 1805 ῥεῖθρον.
1186 1728 1375 1788 Κοῖλος
1412 1726 1469 1779 δὲ
1499 1721 1772 1793 πανταχοῦ
1812 1721 1911 1784 τὰς

2016 546 2289 614 apparuit,
2321 554 2487 612 atque
2511 556 2575 596 ea
2605 556 2729 610 qua:
2752 538 2820 593 ad
2843 539 3099 608 exiguum
3128 544 3343 603 tempus
3370 533 3593 589 diducta

2018 639 2221 701 fuerat,
2270 649 2467 689 rursus
2515 639 2801 687 contracta
2856 638 3020 698 atque
3065 629 3295 682 confusa
3344 634 3447 680 est.
3495 622 3595 679 llic

2018 744 2147 783 vero
2177 726 2321 796 quod
2356 725 2526 781 semel
2557 723 2857 785 acciderat,
2896 720 3061 775 sicuti
3096 718 3301 772 factum
3350 726 3486 774 erat.
3516 717 3592 771 ila

2018 823 2241 881 mansit,
2279 821 2415 872 adeo
2465 826 2525 870 ut
2553 832 2620 869 ne
2660 815 2794 869 lides
2839 812 3060 881 quidem
3103 814 3387 878 miraculo,
3447 813 3593 882 quod

2018 913 2196 968 sancti
2235 912 2383 965 illius
2418 923 2642 979 precum
2675 904 2914 960 eliicacia
2942 902 3146 958 editum
3181 912 3287 965 est,
3316 904 3593 956 diuturni-

2015 1011 2129 1057 tate
2162 1003 2425 1070 temporis
2453 998 2707 1068 abrogari
2743 996 2954 1067 possit:
2987 995 3189 1065 quippe
3222 995 3374 1062 signa
3424 1007 3595 1062 appa-

2019 1094 2193 1147 rentia
2232 1108 2343 1147 rem
2376 1097 2585 1161 gestam
2629 1089 2682 1142 in
2717 1096 3043 1158 perpetuum
3088 1092 3383 1140 testantur.
3419 1086 3596 1152 Atque

2016 1202 2079 1241 ea
2110 1202 2233 1254 qua:
2264 1184 2331 1237 de
2366 1186 2482 1236 lacu
2510 1181 2728 1251 quidem
2761 1188 2815 1234 et
2842 1179 3105 1232 dicuntur
3130 1186 3183 1231 et
3204 1175 3591 1240 ostenduntur,

2016 1278 2089 1331 ita
2132 1291 2190 1330 se
2226 1275 2452 1329 habent.
2484 1272 2730 1326 Alterum
2762 1284 2892 1323 vero
2933 1268 3235 1323 secundum
3294 1267 3399 1322 hoc
3432 1267 3589 1320 mira-

2015 1369 2199 1424 culum
2231 1366 2504 1434 ejusmodi
2532 1365 2602 1417 ab
2630 1378 2694 1416 eo
2730 1361 2935 1415 factum
2972 1368 3026 1413 et
3062 1358 3372 1413 ostenditur
3400 1368 3453 1412 et
3482 1374 3595 1413 me-

2016 1467 2286 1513 moratur.
2319 1458 2507 1511 Amnis
2533 1454 2755 1524 quidam
2780 1469 2877 1523 per
2900 1452 3178 1521 regionem
3209 1452 3428 1505 illorum
3454 1450 3591 1513 ﬂuit,

2020 1550 2141 1620 ipso
2173 1548 2396 1602 nomine
2432 1546 2790 1615 asperitatem
2830 1552 2884 1596 et
2920 1543 3325 1597 inclementiam
3354 1540 3595 1596 ﬂuminis

2016 1655 2127 1710 prae
2158 1655 2217 1693 se
2259 1638 2468 1701 ferens;
2501 1636 2676 1699 Λύκος
2703 1636 2867 1698 enim,
2903 1635 2955 1688 id
2990 1642 3093 1698 est,
3137 1635 3318 1702 lupus,
3353 1647 3420 1687 eo
3449 1633 3596 1702 quod

2019 1733 2218 1785 noxius
2258 1745 2381 1785 esse
2420 1730 2616 1789 soleat,
2654 1727 2722 1780 ab
2754 1725 2960 1779 accolis
3000 1725 3445 1794 cognominatur.
3495 1722 3596 1777 llic

338 1809 616 1904 ὑπωρείας
644 1828 751 1882 τῶν
781 1822 1042 1896 κρημνῶν
1072 1819 1354 1890 ὑπορῥὲων
1390 1816 1524 1869 πολὺ
1564 1814 1763 1884 μᾶλλον
1790 1814 1909 1873 ταῖς

2018 1824 2278 1892 copiosus
2307 1821 2529 1890 quidem
2574 1827 2628 1872 et
2660 1818 2957 1871 vehemens
3009 1818 3174 1871 etiam
3227 1831 3291 1872 ex
3347 1816 3594 1871 fontibus

338 1903 642 1993 χειμερίαις
668 1916 967 1988 χαράδραις
992 1908 1446 1981 άποτραχύνεται,
1476 1906 1655 1967 πάσας
1680 1904 1760 1965 είς
1782 1903 1910 1953 ἑαυ-

338 1988 551 2072 Emis;
583 2014 647 2062 ὲκ
670 2006 776 2059 τῶν
807 2003 949 2076 ὀρῶν
979 2000 1237 2072 συρῥοίας
1268 1995 1684 2066 ὑπολαμϐάνων.
1745 1991 1832 2042 Ἐν
1856 1988 1913 2043 δὲ

338 2103 415 2172 τῷ
460 2098 635 2169 ὑπτίῳ
673 2099 772 2167 τῆς
796 2095 1014 2166 χώρας,
1060 2093 1125 2145 δι’
1167 2087 1235 2162 ἦς
1262 2088 1626 2157 διεξέρχεται,
1658 2083 1912 2145 πολλάκις

338 2197 454 2256 ταῖς
490 2190 826 2260 ἑκατέρωθεν
855 2188 1082 2256 κρηπῖσι
1124 2178 1623 2250 στενοχωρούμενος
1643 2217 1657 2238 ,
1691 2175 1834 2228 κατά
1861 2190 1913 2225 τι

344 2286 506 2357 μέρος
535 2282 848 2351 ὑπερχείται
876 2278 975 2345 τῆς
1010 2273 1194 2343 ὄχθης,
1222 2270 1361 2323 κατὰ
1390 2268 1450 2319 τὸ
1476 2267 1725 2334 πλάγιον,
1767 2265 1914 2317 ἆπαν

341 2373 646 2436 ἐπικλύζων
674 2369 750 2439 τῷ
782 2365 981 2437 ῥείθρῳ
1026 2364 1087 2415 τὸ
1120 2359 1550 2431 ὑπερκείμενον·
1606 2355 1747 2408 ὥστε
1787 2369 1913 2404 συν-

340 2467 482 2535 εχείς
505 2461 643 2515 κατὰ
666 2462 726 2512 τὸ
755 2454 1158 2527 ἀπροσδόκητον
1187 2454 1298 2513 τοῖς
1324 2444 1644 2518 παροικοῦσι
1666 2441 1742 2512 τῷ
1766 2441 1914 2509 τόπῳ

340 2557 465 2617 τοὺς
488 2552 763 2612 κινδύνους
798 2544 1135 2613 ἐπάγεσθαι,
1180 2543 1321 2609 ἀωρὶ
1350 2539 1457 2591 τῶν
1494 2533 1704 2590 νυκτῶν
1747 2532 1781 2601 ἢ
1820 2528 1914 2584 καὶ

346 2644 463 2716 μεθ’
494 2642 703 2712 ἡμέραν
746 2637 1004 2697 πολλάκις
1029 2632 1121 2685 τοῦ
1168 2628 1413 2699 ποταμοῦ
1455 2628 1566 2689 τοῖς
1609 2625 1797 2694 ἀγροῖς
1818 2622 1910 2672 ἐπ’

343 2715 712 2805 εμὸαίνοντος.
763 2729 924 2781 Ὅθεν
967 2726 1025 2777 ού
1079 2722 1220 2791 φυτὰ
1274 2721 1433 2791 μόνον
1480 2717 1574 2770 καὶ⁵
1626 2715 1916 2783 σπέρματα

343 2804 440 2879 καὶ
493 2824 810 2893 βοσκήματα
854 2820 920 2887 τῇ
962 2816 1068 2868 τῶν
1113 2814 1320 2866 ὑδάτων
1370 2809 1511 2878 φορᾷ
1560 2804 1913 2874 διεφθείρετο,

343 2915 477 2969 ἀλλὰ
507 2915 601 2966 καὶ
650 2911 827 2963 αὐτῶν
860 2909 1063 2978 ἥπτετο
1098 2905 1213 2963 τῶν
1239 2899 1538 2971 οἰκητόρων
1575 2899 1604 2949 ό
1650 2895 1913 2957 κίνδυνος,

344 3007 665 3077 άπροόπτως
692 3006 748 3054 ὲν
773 3004 839 3070 τῇ
869 2997 1147 3051 ἐπικλύσει
1172 2994 1263 3046 τοῦ
1286 2992 1477 3052 ὓδατος
1500 2991 1556 3040 ὲν
1575 2989 1693 3049 ταῖς
1718 2983 1913 3045 οἰκίαις

343 3097 740 3167 ναυαγούντων.
776 3092 895 3145 Τῶν
920 3090 1100 3144 τοίνυν
1129 3078 1687 3155 προκατορθωθέντων
1717 3073 1793 3144 τῷ
1820 3091 1915 3144 με-

344 3193 497 3262 γάλῳ
524 3188 814 3258 θαυμάτων
844 3185 923 3246 είς
959 3186 1102 3236 άπαν
1138 3174 1635 3244 ὃιαπεφοιτηκότων
1658 3168 1718 3220 τὸ
1745 3166 1915 3230 ἔθνος,

344 3282 673 3341 ἀναστάντες
700 3279 750 3330 οἱ
776 3275 915 3328 κατὰ
940 3273 1001 3325 τὸ
1032 3273 1193 3341 μέρος
1217 3270 1393 3320 ἐκεῖνο
1414 3264 1491 3333 τῷ
1510 3258 1736 3329 ποταμῷ
1760 3274 1920 3326 προσ-

344 3373 640 3432 οικοῦντες,
671 3366 861 3435 ἄνδρες
901 3363 995 3415 καὶ
1018 3360 1272 3427 γυναῖκες
1309 3355 1402 3407 καὶ
1434 3350 1621 3412 παῖδες
1652 3344 1919 3414 πανδημεὶ

345 3466 545 3525 πάντες
582 3461 752 3513 ἱκέται
784 3454 878 3507 τοῦ
917 3449 1150 3520 μεγάλου
1181 3447 1456 3514 γίνονται,
1488 3441 1727 3509 δεόμενοι
1766 3436 1918 3487 λύσιν

344 3558 530 3617 αὑτοῖς
562 3568 681 3605 τινα
727 3548 834 3600 τῶν
882 3543 1068 3597 κακῶν
1103 3540 1163 3603 ἐξ
1202 3536 1538 3591 ἀνελπίστων
1568 3527 1915 3602 πορίσασθαι.

348 3650 597 3701 Ἅπαντα
624 3641 733 3711 γὰρ
765 3642 822 3691 ὲν
866 3635 1012 3705 αὑτῷ
1050 3632 1140 3684 τὸν
1170 3630 1300 3682 Θεὸν
1337 3627 1487 3694 ἔλεγε
1514 3621 1790 3683 δύνασθαι,
1819 3619 1918 3671 ὅσα

343 3741 462 3800 ταῖς
496 3731 861 3804 ἀνθρωπίναις
894 3725 1157 3786 ἐπινοίαις
1203 3722 1296 3774 καὶ
1324 3718 1583 3779 διανοίαις
1605 3714 1749 3766 ἐστὶν
1774 3711 1919 3781 ἁμή-

344 3847 506 3902 χανα.
539 3825 719 3895 Μηδὲν
746 3822 853 3892 γὰρ
878 3819 985 3872 τῶν
1014 3819 1093 3879 εἰς
1125 3814 1320 3885 βουλήν
1354 3828 1413 3863 τε
1445 3809 1539 3862 καὶ
1568 3807 1793 3876 δύναμιν
1824 3807 1918 3856 άν-

345 3919 623 3993 θρωπίνην
665 3914 904 3986 ἡκόντων
948 3908 1076 3978 παρ’
1116 3905 1297 3959 αύτῶν
1329 3900 1707 3970 ὲλλειφθῆναι,
1752 3894 1918 3958 λίθοις

344 4011 439 4065 καὶ
465 4010 703 4080 χώμασι,
736 4005 830 4057 καὶ
850 4002 902 4054 εἴ
928 4018 979 4052 τι
1004 3998 1130 4050 ἄλλο
1164 3994 1299 4064 πρὸς
1329 3993 1395 4046 τά
1430 3989 1653 4044 τοιαῦτα
1678 3986 1787 4039 τῶν
1818 4002 1918 4036 κα-

345 4102 456 4156 κῶν
490 4099 677 4152 εἴωθεν
721 4089 1080 4150 ὲπινοείσθαι,
1134 4087 1312 4138 πάντα
1363 4079 1772 4149 πεποιηκότων,
1824 4074 1918 4127 καὶ

344 4196 615 4261 ἀντισχεῖν
647 4188 781 4258 πρὸς
808 4186 905 4254 τὴν
928 4183 1018 4234 τοῦ
1048 4178 1217 4232 κακοῦ
1252 4175 1326 4246 μὴ
1354 4171 1687 4239 δυνηθέντων
1722 4166 1913 4236 φοράν.

345 4288 455 4341 Καὶ
571 4284 636 4337 ἂν
667 4281 899 4351 μάλιστα
931 4275 1057 4344 παρ’
1093 4270 1269 4324 αὐτῶν
1301 4264 1551 4334 ἐναχθείη
1583 4262 1716 4332 πρὸς
1748 4260 1912 4322 ἔλεον,

344 4376 617 4444 αὐτόπτην
650 4371 835 4441 ἠξίουν
859 4365 1108 4435 γενέσθαι
1132 4362 1231 4428 τῆς
1263 4358 1566 4427 συμφοράς,
1603 4354 1697 4406 καὶ
1726 4351 1916 4421 μαθεῖν

2014 1914 2309 1978 delabitur,
2348 1911 2607 1965 Armenia
2649 1926 2747 1979 per
2796 1908 3180 1978 impendentes
3231 1917 3447 1964 montes
3482 1910 3594 1962 lar—

2014 2021 2140 2075 gum
2198 2004 2247 2058 ei
2298 2001 2498 2056 ﬂumen
2552 1998 2963 2069 suppeditante.
3023 1997 3347 2054 Profundus
3408 2006 3593 2054 autem

2016 2094 2219 2163 ubique
2250 2103 2303 2146 et
2337 2092 2492 2144 alveo
2529 2090 2793 2158 depresso
2820 2089 3037 2156 rupium
3070 2104 3131 2140 ac
3164 2088 3593 2159 praecipitiorum

2018 2190 2418 2254 pra’ruptorum
2456 2195 2719 2233 saxorum
2756 2175 2975 2231 radices
3001 2177 3390 2242 subterﬂuens,
3422 2179 3594 2232 multo

2015 2273 2189 2339 magis
2215 2269 2569 2339 voraginibus
2611 2266 2862 2321 hibernis
2892 2274 3282 2335 exasperatur,
3314 2282 3505 2322 omnes
3527 2282 3596 2322 ex

2018 2363 2297 2416 montibus
2326 2358 2666 2414 conﬂuentes
2702 2371 2874 2426 aquas
2902 2356 2956 2408 in
2987 2371 3045 2410 se
3073 2356 3370 2425 recipiens.
3403 2354 3508 2411 Sed
3538 2356 3595 2410 in

2014 2452 2210 2521 supina
2244 2448 2559 2519 patentiquc
2584 2461 2648 2498 ac
2679 2446 2838 2515 plana
2876 2444 3101 2513 regione
3124 2484 3138 2507 ,
3170 2459 3269 2513 per
3303 2459 3465 2511 quam
3501 2458 3597 2498 ex-

2016 2543 2209 2605 currit,
2246 2541 2376 2594 dum
2410 2536 2787 2606 crepidinibus
2822 2545 2876 2589 et
2907 2535 3146 2589 molibus
3193 2536 3361 2604 jactis
3410 2536 3595 2589 utriu-

2015 2651 2121 2706 que
2150 2634 2465 2702 frequenter
2487 2636 2891 2695 coarctaretur,
2934 2627 2986 2681 in
3031 2634 3186 2697 parte
3228 2624 3464 2697 quadam
3502 2645 3597 2683 su-

2017 2741 2114 2795 per
2167 2724 2315 2793 ripas
2366 2719 2788 2778 ell‘undebatur,
2851 2732 3015 2771 omne
3064 2716 3369 2784 subjectum
3417 2717 3595 2771 solum

2019 2817 2182 2870 undis
2213 2830 2278 2868 ex
2306 2824 2624 2866 transverso
2650 2809 2963 2870 involvens,
3007 2807 3145 2861 adeo
3174 2814 3233 2861 ut
3269 2808 3463 2861 crebra
3496 2824 3596 2863 nec

2018 2906 2372 2975 opinantibus
2421 2901 2628 2955 accolis
2702 2901 2803 2952 loci
2866 2898 3113 2969 pericula
3176 2897 3595 2966 inveherentur,

2019 3007 2183 3053 nocte
2222 3011 2365 3066 saepe
2396 2996 2746 3062 intempesta,
2774 2999 2867 3045 aut
2900 2990 3063 3043 etiam
3100 2990 3341 3044 interdiu
3375 2988 3597 3046 lluniine

2021 3105 2182 3159 agros
2217 3086 2531 3141 invadente.
2578 3081 2734 3136 Unde
2775 3096 2882 3135 non
2929 3081 3133 3149 plantae
3182 3081 3344 3133 modo
3401 3088 3455 3134 et
3504 3097 3595 3134 se--

2020 3188 2171 3250 getes
2212 3186 2266 3232 et
2304 3190 2505 3246 pecora
2536 3188 2806 3243 aquarum
2850 3172 3051 3241 impetu
3094 3171 3369 3241 peribant,
3400 3187 3594 3225 verum

2019 3270 2183 3325 etiam
2218 3266 2284 3321 ad
2324 3268 2474 3336 ipsos
2506 3264 2858 3318 habitatores
2886 3262 3187 3331 periculum
3218 3262 3592 3331 perveniebat,

2019 3361 2223 3429 quippe
2273 3375 2338 3412 ex
2388 3357 2690 3426 improviso
2740 3354 2900 3424 aquis
2957 3351 3355 3407 inundantibus
3421 3353 3592 3407 veluti

2020 3450 2311 3520 naufragio
2340 3449 2578 3517 quodam
2608 3447 2662 3499 in
2698 3442 2937 3514 propriis
2968 3443 3179 3498 aedibus
3207 3442 3596 3512 opprimeban-

2020 3554 2129 3597 tur.
2160 3543 2297 3596 Cum
2332 3541 2503 3609 igitur
2536 3537 2679 3591 fama
2729 3535 3123 3590 miraculorum
3159 3544 3284 3587 ante
3313 3549 3343 3587 a
3397 3548 3595 3602 magno

2020 3636 2129 3689 isto
2157 3633 2278 3687 viro
2306 3632 2582 3686 editorum
2622 3644 2716 3699 per
2752 3628 3067 3681 universam
3106 3625 3381 3679 nationem
3418 3625 3596 3678 incre-

2020 3725 2231 3781 buisset
2273 3738 2336 3776 ac
2371 3722 2650 3792 divulgata
2690 3728 2833 3775 esset
2864 3737 2874 3772 :
2912 3720 3007 3789 qui
3054 3719 3200 3771 illam
3233 3725 3442 3787 partem
3494 3715 3596 3769 llu-

2019 3816 2183 3870 minis
2214 3814 2560 3872 accolebant,
2628 3810 2789 3879 vulgo
2842 3810 3007 3863 domo
3061 3806 3293 3877 profecti
3351 3806 3591 3861 universi

2019 3907 2122 3963 viri
2154 3906 2317 3960 simul
2358 3920 2482 3958 cum
2520 3901 2791 3956 uxoribus
2826 3909 2880 3953 et
2922 3896 3112 3954 liberis
3168 3897 3443 3967 supplices
3474 3912 3594 3949 ma-

2018 4014 2126 4069 gno
2153 3998 2230 4051 illi
2262 3998 2382 4049 viro
2412 3996 2573 4056 liunt,
2630 4002 2887 4062 rogantes
2935 4002 2994 4045 ut
3029 3990 3249 4059 aliquod
3282 3989 3363 4043 eis
3401 4005 3464 4041 ex
3507 3988 3594 4041 in-

2019 4099 2242 4162 sperato
2273 4090 2544 4142 malorum
2574 4086 2874 4139 remedium
2913 4092 3184 4153 quaereret
3215 4090 3270 4136 et
3306 4081 3592 4148 excogita—

2020 4192 2123 4237 ret.
2167 4180 2364 4236 Omnia
2411 4180 2556 4234 enim
2602 4178 2661 4231 in
2696 4192 2762 4230 eo
2812 4175 2981 4229 Deum
3032 4189 3211 4243 posse,
3249 4186 3593 4241 quaecunque

2019 4271 2454 4342 cogitationibus
2522 4279 2686 4337 atque
2722 4265 3034 4319 rationibus
3104 4258 3593 4329 humanisconlici

2017 4374 2071 4420 et
2109 4363 2370 4431 explicari
2414 4375 2524 4414 non
2553 4364 2799 4429 possent.
2848 4356 2997 4408 Nihil
3030 4354 3175 4408 enim
3215 4352 3283 4406 ab
3318 4366 3440 4406 sese
3497 4363 3597 4404 eo-

344 4469 419 4531 ὡς
449 4465 572 4519 οὔτε
610 4459 850 4522 δυνατῶς
879 4455 1022 4525 εἶχον
1070 4451 1378 4524 μεταθεῖναι
1409 4448 1505 4517 τὴν
1539 4447 1748 4515 οἴκησιν
1770 4484 1783 4508 ,
1819 4443 1911 4494 καὶ

2017 4471 2139 4511 rum
2174 4470 2297 4525 quae
2328 4453 2604 4523 pertinent
2638 4450 2703 4503 ad
2736 4446 3026 4503 consilium
3061 4454 3116 4499 et
3140 4446 3288 4498 vires
3320 4443 3597 4496 humanas

343 4559 425 4611 ὅτι
459 4556 691 4608 πάντοτε
720 4552 899 4611 αὑτοῖς
925 4549 952 4598 ὁ
981 4545 1206 4605 θάνατος
1233 4541 1324 4592 ἐπὶ
1350 4542 1414 4609 τῇ
1448 4538 1590 4607 ὁρμῇ
1623 4537 1797 4587 κεῖται
1820 4531 1912 4583 τοῦ

344 4650 557 4709 ὓδατος.
583 4642 875 4712 Γενόμενος
904 4637 1082 4691 τοίνυν
1114 4636 1255 4688 κατὰ
1280 4631 1370 4684 τὸν
1397 4632 1558 4682 τόπον
1597 4626 1789 4697 (οὐδεὶς
1807 4624 1914 4693 γὰρ

341 4742 497 4801 δκνος
520 4734 671 4805 αὑτῷ
696 4732 792 4802 τὴν
833 4729 967 4799 πρὸς
992 4727 1053 4779 τὸ
1077 4725 1277 4793 ἀγαθὸν
1307 4721 1541 4790 σπουδὴν
1576 4714 1912 4784 διεκώλυεν)-

343 4834 466 4889 οὑτε
504 4831 796 4900 ὀχήματος,
841 4824 966 4877 οὔτε
1017 4821 1198 4872 ἵππων
1220 4859 1234 4881 ,
1274 4815 1397 4869 οὔτε
1441 4809 1598 4867 ἄλλου
1635 4808 1778 4870 τινὸς
1806 4805 1915 4857 τῶν

340 4898 622 4993 διαγαγεῖν
652 4917 813 4972 αὑτὸν
845 4910 1156 4981 δυναμένων
1208 4904 1595 4979 προσδεηθεὶς,
1644 4899 1778 4954 ἀλλὰ
1818 4898 1915 4966 βα-

342 4988 538 5088 κτηρία
584 5013 690 5067 τινὶ
723 5005 1137 5078 στηριζόμενος,
1181 5001 1359 5052 πᾶσαν
1403 4997 1616 5067 διήνυσε
1649 4993 1746 5062 τὴν
1776 4988 1912 5049 ὁδὸν,

342 5116 437 5166 καί
479 5111 595 5180 ἅμα
629 5097 1077 5177 προσφιλοσοφῶν
1114 5096 1226 5157 τοῖς
1271 5094 1370 5163 τῆς
1420 5088 1538 5145 όδοῦ
1571 5084 1915 5140 κοινωνοῦσιν

343 5200 489 5270 αὑτῷ
504 5172 633 5270 περὶ
649 5172 746 5266 τῆς
777 5188 1113 5262 ὑψηλοτέρας
1138 5184 1375 5248 ἐλπίδος,
1400 5183 1457 5235 ὲν
1483 5175 1565 5242 οἷς
1590 5178 1676 5232 ἀεὶ
1700 5172 1916 5229 κατὰτὸ

344 5288 754 5362 προηγούμενον
778 5279 1090 5351 διατρίϐων,
1111 5275 1182 5328 τὰ
1206 5274 1339 5327 ἄλλα
1367 5273 1619 5343 πάρεργα
1657 5270 1755 5337 τῆς
1783 5283 1907 5336 προ-

342 5356 631 5450 οτι-μοτέρας
653 5376 887 5429 ἐποιεῖτο
912 5369 1150 5438 σπουδῆς
1170 5385 1182 5397 ·
1222 5366 1295 5428 ὡς
1324 5361 1415 5417 οὖν
1448 5360 1734 5429 ύπεδείχοη
1766 5356 1918 5426 παρά

342 5489 404 5524 τε
453 5471 560 5522 τῶν
626 5462 1199 5536 προκαθηγησαμένων
1247 5459 1279 5529 ἡ
1329 5454 1422 5509 τοῦ
1474 5454 1688 5523 ῥείθρου
1738 5468 1916 5521 παρα-

345 5560 541 5633 τροπὴ,
567 5561 661 5613 καὶ
684 5557 817 5611 αὐτὸ
849 5556 909 5608 τὸ
936 5555 1255 5624 φαινόμενον
1280 5550 1380 5620 τὴν
1414 5543 1697 5615 συμφορὰν
1725 5543 1913 5612 διεμή-

346 5671 492 5717 νυεν,
528 5652 607 5713 είς
636 5648 854 5719 βαθεῖαν
879 5644 1315 5716 χαραδρωθὼτος
1348 5638 1439 5692 τοῦ
1466 5636 1628 5689 τόπου
1656 5635 1914 5705 φαράγγα

346 5744 540 5815 διὰτῆς
555 5740 663 5796 τῶν
681 5739 886 5794 ὑδάτων
903 5735 1231 5809 ἐμπτώσεως
1251 5752 1263 5765 ·
1283 5733 1458 5788 ταῦτά
1479 5749 1610 5802 φησι
1636 5729 1767 5802 πρὸς
1790 5729 1912 5789 τοὺς

2016 4547 2447 4619 praetermissum
2477 4559 2623 4607 esse,
2660 4556 2922 4596 saxorum
2953 4539 3189 4592 molibus
3218 4545 3272 4589 ct
3295 4534 3599 4605 aggeribus

2017 4636 2368 4704 objiciendis.
2417 4640 2472 4688 et
2516 4632 2562 4687 si
2598 4630 2731 4701 quid
2789 4628 2938 4683 aliud
3002 4627 3268 4703 adversus
3314 4620 3594 4694 ejusmodi

2019 4730 2160 4783 mala
2190 4725 2490 4795 excogitari
2515 4725 2677 4789 solet,
2706 4722 2890 4777 omnia
2927 4727 3182 4789 expertos
3225 4733 3371 4780 οδες»,
3405 4723 3458 4769 et
3494 4714 3596 4768 ad-

2019 4836 2211 4874 versus
2256 4819 2516 4886 impetum
2564 4814 2691 4869 mali
2741 4814 2996 4867 resistere
3032 4827 3140 4864 non
3192 4810 3461 4879 potuisse.
3512 4806 3593 4859 Ac

2016 4928 2125 4981 quo
2151 4914 2387 4963 maxime
2420 4910 2485 4963 ad
2525 4904 2963 4962 misericordiam
2996 4902 3066 4956 ab
3104 4902 3172 4955 iis
3199 4899 3592 4963 adduceretur,

2019 5002 2308 5069 regabant,
2339 5009 2397 5053 ut
2435 5000 2549 5067 ipse
2585 5000 2864 5065 inspector
2895 4990 3229 5046 calamitatis
3262 5004 3385 5043 esse
3424 4988 3593 5041 vellet

2018 5101 2182 5161 atque
2216 5105 2577 5161 cognoscere,
2613 5084 2759 5156 quod
2803 5086 2919 5138 lieri
2963 5099 3072 5136 non
3113 5088 3298 5150 posset
3347 5088 3405 5132 ut
3435 5077 3591 5131 habi-

2018 5187 2282 5238 tationem
2337 5180 2747 5244 transl‘errent,
2809 5176 3071 5246 quodque
3126 5173 3277 5227 omni
3344 5183 3594 5239 tempore

2019 5291 2170 5330 mors
2201 5275 2283 5329 eis
2316 5273 2385 5325 ab
2414 5272 2618 5339 impetu
2659 5267 2901 5321 {luminis
2933 5265 3264 5319 immineret.
3301 5260 3437 5317 Cum
3490 5258 3593 5330 igi-

2019 5377 2107 5420 tur
2132 5366 2197 5419 ad
2231 5365 2409 5417 locum
2455 5361 2698 5415 venisset
2747 5358 2935 5428 (nulla
2974 5356 3118 5410 enim
3157 5354 3206 5409 ei
3254 5351 3476 5424 pigritia
3504 5357 3591 5406 at-

2018 5474 2123 5528 que
2169 5455 2377 5510 desidia
2429 5453 2495 5506 ad
2546 5452 2785 5508 studium
2815 5449 2940 5503 boni
2978 5447 3371 5516 impedimento
3404 5449 3524 5497 erat
3546 5440 3589 5509 ),

2019 5566 2195 5618 neque
2236 5547 2484 5602 vehiculo
2518 5554 2800 5614 praeterea,
2832 5557 2929 5595 nec
2970 5540 3149 5608 equis.
3178 5554 3356 5607 neque
3394 5535 3498 5589 alia
3532 5549 3595 5587 re

2018 5640 2294 5709 quapiam,
2326 5652 2433 5707 qua
2470 5630 2842 5703 (commode)
2885 5629 3165 5685 transvehi
3210 5634 3415 5698 posset,
3454 5636 3595 5678 usus

2014 5741 2200 5794 esset,
2255 5730 2347 5786 sed
2403 5729 2599 5784 baculo
2644 5725 2879 5796 quodam
2933 5720 3209 5777 innitens.
3266 5726 3439 5771 totum
3476 5714 3582 5769 ite:
