4092 6368
510 387 607 443 931

1701 382 1761 437 S.
1797 377 2126 439 GBEGORII
2165 376 2463 436 NYSSENI

3660 370 3770 430 1-52

510 502 770 571 confecit,
797 501 964 559 simul
990 504 1155 559 etiam
1194 516 1320 559 eum
1348 500 1648 558 comitibus
1685 502 1805 558 suis
1836 510 1891 558 et
1916 501 2082 558 sociis

2192 500 2650 571 ιὐνειλεγμένους⁸
2668 501 2792 555 οὐκ
2818 498 2992 555 ἐστιν
3017 495 3367 566 ἀνθρώπων,
3396 493 3670 564 ἀδελφοί,
3694 495 3766 549 τὸ

512 598 729 653 itineris
782 596 851 653 de
897 597 1119 654 sublimi
1173 611 1271 666 spe
1325 594 1501 651 serios
1557 602 1612 649 et
1670 594 2079 666 philosophicos

514 688 811 744 conferens
850 702 1157 744 sermones.
1193 684 1256 741 In
1284 686 1489 757 quibus
1528 700 1587 741 se
1618 689 1890 757 prmeipue
1938 702 2084 743 sem-

515 793 614 848 per
637 794 921 840 exercens,
947 786 1000 833 et
1028 778 1083 832 in
1108 777 1301 847 primis
1333 777 1603 831 rationem
1634 792 1826 832 eorum
1850 778 2084 842 habens,

514 879 709 923 caetera
745 870 1055 924 accessoria
1097 868 1329 938 potioris
1380 867 1550 922 studii
1607 883 1718 922 non
1751 882 2084 938 magnopere

513 958 757 1015 curanda
795 974 918 1014 esse
952 958 1324 1016 existimabat.
1368 960 1439 1016 Ut
1485 962 1656 1033 igitur
1702 968 1755 1014 et
1782 960 1852 1014 ab
1890 960 1958 1014 iis
1988 964 2081 1028 qui

513 1049 677 1103 etiam
714 1056 842 1103 ante
867 1049 1035 1104 duces
1064 1050 1280 1106 itineris
1315 1049 1560 1114 fuerant,
1596 1059 1853 1105 ostensus
1880 1057 1964 1105 est
2000 1049 2082 1103 lo-

514 1155 634 1204 cus,
671 1139 761 1194 ubi
789 1138 987 1193 [lumen
1030 1141 1206 1210 ruptis
1248 1142 1542 1212 aggeribus
1579 1156 1608 1194 a
1652 1156 1753 1196 suo
1792 1155 1955 1194 cursu
1989 1138 2084 1194 de-

512 1228 758 1294 ﬂexerat,
787 1240 842 1285 et
882 1230 936 1284 id
966 1232 1145 1301 ipsum
1186 1232 1334 1301 quod
1374 1232 1696 1302 apparebat,
1732 1231 1944 1286 cladem
1989 1229 2083 1285 de-

513 1321 760 1374 clarabat
786 1337 800 1374 :
836 1324 1040 1391 quippe
1064 1323 1357 1391 eruptione
1388 1333 1554 1392 atque
1576 1323 1784 1391 impetu
1814 1335 2081 1390 aquarum

2182 589 2609 658 διαλαμϐάνειν
2668 589 2833 656 ὅροις
2880 587 2996 657 τὴν
3050 587 3156 642 τοῦ
3201 586 3422 652 ὕδατος
3472 586 3721 652 κίνησιν
3747 601 3764 617 ·

2180 682 2373 753 μόνης
2387 679 2497 749 τῆς
2513 680 2676 745 θείας
2693 679 3004 748 δυνάμεως
3017 678 3197 749 ἔργον
3208 677 3274 732 τὸ
3289 678 3562 732 τοιοῦτόν
3569 679 3767 739 ἐστιν,

2182 772 2355 839 ἐντὸς
2393 772 2549 841 ὅρων
2579 772 2961 826 κατακλείειν
2992 770 3108 837 τὴν
3137 768 3259 824 τῶν
3282 769 3521 825 ὑδάτων
3548 769 3766 839 φοράν.

2179 863 2375 929 υῦτως
2426 862 2536 932 γάρ
2579 878 2729 931 φησι
2778 862 2929 931 πρὸς
2973 860 3080 914 τόν
3118 860 3269 914 Θεὸν
3320 864 3353 914 ὁ
3396 860 3717 929 Προφήτης
3747 875 3765 890 ⁸

2186 953 2271 1007 ὅτι
2303 973 2321 1005 ι
2349 955 2543 1021 Ὅριον
2565 955 2728 1019 ἔθου,
2763 953 2795 1008 δ
2831 957 2903 1008 οὐ
2938 953 3392 1021 παρελεύσεται.
3429 971 3448 1003 ι
3482 952 3658 1015 Marto
3685 948 3771 1015 τῷ

2186 1046 2457 1112 Δεσπότῃ
2497 1045 2609 1113 τῆς
2652 1046 2905 1109 κτίσεως
2934 1043 3167 1113 Χριστῷ
3215 1045 3253 1111 ἠ
3291 1041 3410 1095 τῶν
3451 1043 3771 1108 στοιχείων

2187 1138 2373 1207 φύσις
2393 1137 2565 1190 ἐστίν
2590 1137 2950 1205 ὑποχείριος,
2971 1137 3041 1188 ἐν
3068 1130 3158 1201 οἷς
3182 1134 3259 1188 ἂν
3308 1131 3499 1201 ταχθῇ
3536 1134 3767 1196 τόποις,

2187 1230 2274 1294 είς
2324 1228 2389 1281 τὸ
2417 1227 2690 1295 διηνεκὲς
2714 1227 3145 1296 παραμένουσα
3235 1224 3471 1290 Ἐπειδὴ
3499 1226 3705 1277 τοίνυν
3733 1226 3770 1277 ὁ

2191 1321 2333 1385 Θεός
2373 1320 2544 1373 ἐστιν
2586 1322 2619 1373 ό
2645 1319 2981 1388 νομοθετῶν
3011 1319 3156 1385 τοὺς
3202 1318 3381 1385 ὄρους
3413 1316 3537 1382 τοῖς
3561 1316 3767 1380 ὕδασι,

513 1410 573 1465 in
606 1409 932 1481 profundam
959 1412 1274 1483 voraginem
1305 1413 1460 1468 locus
1480 1418 1781 1468 excavatus
1807 1418 1962 1466 erat:
1995 1410 2079 1466 bis

2192 1411 2372 1478 μόνος
2410 1409 2488 1463 ἂν
2513 1409 2745 1476 ἐκεῖνος
2772 1408 2847 1483 τῇ
2880 1407 2999 1476 ἰδίᾳ
3036 1407 3286 1477 δυνάμει
3317 1407 3413 1461 καί
3441 1406 3544 1461 τοῦ
3587 1420 3773 1459 ποτα-

512 1501 701 1555 va-his
730 1516 871 1557 κα
898 1508 989 1556 est
1010 1501 1083 1556 ad
1103 1517 1227 1563 eos,
1262 1502 1357 1571 qui
1386 1507 1766 1556 convenerant
1794 1518 1807 1554 :
1851 1499 1975 1553 Non
2000 1507 2079 1553 est

2192 1501 2301 1570 μοῦ
2322 1501 2536 1555 τούτου
2569 1501 2683 1569 τὴν
2710 1501 2962 1566 ἀταξίαν
2998 1499 3342 1566 πεδήσειεν.

514 1594 811 1661 hominum,
840 1596 1065 1664 fratres,
1089 1597 1301 1667 inquit,
1337 1613 1519 1667 regere
1590 1596 1836 1652 terminis
1900 1604 2057 1665 atque
2098 1595 2424 1665 distinguere
2489 1607 2693 1652 motum
2747 1614 2899 1662 aqua?
2928 1616 2943 1653 :
2972 1598 3143 1652 solius
3184 1596 3378 1651 divino.-
3421 1595 3669 1665 potentite
3710 1594 3771 1648 id

513 1706 644 1760 opus
669 1698 767 1756 est,
805 1691 953 1745 intra
1000 1692 1255 1745 terminos
1300 1690 1619 1745 concludere
1650 1700 1813 1760 atque
1857 1706 2097 1745 mare
2129 1707 2343 1746 cursum
2373 1708 2659 1764 aquarum.
2730 1691 2820 1747 Ita
2869 1692 3012 1747 enim
3044 1692 3122 1746 ait
3153 1691 3223 1745 ad
3257 1692 3426 1746 Deum
3465 1687 3770 1757 Propheta:

517 1797 538 1831 s
579 1779 819 1835 Posuisti
856 1782 1138 1835 terminum
1172 1798 1323 1851 quem
1371 1799 1478 1835 non
1506 1782 1757 1836 transibit
1794 1781 1838 1834 ⁸.
1884 1799 1904 1832 ι
1937 1779 2059 1838 Soli
2096 1781 2331 1839 lamin
2366 1793 2626 1840 creatum
2665 1783 2880 1840 Christo
2911 1784 3286 1839 elementorum
3324 1793 3520 1836 natura
3556 1778 3771 1835 subdita

512 1879 668 1941 atque
696 1870 925 1926 obnoxia
964 1882 1065 1933 est.
1105 1873 1161 1925 in
1198 1872 1594 1944 quibuscunque
1639 1873 1770 1927 locis
1824 1875 2086 1929 collocata
2122 1874 2303 1944 fuerit,
2394 1877 2455 1930 in
2491 1875 2578 1933 his
2636 1878 2695 1932 in
2740 1884 3044 1946 perpetuum
3099 1891 3431 1944 permanens.
3503 1873 3770 1940 Quoniam

512 1965 680 2035 igitur
706 1965 847 2020 Deus
872 1975 950 2020 est
993 1967 1085 2036 qui
1115 1968 1366 2021 terminos
1414 1968 1566 2037 aquis
1612 1969 1907 2037 constituit,
1943 1969 2091 2025 solus
2129 1969 2223 2025 ille
2244 1986 2343 2025 sua
2372 1971 2610 2039 potentia
2637 1972 2803 2026 (sic.
2853 1969 3012 2038 hius
3055 1970 3292 2040 ﬂuminis
3334 1968 3648 2024 insolentem
3718 1974 3771 2019 et

509 2055 876 2112 inordinatum
908 2073 1120 2111 cursant
1156 2074 1391 2111 coercere
1414 2068 1462 2112 et
1491 2057 1746 2126 impedire
1770 2060 1961 2129 possit.

584 2149 751 2215 Dixit,
782 2164 846 2204 ac
875 2158 1135 2221 tanquam
1169 2150 1355 2205 alllatu
1390 2151 1577 2205 divino
1611 2151 1796 2206 animo
1834 2160 2087 2207 conster-

2259 2143 2447 2209 Εἶπεν,
2488 2147 2582 2201 καὶ
2614 2141 2724 2201 οἷον
2748 2146 2936 2211 ἔνθους
2965 2147 3025 2212 ἐξ
3049 2148 3293 2211 ἐπινοίας
3313 2145 3591 2217 θειοτέρας
3618 2147 3775 2215 γενό-

514 2248 695 2307 natus,
732 2256 795 2295 ac
822 2256 1017 2312 magna
1046 2257 1179 2297 voce
1206 2241 1510 2307 Christum,
1547 2250 1605 2296 ut
1644 2242 1750 2298 sibi
1793 2244 1859 2298 ad
1885 2259 2088 2314 propo-

2192 2257 2369 2311 μενος,
2404 2240 2496 2293 καὶ
2542 2240 2752 2310 μεγάλῃ
2792 2242 2857 2310 τῇ
2890 2241 3039 2311 φωνῇ
3075 2238 3168 2295 τὸν
3193 2238 3431 2310 Χριστιν
3456 2238 3604 2310 αὐτῷ
3633 2238 3769 2309 σύμ.

515 2332 683 2388 εἰιῐιιιι
716 2346 854 2401 opus
890 2330 1141 2387 subsidio
1182 2331 1415 2393 veniret,
1469 2340 1746 2400 precatus,
1783 2334 2088 2402 scipionem

2192 2347 2361 2402 μαχον
2412 2330 2548 2400 πρὸς
2591 2331 2651 2383 τὸ
2700 2331 3056 2401 προκείμενον
3120 2330 3295 2384 ἐλθεῖν
3366 2330 3772 2400 ἐπευξάμενος,

447 2472 455 2479 .
514 2438 680 2493 quem
712 2437 877 2476 manu
912 2421 1157 2487 tenebat,
1189 2422 1244 2474 in
1275 2429 1539 2491 corrupto
1567 2424 1699 2492 ripas
1730 2423 1851 2477 loco
1878 2423 2085 2492 deligit.

513 2513 653 2568 Cum
675 2521 856 2567 autem
887 2512 1035 2566 circa
1058 2512 1205 2566 illam
1231 2519 1437 2581 partem
1469 2522 1615 2567 terra
1640 2515 1877 2578 madida,
1910 2516 2090 2570 mollis

516 2619 582 2659 ac
616 2604 741 2657 laxa
780 2610 955 2667 esset,
990 2612 1044 2657 et
1090 2602 1318 2673 ponderi
1372 2604 1554 2657 baculi
1598 2604 1765 2660 simul
1804 2614 1859 2659 et
1904 2605 2089 2659 manui

517 2694 735 2763 ligantis
759 2694 963 2748 cedens
991 2731 1009 2757 ,
1052 2692 1212 2747 facile
1256 2693 1506 2748 subsedit
1548 2692 1614 2747 ad
1657 2693 1845 2747 imum.
1887 2692 2089 2748 Deinde

516 2793 797 2857 precatus,
830 2794 891 2839 ut
926 2786 1029 2839 hoc
1061 2783 1226 2843 veluti
1254 2785 1557 2838 claustrum
1596 2785 1870 2853 quoddam
1897 2794 1951 2839 et
1984 2786 2089 2839 im-

516 2876 888 2945 pedimentum
929 2873 1223 2928 insolentis
1269 2882 1323 2928 et
1363 2874 1661 2927 inordinati
1696 2888 1894 2928 cursus
1929 2889 2092 2944 aqua-

517 2984 638 3022 rum
693 2975 877 3030 esset,
923 2974 1071 3021 retro
1127 2966 1350 3021 domum
1408 2981 1664 3021 reversus
1728 2975 1846 3032 est,
1912 2968 2089 3036 reipsa

516 3059 926 3124 demonstrans,
956 3059 1104 3129 quod
1149 3058 1419 3127 quidquid
1469 3059 1537 3113 ab
1585 3074 1707 3113 sese
1743 3062 1916 3123 lierct,
1950 3076 1979 3113 a
2011 3060 2092 3114 di-

517 3155 646 3205 vina
681 3152 924 3221 potentia
953 3151 1457 3205 administraretur.
1494 3149 1754 3206 Protinus
1775 3152 1920 3206 enim
1948 3152 2091 3205 haud

519 3243 692 3297 multo
726 3256 970 3312 tempore
1011 3251 1133 3311 post
1172 3241 1406 3295 baculus
1444 3241 1690 3309 quidem,
1722 3243 2001 3298 radicibus
2036 3244 2090 3297 in

521 3335 639 3404 ripa
668 3334 831 3399 actis,
873 3333 1035 3387 arbor
1076 3332 1271 3387 evasit.
1323 3329 1560 3385 Flumini
1591 3348 1721 3388 vero
1762 3334 1874 3388 haec
1905 3335 2092 3403 planta

521 3441 618 3493 pro
658 3423 893 3479 termino
930 3426 1032 3477 lixa
1066 3431 1189 3487 est,
1231 3437 1404 3492 eaque
1441 3423 1509 3476 ad
1545 3423 1649 3478 hoc
1680 3440 1852 3494 usque
1880 3435 2090 3493 tempus

2189 2423 2571 2492 καταπήγνυσι
2614 2422 2711 2492 τὴν
2758 2421 3078 2492 βακτηρίαν.
3133 2421 3200 2492 ἢν
3225 2420 3314 2475 διὰ
3340 2422 3520 2491 χειρὸς
3549 2420 3771 2492 ἔφερεν,

2189 2514 2330 2566 κατὰ
2357 2513 2449 2565 τὸν
2475 2513 2793 2583 διεφθορότα
2808 2513 2972 2566 τόπον
3000 2513 3096 2582 τῆς
3145 2510 3331 2582 ὄχθης.
3380 2511 3677 2583 Διάὸροχος
3709 2510 3772 2565 δὲ

2188 2599 2323 2657 οὖσα
2352 2603 2473 2656 κατ’
2497 2604 2675 2656 ἐκεῖνο
2715 2603 2748 2673 ἡ
2786 2603 2859 2673 γῆ
2894 2602 2985 2656 καὶ
3006 2601 3318 2673 σομφώδης,
3344 2601 3544 2673 ῥαδίως
3567 2602 3765 2655 ὑπενό-

2192 2711 2356 2765 στησε
2402 2694 2544 2747 κατὰ
2589 2694 2650 2747 τὸ
2689 2693 2871 2763 βάθος,
2921 2693 3000 2764 τῷ
3047 2710 3106 2746 τε
3155 2692 3310 2763 βάρει
3340 2693 3440 2761 τῆς
3469 2691 3768 2763 βακτηρίας

2191 2781 2306 2852 ἅμα
2350 2783 2444 2835 καὶ
2490 2784 2556 2853 τῇ
2608 2783 2750 2852 χειρὶ
2795 2781 2887 2835 τοῦ
2937 2782 3240 2853 πηγνύντος
3288 2780 3575 2845 ὑπείξασα.
3635 2776 3769 2835 Εἶτα

2188 2874 2347 2927 τοῦτο
2377 2873 2629 2945 καθάπερ
2659 2891 2711 2927 τι
2737 2873 2981 2946 κλεῖθρον
3009 2874 3262 2944 γενέσθαι
3292 2873 3387 2927 καὶ
3409 2871 3636 2944 κώλυμα
3665 2874 3767 2943 τῆς

2188 2963 2297 3017 τῶν
2343 2964 2548 3019 ὑδάτων
2593 2966 2819 3030 ἀταξίας
2860 2966 2940 3036 τῷ
2981 2966 3103 3034 θεῷ
3153 2965 3555 3035 ἐπευξάμενος,
3605 2964 3767 3017 πάλιν

2191 3058 2564 3127 ὑπέστρεφεν,
2616 3058 2761 3129 ἔργῳ
2792 3057 2969 3123 δείξας
3003 3059 3083 3111 ὅτι
3133 3060 3241 3110 πᾶν
3286 3058 3346 3110 τὸ
3391 3059 3520 3126 παρ’
3556 3057 3764 3110 ἐκείνου

2190 3150 2475 3219 γινόμενον
2511 3150 2615 3203 ὑπὸ
2644 3151 2792 3212 θείας
2826 3153 3108 3220 ἐνηργεῖτο
3129 3152 3430 3222 δυνάμεως.
3462 3152 3637 3214 Εὐθὺς
3659 3150 3768 3221 γάρ

2190 3242 2250 3292 οὐ
2288 3240 2426 3310 μετὰ
2464 3241 2631 3294 πολὺν
2662 3242 2852 3314 χρόνον
2899 3245 2932 3313 ἡ
2966 3243 3063 3312 μὲν
3094 3241 3394 3313 βακτηρία,
3435 3245 3555 3306 ταῖς
3583 3241 3770 3313 ὄχθαις

2192 3330 2574 3402 ὲρῥιιζωθεῖτα,
2596 3333 2811 3403 δένδρον
2830 3335 3062 3402 ἐγένετο.
3097 3334 3187 3404 Τῷ
3208 3334 3263 3386 δὲ
3292 3333 3490 3404 ῥείθρῳ
3520 3334 3582 3386 τὸ
3605 3333 3768 3402 φυτὸν

2192 3421 2314 3491 ὅρος
2343 3422 2544 3491 ἐπάγη,
2567 3423 2661 3475 καὶ
2687 3423 2847 3495 μέχρι
2873 3424 2966 3476 τοῦ
2990 3423 3083 3479 νῦν
3113 3427 3224 3487 τοῖς
3251 3424 3568 3495 ἐπιχωρίοις
3589 3425 3769 3493 θέαμα

521 3517 716 3572 incolis
756 3517 862 3569 loci
910 3530 1034 3569 cum
1080 3515 1398 3584 spectaculo
1453 3525 1555 3581 est,
1595 3528 1710 3570 tum
1751 3518 2088 3572 narrationis

2194 3512 2402 3579 γίνεται
2424 3512 2483 3564 τὺ
2499 3514 2661 3581 φυτὸν
2682 3514 2775 3567 καὶ
2800 3515 3060 3586 διήγημα.
3080 3516 3248 3568 Ὅταν
3269 3516 3375 3587 γὰρ
3395 3494 3455 3580 ἐξ
3469 3516 3767 3586 ἐπομϐρίας

518 3620 572 3665 et
616 3607 1157 3687 eutnniemoratiouis
1214 3617 1597 3679 argumentum
1670 3610 1893 3678 praebet.
1951 3608 2088 3663 Cum

518 3699 663 3753 enim
701 3697 913 3750 crebris
952 3697 1225 3752 imbribus
1268 3707 1433 3767 atque
1465 3698 1801 3752 torrentibus
1834 3698 2089 3767 (amnis)

522 3788 613 3841 ille
654 3787 835 3857 Lycus
865 3786 1144 3843 inundans
1186 3804 1254 3843 ex
1296 3788 1700 3844 consuetudine
1733 3797 1787 3844 et
1821 3805 1985 3859 asper
2009 3807 2094 3844 ra-

520 3876 789 3945 pidusque
807 3877 1077 3929 undarum
1115 3892 1178 3932 ac
1201 3878 1461 3933 lluctuum
1493 3895 1551 3935 se
1574 3879 1807 3934 invicem
1828 3880 2091 3935 colliden-

518 3967 656 4021 tium
696 3968 928 4037 strepitu
965 3969 1223 4023 terribilis
1277 3971 1468 4035 fertur,
1509 3980 1640 4025 tunc
1672 3974 1903 4026 summis
1934 3973 2090 4043 aquis

520 4058 659 4113 imas
690 4058 906 4113 arboris
948 4059 1163 4115 radices
1204 4062 1418 4116 alluens
1441 4102 1455 4124 ,
1494 4078 1688 4116 rursus
1719 4064 2090 4120 inluincscmts

522 4150 575 4203 in
623 4149 859 4203 medium
898 4150 1109 4205 alveum
1152 4153 1430 4205 contrahit
1459 4154 1652 4216 mulas,
1693 4169 1754 4206 ac
1779 4154 1932 4223 quasi
1976 4170 2091 4209 me-

522 4244 683 4290 tuens
726 4238 912 4292 arbori
949 4241 1390 4307 appropinquare
1432 4256 1601 4293 curvo
1646 4240 1871 4294 ﬂutniue
1909 4241 2089 4294 locum

520 4328 675 4380 illum
720 4329 1143 4397 praeterlabitur.
1184 4328 1335 4385 Talis
1384 4331 1567 4400 magni
1615 4330 1861 4399 Gregorii
1917 4333 2090 4387 virtus

522 4416 646 4479 fuit,
683 4417 793 4472 imo
823 4433 952 4472 vero
985 4419 1100 4484 Dei,
1127 4420 1220 4488 qui
1248 4421 1511 4474 miracula
1546 4437 1641 4489 per
1680 4422 1832 4475 illum
1872 4422 2086 4476 edebat.

520 4506 655 4560 Nam
697 4509 919 4576 perinde
949 4525 1013 4563 ac
1051 4511 1097 4564 si
1126 4512 1463 4580 mancipium
1498 4512 1771 4580 quoddam
1808 4521 1955 4567 esset
1979 4514 2091 4567 ele-

523 4605 829 4651 mentorum
860 4607 1076 4661 natura,
1105 4602 1171 4654 ad
1205 4602 1493 4655 arbitrium
1522 4603 1767 4670 jnbentis
1806 4606 2089 4659 immutari

522 4688 839 4750 videbatur,
887 4698 945 4743 ut
989 4700 1042 4744 et
1077 4692 1232 4747 lacus
1278 4692 1333 4747 in
1369 4692 1690 4762 frugiferum
1724 4711 1911 4765 agrum
1960 4712 2093 4751 con-

522 4787 829 4832 verteretur
853 4819 867 4842 ,
899 4788 954 4834 et
990 4784 1281 4854 voragines
1321 4785 1637 4855 eluviesque
1668 4788 1908 4842 ﬂuminis
1929 4829 1943 4849 ,
1976 4789 2089 4843 sci-

524 4868 686 4935 pione
761 4870 1112 4925 securitatem
1186 4874 1423 4927 futuram
1493 4877 1693 4930 accolis
1762 4877 2088 4945 spondente,

523 4959 924 5013 habitarentur.
969 4959 1177 5016 Nomen
1218 4970 1399 5017 autem
1447 4965 1629 5019 arbori
1672 4982 1846 5035 usque
1881 4968 1947 5019 ad
1990 4967 2091 5020 hoc

521 5061 737 5121 tempus
772 5060 855 5108 est
885 5054 1049 5121 scipio
1084 5072 1102 5108 :
1136 5054 1282 5124 quod
1317 5071 1416 5125 pro
1450 5066 1805 5117 monumento
1846 5057 2090 5129 Gregorii

522 5140 773 5196 benelicii
822 5151 986 5213 atque
1035 5146 1251 5199 virtutis
1305 5148 1372 5201 ab
1430 5149 1627 5203 incolis
1680 5149 1783 5203 loci
1831 5151 1885 5201 in
1939 5150 2089 5202 omni

520 5240 769 5305 tempore
812 5245 1083 5291 servatur.
1131 5238 1271 5302 Quid
1314 5257 1379 5294 ex
1427 5243 1764 5311 prepheticis
1805 5243 2089 5297 miraculis

523 5320 610 5375 his
665 5322 829 5379 rebus
891 5341 953 5379 es
1007 5327 1238 5383 adverso
1283 5332 1659 5399 comparando
1711 5334 1913 5401 opponi
1969 5333 2089 5385 vis?

523 5407 706 5463 Dicam
726 5409 981 5469 Jordanis
1005 5419 1327 5483 sectionem,
1362 5437 1523 5490 quam
1545 5423 1904 5491 percussione
1928 5424 2087 5491 pellis

520 5501 698 5557 ovilla:
732 5512 856 5557 ante
891 5510 1266 5565 ascensionem
1314 5511 1441 5567 fecit
1479 5512 1648 5580 Elias,
1695 5523 1897 5583 etpost
1933 5515 2085 5568 illum

524 5585 738 5644 Eliseus
772 5589 946 5646 haeres
965 5603 1017 5647 et
1044 5597 1201 5665 pellis
1222 5610 1268 5654 et
1295 5602 1522 5671 spiritus
1552 5603 1737 5658 illius?
1757 5603 1825 5657 At
1844 5612 2087 5674 tempore

590 5763 613 5793 ⁸
650 5764 789 5819 Psal.
812 5780 904 5835 cu,
942 5767 993 5822 9.

2197 3618 2256 3655 τε
2295 3601 2386 3654 καὶ
2417 3603 2735 3676 χειμάρρων
2760 3607 2788 3659 ὁ
2819 3606 2994 3670 Λύκος
3024 3610 3229 3670 ἐκεῖνος
3259 3608 3606 3678 ττλημμυρῶν
3631 3608 3771 3660 κατὰ

2196 3690 2257 3744 τὸ
2284 3691 2510 3762 σύνηθες
2549 3693 2642 3746 καὶ⁵
2676 3696 3074 3765 τραχυνόμενος
3102 3697 3353 3768 φέρηται,
3401 3698 3629 3769 φοϐερὸς
3651 3700 3771 3752 ἐπι-

2197 3782 2484 3852 καχλάζων
2517 3785 2594 3855 τῷ
2630 3785 2859 3856 ῥεύματι
2885 3827 2899 3851 ,
2950 3786 3071 3840 τότε
3102 3788 3229 3858 περὶ
3273 3789 3364 3841 τὸν
3398 3789 3649 3859 πυθμένα
3674 3787 3768 3841 τοῦ

2196 3874 2411 3946 δένδρου
2446 3877 2583 3929 κατὰ
2615 3877 2673 3929 τὸ
2717 3877 2884 3949 ἄκρον
2926 3878 3232 3946 ἐπιψαύσας
3276 3878 3355 3947 τῷ
3399 3878 3571 3944 ὕδατι,
3610 3879 3771 3932 πάλιν

2197 3967 2459 4034 ὀγκωθεὶς
2506 3967 2646 4020 κατὰ
2682 3968 2743 4020 τὸ
2773 3969 2935 4037 μέσον
2979 3969 3250 4021 συστέλλει
3290 3969 3349 4021 τὸ
3391 3970 3623 4040 ῥεῖθρον,
3674 3970 3770 4023 καὶ

2195 4052 2306 4110 οἷον
2337 4056 2499 4126 φοὸού
2509 4075 2666 4127 μενος
2702 4059 3007 4129 ἐμπελάσαι
3033 4059 3110 4129 τῷ
3134 4059 3352 4130 δένδρῳ,
3375 4060 3555 4131 κυρτῴ
3578 4060 3655 4129 τῷ
3680 4060 3773 4113 κύ-

2200 4166 2325 4219 ματι
2344 4166 2418 4201 πα
2428 4150 2674 4220 ραμείϐει
2696 4152 2783 4203 τὸν
2798 4150 2995 4220 χῶρον.
3021 4152 3256 4220 Τοιαύτη
3269 4151 3363 4204 τοῦ
3381 4153 3615 4221 μεγάλου
3637 4153 3772 4222 Γρη-
3840 4133 3853 4139 ’

2196 4241 2379 4311 γορίου
2409 4244 2440 4311 ἡ
2463 4240 2707 4309 δύναμις,
2734 4243 2931 4311 μᾶλλον
2952 4242 3006 4294 δὲ
3032 4243 3125 4295 τοῦ
3150 4242 3283 4295 Θεοῦ
3307 4242 3399 4295 τοῦ
3423 4244 3772 4313 ἐνεργοῦντος

2196 4332 2255 4383 ἐν
2287 4331 2476 4402 ἐκείνῳ
2507 4332 2574 4385 τὰ
2604 4331 2877 4401 θαύματα.
2926 4332 3193 4402 Καθάπερ
3223 4331 3331 4403 γὰρ
3361 4334 3650 4404 ὑποχειρία
3684 4350 3771 4396 τις

2196 4418 2329 4475 οὖσα
2349 4423 2455 4475 τῶν
2479 4424 2758 4493 στοιχείων
2792 4426 2824 4494 ἡ
2857 4422 3018 4491 φύσις
3046 4424 3321 4477 ἐδείκνυτο
3351 4425 3486 4493 πρὸς
3505 4425 3566 4477 τὸ
3582 4424 3770 4478 δοκοῦν

2197 4514 2572 4585 ἀλλασσομένη
2596 4519 2706 4577 τοῖς
2736 4514 3123 4584 ἐπιτάγμασιν,
3155 4514 3295 4568 ὥστε
3336 4514 3529 4585 λίμνην
3565 4517 3662 4586 μὲν
3689 4515 3771 4578 εἰς

2199 4603 2508 4673 πυροφόρον
2532 4604 2714 4673 χώραν
2742 4604 3121 4673 μετατεθῆναι,
3154 4605 3252 4667 τὰς
3285 4605 3339 4657 δὲ
3370 4605 3641 4676 χαράδρας
3673 4603 3768 4657 τοῦ

2198 4692 2390 4756 ὓδατος
2438 4694 2761 4763 οἰκισθῆναι,
2819 4695 2915 4764 τῆς
2971 4695 3271 4767 βακτηρίας
3319 4696 3669 4765 ᾠκειωμένης
3708 4697 3771 4749 τὸ

2198 4782 2437 4851 ἀσφαλὲς
2474 4787 2585 4846 τοῖς
2619 4786 2951 4855 οἰκήτορσιν.
3007 4788 3215 4856 Ὄνομα
3258 4787 3314 4839 δὲ
3361 4789 3521 4859 μέχρι
3550 4788 3643 4841 τοῦ
3673 4789 3770 4842 νῦν

2200 4876 2309 4925 ἐστι
2330 4872 2407 4942 τῷ
2430 4873 2648 4943 δένδρῳ,
2674 4874 2711 4939 ή
2733 4874 3055 4942 βακτηρία,
3082 4878 3423 4948 μνημόσυνον
3443 4879 3540 4947 τῆς
3563 4879 3769 4951 Γρηγο-

2200 4964 2314 5032 ρίου
2348 4964 2569 5034 χάριτος
2612 4965 2704 5017 καὶ
2746 4964 3026 5035 δυνάμεως
3073 4970 3184 5030 τοῖς
3215 4969 3497 5039 ἐγχωρίοις
3530 4972 3587 5022 ἐν
3611 4972 3770 5023 παντὶ

2195 5055 2271 5125 τῷ
2295 5056 2469 5126 χρόνῳ
2486 5055 2807 5125 σωζόμενον.
2838 5057 2901 5109 Τί
2928 5058 3105 5128 βούλει
3130 5060 3339 5123 τούτοις
3363 5061 3471 5113 τῶν
3500 5079 3767 5133 προφητι-

2197 5147 2307 5198 κῶν
2354 5146 2647 5216 θαυμάτων
2694 5150 3188 5220 ἀντιπαρατεθῆναι
3246 5151 3335 5204 διὰ
3393 5153 3767 5225 συγκρίσεως;

2196 5239 2347 5291 Εἴπω
2361 5239 2459 5307 τὴν
2471 5238 2561 5290 τοῦ
2573 5239 2835 5310 Ἰορδάνου
2848 5242 3035 5311 τομὴν,
3052 5243 3118 5311 ἥν
3130 5245 3193 5312 τῇ
3212 5242 3392 5313 πληγῇ
3405 5244 3502 5312 τῆς
3518 5244 3768 5315 μηλωτῆς

2194 5328 2222 5379 ό
2253 5328 2435 5391 Ἠλίας
2466 5330 2569 5399 πρὸ
2596 5331 2697 5399 τῆς
2743 5332 2928 5384 ἀνόδου
2957 5333 3249 5403 πεποίηται
3272 5375 3285 5398 ,
3324 5336 3417 5388 καὶ
3453 5337 3570 5406 μετ’
3606 5336 3769 5389 αὑτὸν

2208 5419 2505 5475 Ἐλισσαῖος
2532 5421 2561 5473 ό
2588 5420 2922 5493 κληρονόμος
2941 5425 3039 5493 τῆς
3076 5425 3330 5496 μηλωτῆς
3362 5429 3458 5481 καὶ
3484 5426 3576 5480 τοῦ
3609 5426 3770 5479 πνεύ-

2198 5528 2401 5580 ματος;
2444 5512 2581 5565 Ἀλλ’
2609 5514 2701 5568 ἐπὶ
2728 5515 2948 5579 τούτων,
2986 5516 3165 5585 μόνοις
3196 5520 3306 5581 τοῖς
3345 5522 3645 5593 προφήταις
3677 5518 3769 5571 ἐπὶ

2195 5601 2289 5655 τοῦ
2320 5603 2514 5675 καιροῦ
2538 5606 2637 5676 τῆς
2659 5606 2845 5675 χρείας
2877 5606 3182 5675 σχισθέντος
3210 5609 3303 5660 τοῦ
3328 5608 3537 5676 ὓδατος,
3569 5609 3655 5664 διὰ
3677 5609 3769 5663 τοῦ
