4092 6368
376 337 483 394 935

1364 336 1450 390 DE
1486 337 1647 394 VITA
1685 337 1749 415 β.
1790 337 2122 395 GREGORII
2152 336 2679 395 TllAUMATURCI.

3523 332 3630 389 956

379 448 652 521 ῥεύματος
695 448 950 513 διαϐατὸς
1002 449 1032 500 ὁ
1085 448 1354 521 Ἰορδάνης
1396 450 1641 519 ἐγένετο,
1707 448 1957 505 τοσοῦτον

2070 452 2256 506 horum
2280 451 2694 521 prophetarum,
2723 463 2846 506 cum
2873 463 2978 506 usu
3003 454 3265 519 poscente
3294 459 3434 518 aqua
3458 446 3634 501 scissa

376 538 616 610 διασχὼν
646 540 704 593 ὲν
754 539 930 609 ἐαυτῷ
957 539 1018 592 τὸ
1051 538 1285 609 ῥεῖθρον,
1314 540 1437 593 ὅσον
1465 541 1577 603 τοῖς
1620 541 1747 594 ποσὶ
1775 558 1954 611 παρα»

379 631 529 699 σχεῖν
555 629 664 682 τῶν
723 629 1018 701 προφητῶν
1049 629 1138 683 διὰ
1178 628 1341 700 ξηροῦ
1366 630 1457 684 τοῦ
1486 631 1755 701 πυθμένος
1792 632 1957 684 ἐνδιο-

375 722 585 786 δεῦσαι,
612 722 691 793 τῷ
720 723 778 776 δὲ
803 724 1000 792 ἐφεξῆς
1025 723 1201 794 χρόνῳ
1229 725 1322 777 καὶ
1356 725 1467 786 τοῖς
1492 723 1698 785 λοιποῖς
1727 723 1836 777 τῶν
1862 724 1957 776 άν-

379 812 614 882 θρώπων
661 813 899 878 τοιοῦτος
943 811 1048 885 ἦν,
1093 810 1204 878 οἷος
1237 815 1333 868 καὶ
1379 814 1613 879 πρόσθεν
1652 810 1743 886 ἦν.
1779 814 1955 878 Λύκος

378 904 586 966 ἐκεῖνος
621 902 768 968 ἅπαξ
800 904 1073 968 ἀπωσθεὶς
1103 906 1203 975 τῆς
1252 904 1485 959 ἀτάκτου
1536 905 1728 975 φορᾶς,
1774 905 1854 968 είς
1897 904 1957 958 τὸ

379 990 467 1041 ἀεὶ
493 989 555 1043 τὸ
584 990 772 1069 θαῦμα
810 992 902 1045 τοῦ
933 978 1427 1064 Γρηγορίουίέποιεῖ,
1466 994 1630 1045 παντὶ
1661 991 1738 1063 τῷ
1760 991 1955 1063 ἐφεξῆς

381 1083 558 1153 χρόνῳ
583 1085 822 1147 τοιοῦτος
853 1085 1048 1154 μένων,
1089 1079 1200 1138 οἷον
1232 1085 1391 1139 αὑτὸν
1418 1088 1450 1157 ή
1478 1085 1570 1138 τοῦ
1611 1085 1846 1156 μεγάλου
1870 1084 1958 1138 πί-

385 1190 500 1237 στις
542 1175 600 1227 ὲν
644 1175 722 1245 τῷ
760 1174 936 1247 καιρῷ
961 1175 1061 1246 τῆς
1091 1177 1530 1247 θαυματουργίας
1577 1176 1856 1247 ἐποίησεν.
1897 1176 1956 1229 '0

384 1264 585 1327 σκοπὸς
623 1264 680 1317 δὲ
724 1266 832 1318 τῶν
879 1266 1180 1336 γινομένων
1217 1267 1340 1337 οὐχὶ
1372 1270 1405 1337 ἡ
1446 1267 1554 1320 τῶν
1588 1265 1836 1337 ὁρώντων
1863 1265 1956 1319 έκ-

384 1356 578 1427 πληξις
620 1353 688 1429 ἦν
713 1399 728 1424 ,
770 1357 883 1411 ἀλλ’
910 1360 944 1429 ἡ
986 1359 1094 1411 τῶν
1124 1358 1557 1430 προσοικούντων
1603 1358 1682 1429 τῷ
1729 1357 1958 1428 ποταμῷ

388 1448 648 1519 σωτηρία.
702 1449 864 1501 Ὥστε
907 1448 1001 1501 τοῦ
1032 1447 1308 1519 θαύματος
1330 1449 1392 1500 τὸ
1418 1450 1530 1502 ἴσον
1561 1448 1775 1518 ἔχοντος
1806 1448 1960 1519 (ὐπο-

384 1542 554 1611 χωρεῖ
588 1539 696 1610 γάρ
748 1540 842 1593 καὶ
888 1543 1001 1603 τοῖς
1036 1541 1342 1611 προφήταις
1372 1541 1467 1593 καὶ
1491 1538 1567 1610 τῷ
1602 1542 1813 1610 μιμητῇ
1850 1538 1959 1592 τῶν

388 1630 683 1703 προφητῶν
721 1630 864 1684 κατὰ
890 1631 951 1685 τὸ
987 1630 1097 1685 [σον
1125 1633 1157 1702 ή
1193 1630 1288 1685 τοῦ
1330 1631 1520 1695 ὕδατος
1553 1630 1755 1700 φύσις),
1780 1631 1827 1683 εἰ
1853 1628 1959 1701 χρὴ

390 1723 529 1794 μετὰ
558 1723 870 1795 παρρησίας
902 1725 1097 1787 εἰπεῖν,
1136 1723 1447 1778 πλεονεκτεῖ
1475 1722 1555 1793 τῷ
1593 1720 1958 1793 φιλανθρώπῳ

2058 554 2241 608 esset,
2289 543 2522 609 accidit,
2565 551 2624 597 ut
2659 542 2766 612 ipsi
2808 541 2909 597 soli
2964 542 3241 614 prophetae
3288 556 3387 610 per
3428 538 3633 595 ﬁumen

2056 633 2319 689 Jordanis
2351 632 2587 688 transire
2618 637 2884 702 possent,
2931 646 3057 686 cum
3097 630 3292 686 taudiu
3326 629 3508 684 amnis
3544 629 3636 682 ille

2060 726 2118 779 in
2152 740 2274 781 sese
2308 723 2512 779 ﬁumen
2542 722 2867 789 diduxisset,
2910 721 3038 777 dum
3075 722 3240 777 siccis
3281 721 3511 791 pedibus
3540 736 3637 791 per

2064 816 2280 871 aridum
2334 816 2547 869 alveum
2614 813 2891 884 prophetae
2940 812 3258 867 transirent.
3318 810 3635 883 Insequenti

2059 924 2189 966 vero
2219 919 2461 980 tempore
2489 906 2717 976 reliquis
2759 921 2977 975 quoque
3009 904 3322 959 hominibus
3343 904 3469 959 talis
3490 910 3632 967 erat,

2057 1002 2237 1071 qualis
2268 1002 2429 1055 etiam
2454 1008 2579 1054 ante
2613 997 2904 1052 transitum
2934 995 3152 1049 illorum
3189 1012 3202 1048 :
3238 993 3417 1064 Lycus
3448 1000 3631 1046 autem

2059 1092 2150 1148 ille
2178 1090 2348 1147 semel
2391 1090 2461 1145 ab
2493 1088 2751 1144 inso!enti
2791 1093 2958 1156 atque
2985 1085 3316 1163 'inordinato
3346 1098 3514 1137 cursu
3551 1097 3637 1136 re-

2059 1183 2274 1253 pulsus,
2318 1196 2513 1237 recens
2556 1180 2612 1234 in
2649 1188 2972 1249 perpetuum
3017 1175 3266 1246 Gregorii
3304 1173 3636 1228 miraculum

2059 1273 2213 1339 facit,
2254 1272 2405 1327 omni
2438 1278 2739 1325 consecuto
2777 1277 3023 1337 tempore
3059 1268 3184 1321 talis
3211 1281 3462 1332 manens,
3494 1280 3636 1334 qua-

2059 1362 2165 1416 lem
2192 1376 2317 1416 eum
2341 1359 2523 1430 magni
2546 1359 2697 1413 illius
2723 1357 2880 1423 ﬁdes,
2908 1371 3017 1427 quo
3043 1364 3284 1427 tempore
3310 1355 3636 1408 miraculum

2059 1453 2365 1515 edebatur,
2423 1450 2625 1506 eﬂecit.
2674 1447 2810 1503 Nam
2855 1448 3199 1520 propositum
3264 1446 3343 1501 rei
3387 1444 3640 1515 gerenda:

2059 1556 2170 1596 non
2217 1555 2283 1597 eo
2318 1541 2622 1611 spectabat,
2654 1548 2713 1594 ut
2740 1540 2835 1610 qui
2866 1539 3121 1594 viderent
3155 1524 3643 1606 obstupescere-ﬂ.

2060 1632 2155 1688 sed
2182 1641 2239 1687 ut
2261 1631 2463 1686 accolae
2486 1629 2733 1686 ﬂuminis
2763 1639 3139 1686 servarentur.
3170 1627 3507 1700 laqueum
3540 1642 3645 1696 par

2063 1726 2134 1779 sit
2160 1723 2495 1778 miraculum
2526 1717 2715 1793 (cadit
2755 1722 2907 1778 cui.
2940 1736 3009 1777 ex
3041 1736 3200 1792 aquo
3237 1729 3435 1774 natura
3482 1734 3639 1789 aquae

385 1814 447 1867 τὸ
478 1813 629 1884 παρὰ
652 1813 841 1867 τούτου
868 1813 1156 1884 γενόμενον
1172 1855 1187 1880 ,
1210 1812 1278 1867 δι’
1306 1809 1367 1867 οὗ
1392 1811 1499 1866 τῶν
1527 1811 1960 1884 προσοικούντων

2070 1818 2179 1870 tam
2213 1816 2520 1887 prophetis,
2554 1829 2718 1885 quam
2762 1812 3027 1869 imitatori
3074 1812 3536 1882 prophetarum),
3589 1810 3638 1866 si

387 1902 421 1968 ἡ
448 1900 709 1970 σωτηρία
755 1900 1195 1971 κατησφαλίσθη,
1244 1899 1339 1954 τοῦ
1388 1899 1582 1965 ὓδατος
1635 1899 1961 1971 πεδηθέντος

387 1989 535 2055 ἅπαξ
559 1990 678 2045 κατ’
716 1992 894 2044 ἐκεῖνο
930 1991 1023 2045 τοῦ
1074 1990 1366 2063 ῥεύματος,
1406 1992 1502 2045 καὶ
1526 1991 1781 2062 ἀκινήτου
1824 1989 1959 2061 πρὸς

384 2080 447 2133 τὸ
470 2079 664 2150 ἐφεξῆς
690 2080 1056 2150 διαμένοντος.
1082 2079 1321 2151 Ἐπειδὴ,
1348 2079 1624 2149 πανταχοῦ
1654 2078 1752 2148 τῆς
1776 2076 1960 2151 χώρας

385 2170 495 2223 τῶν
526 2168 785 2224 τοιούτων
829 2169 1123 2241 θαυμάτων
1164 2169 1594 2239 διαφοιτώντων,
1636 2170 1703 2239 τῇ
1732 2168 1960 2238 δυνάμει

385 2266 485 2334 τῆς
503 2264 583 2327 εἰς
615 2262 849 2335 Χριστὸν
879 2262 1113 2326 πίστεως
1134 2261 1469 2333 ἐνεργεῖσθαι
1493 2259 1958 2329 πεπιστευμένων,

387 2354 482 2408 καὶ
510 2354 710 2417 πάντες
741 2354 984 2425 μετέχειν
1014 2353 1321 2425 ἐπεθύμουν
1355 2352 1569 2422 ἐκείνης
1599 2353 1697 2422 τῆς
1729 2351 1962 2413 πίστεως

387 2443 489 2514 τῆς
537 2444 640 2499 ὑπὸ
681 2443 789 2499 τῶν
831 2444 1087 2498 τοιούτων
1140 2442 1592 2516 μαρτυρουμένης
1642 2440 1959 2511 θαυμάτων,

388 2536 482 2589 καὶ
503 2534 777 2605 πανταχοῦ
813 2535 1008 2607 προῄει
1035 2534 1094 2589 τὸ
1120 2532 1401 2605 κήρυγμα.
1433 2534 1528 2586 καὶ
1557 2532 1777 2601 ἐνεργὸν
1804 2527 1871 2602 ἦν
1896 2530 1959 2583 τὸ

389 2627 691 2697 μυστήριον
730 2627 824 2679 καὶ
850 2628 883 2697 ή
911 2624 1112 2696 σπουδὴ
1150 2626 1286 2695 πρὸς
1315 2624 1377 2676 τὺ
1405 2622 1608 2692 ἀγαθὸν
1636 2622 1962 2688 ἐπετείνετο,

385 2716 486 2786 τῆς
521 2714 822 2786 ἱερωσύνης
854 2714 1005 2786 παρὰ
1040 2716 1176 2768 πᾶσι
1217 2711 1646 2783 καθισταμένης,
1679 2710 1754 2774 ὼς
1782 2710 1848 2763 ἂν
1876 2708 1964 2762 διὰ

390 2806 610 2860 πάντων
639 2808 672 2877 ή
702 2807 882 2869 πίστις
909 2804 1191 2869 πλεονάζοι
1221 2805 1314 2858 καὶ
1343 2803 1557 2870 αὔξοιτο
1575 2819 1587 2832 ’
1632 2802 1839 2869 γίνεται
1872 2795 1963 2852 οὖν

389 2896 654 2967 πρεσϐεία
683 2898 816 2968 πρὸς
862 2897 1024 2951 αὑτὸν
1056 2898 1120 2949 ἐκ
1154 2896 1361 2958 πόλεώς
1398 2912 1542 2957 τινος
1568 2893 1962 2961 ἀστυγείτονος,

388 2990 561 3043 ἐλθεῖν
595 2990 730 3062 πρὸς
763 2991 978 3056 αὐτοὺς,
1012 2992 1106 3043 καὶ
1147 2990 1247 3061 τὴν
1295 2990 1423 3060 παρ’
1455 2990 1638 3053 αὐτοῖς
1673 2985 1964 3057 ἐκκλησίαν

387 3082 477 3137 διὰ
498 3083 596 3153 τῆς
622 3082 919 3154 ἱερωσύνης
941 3083 1333 3152 συστήσασθαι.
1378 3082 1623 3152 Κώμανα
1643 3081 1699 3134 δὲ
1723 3083 1789 3151 τῇ
1814 3080 1965 3133 πόλει

2062 1910 2298 1980 ingenue
2324 1908 2510 1964 dicere
2534 1905 2625 1975 (id
2655 1905 2801 1976 quod
2832 1920 2920 1961 res
2950 1903 3070 1973 est)
3101 1909 3352 1972 oportet:
3380 1902 3558 1972 major
3581 1902 3638 1956 in

2064 2000 2247 2068 hujus,
2282 2013 2447 2069 quam
2489 1999 2543 2053 in
2580 1997 2797 2052 illorum
2840 1994 2988 2050 facto
3033 1994 3351 2061 humanitas
3387 2001 3495 2057 est,
3541 2007 3640 2063 per

2062 2090 2211 2160 quod
2243 2090 2396 2145 salus
2426 2089 2629 2145 accolis
2651 2089 2706 2142 in
2744 2093 2866 2141 tuto
2899 2086 3165 2141 collocata
3192 2094 3296 2151 est,
3342 2100 3467 2140 cum
3498 2100 3640 2156 aqua

2062 2180 2212 2235 circa
2260 2179 2406 2234 illam
2453 2186 2660 2249 partem
2707 2176 2949 2232 ﬂuminis
2986 2178 3156 2233 semel
3195 2177 3435 2232 coercita
3474 2184 3641 2246 atque

2062 2282 2315 2338 repressa
2358 2267 2522 2325 etiam
2557 2267 2612 2322 in
2664 2275 2942 2336 posterqu
2989 2270 3351 2337 permanserit
3384 2266 3635 2320 immota.

2062 2358 2423 2428 Posteaquam
2474 2365 2661 2431 autem
2714 2356 2983 2427 ejusmodi
3041 2358 3467 2421 miraculorum,
3513 2371 3641 2427 quae

2065 2451 2267 2507 virtute
2296 2449 2420 2505 ﬁdei
2449 2449 2503 2504 in
2533 2449 2813 2505 Christum
2848 2448 2966 2504 ﬁeri
2989 2448 3375 2513 credebantur,
3401 2448 3547 2502 fama
3583 2449 3642 2503 in

2065 2556 2255 2598 omnes
2305 2549 2493 2611 partes
2551 2541 2798 2613 regionis
2849 2539 3202 2604 dimanante,
3255 2555 3449 2596 oumes
3494 2540 3642 2595 illius

2067 2634 2214 2699 ﬁdei,
2242 2648 2363 2704 qua:
2395 2634 2587 2687 talium
2624 2633 3018 2688 miraculorum
3046 2632 3361 2687 testimonio
3390 2647 3644 2703 compro-

2065 2726 2316 2786 baretur,
2356 2723 2651 2794 participes
2683 2739 2807 2780 esse
2831 2722 3147 2793 cupiebant,
3184 2731 3240 2778 et
3272 2724 3474 2793 ubique
3501 2738 3643 2794 pra!-

2066 2817 2274 2873 dieatio
2316 2815 2669 2885 procedebat,
2711 2816 3035 2886 mysterium
3070 2815 3379 2884 (strenue)
3413 2830 3642 2871 exerce-

2066 2907 2264 2969 batur,
2310 2904 2556 2960 studium
2606 2904 2735 2959 boui
2788 2903 3217 2958 intendebatur:
3251 2903 3453 2974 quippe
3500 2905 3643 2974 apud

2068 3011 2260 3051 omnes
2295 2995 2666 3051 sacerdotium
2716 2995 3191 3060 constituebatur,
3223 3003 3283 3050 ut
3314 3011 3412 3066 per
3453 2996 3646 3051 omnia

2072 3086 2205 3141 ﬁdes
2249 3094 2523 3141 cresceret
2562 3093 2617 3140 et
2661 3092 2956 3153 augeretur
2985 3104 2998 3140 :
3032 3085 3241 3140 idcirco
3305 3101 3370 3140 ex
3411 3085 3646 3142 ﬁnitima

389 3174 646 3243 τοῦνομα,
679 3168 713 3248 ᾖ
748 3173 1139 3243 ἐπιξενωθῆναι
1167 3174 1256 3227 τὸν
1282 3173 1454 3245 μέγαν
1482 3174 1665 3244 ἠξίουν
1698 3172 1967 3241 πανδημεὶ

2073 3158 2310 3246 quadam
2336 3179 2561 3232 civitate
2586 3177 2822 3232 mittitur
2844 3177 2910 3231 ad
2938 3192 3063 3232 eum
3101 3177 3319 3247 legatio,
3354 3189 3413 3232 ut
3434 3179 3648 3243 veniret

399 3266 600 3330 πάντες
637 3266 736 3336 τὴν
761 3266 922 3336 χάριν
946 3266 1275 3335 αἰτούμενοι.

2077 3267 2143 3321 ad
2180 3268 2350 3336 ipsos,
2375 3278 2428 3321 et
2461 3267 2788 3329 Ecclesiam,
2814 3282 2937 3337 qua:
2969 3276 3115 3322 esset
3144 3268 3287 3335 apud
3316 3282 3433 3331 eos,
3467 3283 3650 3324 sacer-

392 3366 520 3416 dote
552 3360 844 3430 designato
883 3362 1265 3415 constitueret.
1307 3359 1551 3414 Cumana
1589 3367 1770 3414 autem
1820 3360 2032 3414 civitati
2066 3377 2265 3417 nomen
2334 3370 2451 3416 erat
2488 3380 2500 3414 :
2572 3361 2732 3433 cujus
2755 3364 2832 3431 ξυι
2897 3362 3098 3431 hospes
3162 3376 3395 3431 magnus
3432 3362 3535 3418 iste
3564 3366 3651 3418 vir

393 3472 519 3513 esse
558 3457 759 3518 vellet,
801 3456 965 3525 vulgo
1015 3470 1210 3510 omnes
1265 3455 1408 3509 banc
1444 3456 1656 3508 veniam
1706 3455 1810 3508 sibi
1849 3455 1969 3509 dari
2012 3465 2258 3526 petentes
2287 3456 2539 3512 orabant.

466 3549 759 3617 Γενόμενος
804 3546 980 3599 τοίνυν
1039 3546 1169 3618 παρ’
1219 3546 1403 3609 αὐτοῖς
1444 3545 1539 3599 καὶ
1603 3544 1976 3614 συνδιαγαγὼν

396 3640 614 3710 ἡμέρας
644 3638 815 3701 τινὰς,
848 3636 943 3689 καὶ
977 3635 1175 3705 μᾶλλον
1198 3636 1379 3698 αὐτοῖς
1403 3634 1499 3704 τὴν
1524 3633 1651 3704 περὶ
1681 3634 1742 3686 τὸ
1776 3636 1979 3705 μυστή-

399 3748 511 3801 ριον
552 3729 844 3799 ἐπιθυμίαν
876 3728 1080 3798 ἐξάψας
1117 3722 1198 3790 οἷς
1232 3728 1406 3781 ἐποίει
1426 3743 1487 3779 τε
1520 3727 1613 3779 καὶ
1647 3726 1975 3795 ἐφθέγγετο·

396 3820 581 3892 ἐπειδὴ
611 3820 798 3893 καιρὸς
821 3817 889 3890 ἦν
917 3820 1013 3873 καὶ
1040 3820 1140 3890 τὴν
1170 3818 1467 3891 πρεσϐείαν
1496 3819 1674 3873 αὐτῶν
1696 3821 1775 3882 εἰς
1806 3819 1976 3889 πέρας

396 3909 589 3965 ἐλθεῖν.
616 3910 709 3962 καὶ
734 3909 1116 3978 ἀναδειχθῆναι
1138 3925 1258 3961 τινα
1282 3908 1380 3977 τῆς
1400 3908 1529 3979 παρ’
1552 3907 1734 3970 αὐτοῖς
1750 3905 1972 3976 Ἐκκλη-

401 3999 522 4060 σίας
540 3997 802 4069 ἀρχιερέα
822 4013 835 4027 ·
862 3997 980 4049 τότε
1009 3997 1116 4049 τῶν
1143 3997 1240 4067 μὲν
1261 3999 1318 4049 ὲν
1338 3996 1481 4049 τέλει
1511 3997 1729 4050 πάντων
1756 3998 1809 4049 al
1832 3995 1972 4065 γνῶ-

404 4090 638 4158 μαιτοὺς
663 4089 915 4158 προέχειν
939 4088 1229 4152 δοκοῦντας
1246 4088 1388 4159 λόγῳ
1408 4106 1466 4141 τε
1490 4089 1585 4141 καὶ
1611 4088 1885 4156 γένει,κα“ι
1904 4088 1968 4157 τῇ

402 4179 559 4248 λοιπῇ
589 4180 916 4249 περιφανείᾳ
936 4179 1396 4250 περιειργάζοντο.
1420 4180 1608 4250 ’ῼοντο
1631 4178 1758 4248 γὰρ,
1785 4177 1971 4247 ἐπειδὴ

404 4269 691 4322 καὶταῦτα
714 4269 844 4341 περὶ
867 4269 957 4321 τὸν
991 4269 1163 4339 μέγαν
1180 4269 1474 4339 Γρηγὸριον
1496 4265 1583 4339 ἦν,
1611 4270 1743 4339 μηδὲ
1768 4268 1972 4320 τούτων

403 4360 512 4414 δεῖν
546 4360 772 4430 ἄμοιρον
803 4357 975 4427 εἶναι,
1008 4363 1098 4415 τὸν
1144 4362 1235 4414 ἐπὶ
1275 4360 1373 4431 τὴν
1405 4361 1564 4432 χάριν
1593 4362 1795 4429 ταύτην
1822 4359 1975 4429 ἐρχὸ-

2147 3549 2285 3602 (ῖιιιιι
2332 3548 2575 3603 venisset
2622 3562 2753 3616 ergo
2782 3547 2850 3602 ad
2882 3562 3011 3614 eos,
3056 3555 3111 3603 et
3156 3548 3365 3618 aliquot
3391 3549 3512 3606 dies
3540 3565 3649 3605 una

2076 3645 2437 3694 conversatus
2470 3646 2584 3691 tum
2622 3636 2820 3703 dictis,
2853 3645 2967 3691 tum
3003 3636 3164 3692 factis
3194 3639 3308 3693 suis
3341 3639 3518 3709 magis
3553 3654 3650 3695 eo-

2075 3747 2196 3785 rum
2227 3731 2466 3786 studium
2490 3746 2617 3799 erga
2646 3731 2963 3802 mysterium
2996 3730 3354 3798 incendisset,
3383 3747 3512 3787 cum
3534 3731 3648 3802 jam

2077 3831 2292 3891 tempus
2337 3828 2485 3876 esset
2538 3820 2708 3875 etiam
2763 3820 2816 3874 id
2874 3821 3188 3891 negotium,
3241 3829 3465 3890 propter
3498 3822 3649 3891 quod

2079 3911 2239 3982 legati
2283 3910 2352 3965 ad
2388 3927 2511 3966 eum
2559 3910 2715 3965 missi
2758 3917 2936 3976 erant,
2978 3910 3046 3965 ad
3075 3912 3284 3965 exitum
3318 3911 3647 3976 deducendi,

2076 4018 2140 4055 ac
2171 4000 2498 4072 designandi
2533 4000 2769 4068 aliquem
2814 4014 3003 4054 eorum
3038 3999 3297 4056 Ecclesia:
3328 4002 3650 4071 primarium

2075 4093 2417 4147 sacerdotem
2455 4106 2468 4141 :
2506 4097 2636 4143 tunc
2671 4089 2980 4159 principum
3022 4090 3245 4160 quidem
3281 4099 3336 4144 et
3361 4092 3653 4161 magistra-

2076 4194 2229 4238 tuum
2256 4182 2499 4237 civitatis
2534 4181 2781 4236 omnium
2817 4183 3101 4237 sentcntiae
3141 4184 3196 4237 in
3228 4184 3332 4239 hoc
3373 4196 3653 4255 occupata:

2077 4284 2253 4339 erant,
2286 4282 2346 4327 ut
2384 4272 2546 4327 anxie
2587 4282 2753 4342 atque
2784 4273 3005 4329 curiose
3043 4274 3387 4344 inquirerent
3416 4290 3481 4330 ac
3512 4277 3653 4330 scis-

2081 4365 2404 4431 citarentur,
2438 4364 2532 4433 qui
2561 4365 2897 4434 eloquentia,
2924 4365 3016 4434 qui
3057 4382 3281 4436 genere,
3326 4368 3653 4437 reliquoque

410 4468 589 4521 μενον.
622 4452 865 4523 Πολλαχῆ
892 4453 948 4506 δέ
972 4456 1092 4517 ταῖς
1119 4452 1319 4524 ψήφοις
1348 4452 1740 4523 μεριζομένων,
1773 4452 1866 4505 καὶ
1896 4450 1967 4506 άλι

2083 4457 2208 4511 vitae
2237 4455 2532 4526 splendore
2567 4464 2798 4511 caeteros
2822 4457 3129 4525 praecedere
3160 4458 3454 4513 videretur.
3487 4457 3656 4513 Puta-

407 4544 513 4596 λων
543 4543 698 4596 ἄλλον
726 4546 1191 4616 προαιρουμένων,
1224 4545 1486 4614 ἀνέμενεν
1527 4548 1555 4597 ὁ
1597 4545 1768 4614 μέγας
1795 4543 1978 4597 θεόθεν

408 4633 559 4704 αὐτῷ
590 4635 841 4701 γενέσθαι
861 4636 983 4689 τινὰ
1008 4637 1144 4706 πρὸς
1178 4635 1239 4689 τὸ
1270 4635 1625 4706 προκείμενον
1648 4634 1974 4705 συμϐουλήν.

409 4727 519 4780 Καὶ
533 4725 715 4789 καθὼς
727 4729 755 4780 ὁ
771 4727 1021 4796 Σαμουὴλ
1036 4726 1453 4797 μνημονεύεται,
1476 4726 1550 4796 μὴ
1564 4726 1978 4795 καταπλαγῆναι

411 4821 603 4884 κάλλος
639 4822 906 4889 σωμάτων
943 4820 1039 4873 καὶ
1081 4820 1306 4889 μέγεθος
1349 4822 1405 4873 ἐν
1446 4822 1511 4890 τῇ
1556 4820 1658 4889 τῆς
1706 4818 1981 4888 βασιλείας

409 4914 608 4985 κρίσει,
636 4913 770 4965 ἀλλὰ
794 4910 970 4981 ψυχὴν
987 4909 1261 4979 ἐπιζητεῖν
1283 4896 1580 4980 βασιλικὴν,
1601 4912 1703 4964 κᾶν
1734 4912 1792 4963 ἐν
1814 4927 1981 4963 κατα-

410 5022 606 5075 φρονου
616 5004 760 5073 μένῳ
792 5001 1002 5072 σώματι
1029 5000 1165 5071 τύχῃ
1183 5015 1200 5030 ⁸
1245 5000 1335 5053 τὸν
1381 5001 1540 5053 αὑτὸν
1569 5001 1768 5071 τρόπον
1793 5002 1979 5054 κάκεῖ-

410 5116 526 5159 νος.
584 5098 681 5159 τὰς
727 5095 854 5166 περὶ
901 5092 1132 5146 ἐκάστου
1170 5089 1279 5143 τῶν
1321 5090 1703 5161 ἐψηφισμένων
1749 5094 1982 5157 σπουδὰς

411 5186 812 5257 παραϐλέπων,
864 5184 997 5256 πρὸς
1031 5182 1088 5235 ἓν
1138 5180 1363 5252 ἀφεώρα
1409 5181 1600 5251 μόνον,
1659 5184 1712 5234 ετ
1753 5200 1834 5247 τις
1888 5184 1981 5236 καὶ

413 5282 520 5347 πρὸ
548 5280 645 5346 τῆς
671 5275 1059 5347 ἀνακηρύξεως
1079 5314 1094 5337 ,
1143 5273 1210 5326 δι’
1243 5272 1559 5343 ἐπιμελείας
1587 5272 1701 5342 βίου
1731 5274 1823 5326 καὶ
1855 5275 1983 5346 ἀρε-

411 5369 533 5438 τῆς,
554 5372 612 5421 ἐν
643 5369 721 5437 τῷ
740 5370 928 5440 τρόπῳ
953 5367 1049 5436 τὴν
1081 5365 1378 5437 ἱερωσύνην
1399 5365 1576 5434 φέροι.
1618 5366 1705 5428 Ὠς
1727 5366 1780 5420 δὲ
1802 5366 1851 5418 οἱ
1886 5368 1983 5436 μὲν

414 5460 662 5531 παρῆγον
693 5462 817 5522 τοὺς
847 5458 1324 5529 ὑπεψηφισμένους
1372 5458 1483 5526 μετ’
1517 5457 1828 5526 ἐγκωμίων,
1850 5457 1983 5510 ἐκα-

418 5569 541 5615 στος
568 5553 658 5605 τὸν
690 5554 820 5622 παρ’
866 5551 1032 5605 αὑτοῦ
1073 5548 1536 5622 προϐαλλόμενος,
1585 5549 1614 5599 ό
1642 5548 1694 5599 δὲ
1722 5549 1815 5600 καὶ
1848 5548 1984 5618 πρὸς

417 5643 542 5704 τοὺς
570 5641 981 5711 εὐτελεστέρους
1009 5639 1149 5692 κατὰ
1182 5636 1355 5690 τὸτοῦ
1392 5636 1506 5706 βίου
1541 5634 1727 5704 σχῆμα
1768 5634 1984 5705 βλέπειν

419 5730 698 5785 ἐκελεύετο
744 5729 993 5798 (δυνατὸν
1042 5726 1149 5797 γὰρ
1176 5720 1313 5778 εἶναι
1359 5726 1452 5778 καὶ
1482 5726 1538 5777 ἐν
1580 5726 1691 5786 τοῖς
1726 5726 1983 5785 τοιούτοις

2081 4546 2213 4599 bant
2249 4544 2419 4605 enim,
2456 4545 2712 4615 quoniam
2750 4545 2913 4599 etiam
2942 4545 3028 4600 bis
3066 4545 3223 4600 bonis
3252 4561 3482 4615 magnus
3515 4547 3654 4603 Gre-

2079 4639 2269 4706 gorius
2312 4635 2626 4690 cumulatus
2671 4643 2818 4700 erat,
2861 4650 2963 4690 nec
2990 4649 3182 4690 earum
3220 4636 3441 4706 quidem
3467 4652 3653 4692 rerum

2081 4731 2337 4795 Oportere
2366 4734 2641 4793 expertem
2670 4739 2821 4789 esse,
2857 4725 2949 4794 qui
2977 4724 3046 4778 ad
3079 4724 3185 4779 hoc
3211 4740 3411 4781 munus
3445 4726 3655 4797 delige-

2080 4826 2254 4870 retur.
2284 4815 2420 4869 Cum
2445 4823 2627 4868 autem
2661 4814 2714 4867 in
2744 4816 2944 4871 multas
2977 4823 3160 4885 partes
3194 4815 3471 4887 sullragiis
3505 4819 3656 4872 scin-

2082 4906 2364 4969 dcrentur,
2387 4917 2437 4959 et
2457 4907 2546 4959 alii
2567 4907 2732 4959 alium
2752 4914 3116 4975 praeoptarent
3131 4915 3293 4974 atque
3309 4907 3651 4976 praeferrent,

2081 4998 2435 5067 exspectabat
2468 4997 2559 5052 ille
2589 4997 2671 5049 vir
2704 5012 2936 5066 magnus
2981 4996 3248 5051 divinitus
3293 4997 3512 5065 aliquod
3546 5000 3653 5054 sibi

2084 5091 2378 5145 consilium
2411 5088 2477 5143 ad
2505 5089 2848 5159 propositum
2880 5088 3154 5156 negotiqu
3184 5089 3540 5156 suppeditari.
3575 5091 3654 5145 Ac

2083 5179 2545 5250 quemadmodqu
2579 5178 2798 5233 Samuel
2828 5180 2882 5232 in
2908 5178 3157 5247 eligendo
3186 5193 3312 5248 rege
3344 5178 3517 5234 fertur
3544 5198 3652 5236 non

2084 5270 2492 5341 pulchritudine
2545 5285 2644 5323 nec
2693 5268 3071 5339 magnitudine
3121 5282 3412 5337 corporum
3472 5280 3655 5326 motus

2084 5375 2229 5422 esse,
2275 5358 2369 5414 sed
2412 5358 2657 5411 animum
2695 5359 2902 5426 regium
2936 5358 3316 5427 requisivisse,
3350 5360 3565 5415 etiamsi
3601 5361 3656 5416 in

2086 5455 2402 5517 contempto
2434 5446 2575 5499 forte
2605 5459 2837 5515 corpore
2874 5448 3204 5516 reperiretur
3234 5467 3247 5502 :
3281 5449 3470 5504 eodem
3497 5452 3658 5504 modo

2086 5540 2251 5593 etiam
2295 5536 2408 5598 ille,
2446 5534 2645 5590 studiis
2687 5549 2814 5604 erga
2842 5550 3283 5605 unumquemque
3308 5550 3521 5601 eorum,
3559 5538 3653 5605 qui

2086 5631 2534 5693 destinabantur,
2580 5627 2879 5699 neglectis,
2911 5627 2961 5681 id
2991 5644 3158 5682 unum
3195 5628 3460 5682 duntaxat
3494 5643 3652 5697 spec-

2086 5721 2271 5785 tabat,
2315 5734 2381 5773 au
2421 5717 2619 5790 aliquis
2660 5718 2824 5773 etiam
2867 5725 2993 5773 ante
3030 5718 3456 5774 declarationem
3488 5717 3621 5771 indu
