  <div class='ocr_page' id='page_1' title='image "/cluster/home/n/w/nwhite01/storage/ocr_20150623/46/nnc1.0046978380/475.png"; bbox 0 0 4092 6368; ppageno 0'>
   <div class='ocr_carea' id='block_1_1' title="bbox 467 357 3715 433">
    <p class='ocr_par' dir='ltr' id='par_1_1' title="bbox 467 357 3715 433">
     <span class='ocr_line' id='line_1_1' title="bbox 467 357 3715 433; baseline -0.005 -1"><span class='ocrx_word' id='word_1_1' title='bbox 467 379 572 433; x_wconf 70' lang='lat'><strong>935</strong></span> <span class='ocrx_word' id='word_1_2' title='bbox 1707 373 1766 429; x_wconf 90' lang='lat' dir='ltr'><strong>S.</strong></span> <span class='ocrx_word' id='word_1_3' title='bbox 1804 361 2127 426; x_wconf 79' lang='lat' dir='ltr'><strong>GREGOiill</strong></span> <span class='ocrx_word' id='word_1_4' title='bbox 2164 359 2455 426; x_wconf 71' lang='lat' dir='ltr'><strong>NYSSENI</strong></span> <span class='ocrx_word' id='word_1_5' title='bbox 3607 357 3715 417; x_wconf 71' lang='lat'><strong>956</strong></span> 
     </span>
    </p>
   </div>
   <div class='ocr_carea' id='block_1_2' title="bbox 466 472 2048 560">
    <p class='ocr_par' dir='ltr' id='par_1_2' title="bbox 466 485 2031 560">
     <span class='ocr_line' id='line_1_2' title="bbox 466 485 2031 560; baseline -0.005 -14"><span class='ocrx_word' id='word_1_6' title='bbox 466 490 602 547; x_wconf 84' lang='lat' dir='ltr'><strong>stria</strong></span> <span class='ocrx_word' id='word_1_7' title='bbox 643 489 767 544; x_wconf 60' lang='lat' dir='ltr'><strong>sitae</strong></span> <span class='ocrx_word' id='word_1_8' title='bbox 815 497 980 560; x_wconf 87' lang='lat' dir='ltr'><strong>atque</strong></span> <span class='ocrx_word' id='word_1_9' title='bbox 1029 485 1232 543; x_wconf 86' lang='lat' dir='ltr'><strong>virtute</strong></span> <span class='ocrx_word' id='word_1_10' title='bbox 1263 487 1318 541; x_wconf 92' lang='lat' dir='ltr'><strong>in</strong></span> <span class='ocrx_word' id='word_1_11' title='bbox 1366 486 1612 542; x_wconf 89' lang='lat' dir='ltr'><strong>moribus</strong></span> <span class='ocrx_word' id='word_1_12' title='bbox 1665 485 2031 541; x_wconf 86' lang='lat' dir='ltr'><strong>sacerdotium</strong></span> 
     </span>
    </p>
   </div>
   <div class='ocr_carea' id='block_1_3' title="bbox 2149 472 3715 560">
    <p class='ocr_par' dir='ltr' id='par_1_3' title="bbox 2149 472 3715 553">
     <span class='ocr_line' id='line_1_3' title="bbox 2149 472 3715 553; baseline -0.006 -17"><span class='ocrx_word' id='word_1_13' title='bbox 2149 481 2427 553; x_wconf 80' lang='grc' dir='ltr'>εὑρεθῆναί</span> <span class='ocrx_word' id='word_1_14' title='bbox 2463 495 2584 535; x_wconf 89' lang='grc' dir='ltr'>τινα</span> <span class='ocrx_word' id='word_1_15' title='bbox 2633 473 2742 533; x_wconf 75' lang='grc' dir='ltr'><strong>τῶν</strong></span> <span class='ocrx_word' id='word_1_16' title='bbox 2782 477 3256 549; x_wconf 83' lang='grc' dir='ltr'>περιφανεστέρων</span> <span class='ocrx_word' id='word_1_17' title='bbox 3298 474 3378 546; x_wconf 80' lang='grc' dir='ltr'><strong>τῷ</strong></span> <span class='ocrx_word' id='word_1_18' title='bbox 3425 472 3523 544; x_wconf 81' lang='grc' dir='ltr'><strong>βιῳ</strong></span> <span class='ocrx_word' id='word_1_19' title='bbox 3573 472 3715 527; x_wconf 79' lang='grc' dir='ltr'><strong>κατά</strong></span> 
     </span>
    </p>
   </div>
   <div class='ocr_carea' id='block_1_4' title="bbox 464 559 2048 653">
    <p class='ocr_par' dir='ltr' id='par_1_4' title="bbox 464 576 2038 653">
     <span class='ocr_line' id='line_1_4' title="bbox 464 576 2038 653; baseline -0.003 -17"><span class='ocrx_word' id='word_1_20' title='bbox 464 586 725 653; x_wconf 74' lang='lat' dir='ltr'><strong>gestaret.</strong></span> <span class='ocrx_word' id='word_1_21' title='bbox 763 579 898 635; x_wconf 90' lang='lat' dir='ltr'><strong>Cum</strong></span> <span class='ocrx_word' id='word_1_22' title='bbox 951 588 1132 634; x_wconf 87' lang='lat' dir='ltr'><strong>autem</strong></span> <span class='ocrx_word' id='word_1_23' title='bbox 1175 577 1254 632; x_wconf 87' lang='lat' dir='ltr'><strong>illi</strong></span> <span class='ocrx_word' id='word_1_24' title='bbox 1299 576 1520 646; x_wconf 85' lang='lat' dir='ltr'><strong>quidem</strong></span> <span class='ocrx_word' id='word_1_25' title='bbox 1551 577 1914 646; x_wconf 88' lang='lat' dir='ltr'><strong>producerent</strong></span> <span class='ocrx_word' id='word_1_26' title='bbox 1942 589 2038 631; x_wconf 85' lang='lat' dir='ltr'><strong>eos</strong></span> 
     </span>
    </p>
   </div>
   <div class='ocr_carea' id='block_1_5' title="bbox 2149 559 3714 653">
    <p class='ocr_par' dir='ltr' id='par_1_5' title="bbox 2149 559 3714 642">
     <span class='ocr_line' id='line_1_5' title="bbox 2149 559 3714 642; baseline -0.006 -16"><span class='ocrx_word' id='word_1_27' title='bbox 2149 572 2228 626; x_wconf 79' lang='grc' dir='ltr'><strong>ιον</strong></span> <span class='ocrx_word' id='word_1_28' title='bbox 2251 572 2478 626; x_wconf 75' lang='grc' dir='ltr'>πλοῦτον</span> <span class='ocrx_word' id='word_1_29' title='bbox 2505 571 2606 641; x_wconf 83' lang='grc' dir='ltr'>τῆς</span> <span class='ocrx_word' id='word_1_30' title='bbox 2625 570 2803 642; x_wconf 78' lang='grc' dir='ltr'>ψυχῆς</span> <span class='ocrx_word' id='word_1_31' title='bbox 2831 571 3207 641; x_wconf 80' lang='grc' dir='ltr'><strong>ὑψηλότερον),</strong></span> <span class='ocrx_word' id='word_1_32' title='bbox 3244 567 3404 639; x_wconf 71' lang='grc' dir='ltr'>ὓϐριν</span> <span class='ocrx_word' id='word_1_33' title='bbox 3440 559 3596 637; x_wconf 72' lang='grc' dir='ltr'>ᾠήθη</span> <span class='ocrx_word' id='word_1_34' title='bbox 3627 581 3714 629; x_wconf 87' lang='grc' dir='ltr'><strong>τις</strong></span> 
     </span>
    </p>
   </div>
   <div class='ocr_carea' id='block_1_6' title="bbox 468 657 2048 742">
    <p class='ocr_par' dir='ltr' id='par_1_6' title="bbox 468 665 2038 742">
     <span class='ocr_line' id='line_1_6' title="bbox 468 665 2038 742; baseline -0.003 -16"><span class='ocrx_word' id='word_1_35' title='bbox 468 675 534 726; x_wconf 89' lang='lat' dir='ltr'><strong>de</strong></span> <span class='ocrx_word' id='word_1_36' title='bbox 560 672 760 742; x_wconf 83' lang='lat' dir='ltr'><strong>quibus</strong></span> <span class='ocrx_word' id='word_1_37' title='bbox 793 670 1115 741; x_wconf 79' lang='lat' dir='ltr'><strong>Suffragium</strong></span> <span class='ocrx_word' id='word_1_38' title='bbox 1158 668 1414 734; x_wconf 83' lang='lat' dir='ltr'><strong>ferretur,</strong></span> <span class='ocrx_word' id='word_1_39' title='bbox 1454 682 1617 738; x_wconf 89' lang='lat' dir='ltr'><strong>quem</strong></span> <span class='ocrx_word' id='word_1_40' title='bbox 1649 665 1887 738; x_wconf 89' lang='lat' dir='ltr'><strong>quisque</strong></span> <span class='ocrx_word' id='word_1_41' title='bbox 1913 679 2038 736; x_wconf 70' lang='lat' dir='ltr'><strong>pro~</strong></span> 
     </span>
    </p>
   </div>
   <div class='ocr_carea' id='block_1_7' title="bbox 2149 657 3716 742">
    <p class='ocr_par' dir='ltr' id='par_1_7' title="bbox 2149 657 3716 732">
     <span class='ocr_line' id='line_1_7' title="bbox 2149 657 3716 732; baseline -0.005 -17"><span class='ocrx_word' id='word_1_42' title='bbox 2149 663 2245 716; x_wconf 80' lang='grc' dir='ltr'><strong>τῶν</strong></span> <span class='ocrx_word' id='word_1_43' title='bbox 2297 661 2712 732; x_wconf 83' lang='grc' dir='ltr'><strong>προεστηκότων</strong></span> <span class='ocrx_word' id='word_1_44' title='bbox 2757 661 2858 732; x_wconf 83' lang='grc' dir='ltr'>τῆς</span> <span class='ocrx_word' id='word_1_45' title='bbox 2897 662 3078 732; x_wconf 75' lang='grc' dir='ltr'>ψήφου</span> <span class='ocrx_word' id='word_1_46' title='bbox 3119 659 3215 714; x_wconf 75' lang='grc' dir='ltr'><strong>καὶ</strong></span> <span class='ocrx_word' id='word_1_47' title='bbox 3265 658 3571 728; x_wconf 77' lang='grc' dir='ltr'><strong>χλευασμὸν</strong></span> <span class='ocrx_word' id='word_1_48' title='bbox 3614 657 3716 728; x_wconf 83' lang='grc' dir='ltr'>τὴν</span> 
     </span>
    </p>
   </div>
   <div class='ocr_carea' id='block_1_8' title="bbox 469 745 2048 830">
    <p class='ocr_par' dir='ltr' id='par_1_8' title="bbox 469 757 2037 830">
     <span class='ocr_line' id='line_1_8' title="bbox 469 757 2037 830; baseline -0.004 -12"><span class='ocrx_word' id='word_1_49' title='bbox 469 773 711 818; x_wconf 89' lang='lat' dir='ltr'><strong>moveret</strong></span> <span class='ocrx_word' id='word_1_50' title='bbox 761 762 882 830; x_wconf 77' lang='lat' dir='ltr'><strong>ejus</strong></span> <span class='ocrx_word' id='word_1_51' title='bbox 940 759 1298 814; x_wconf 82' lang='lat' dir='ltr'><strong>honorificam</strong></span> <span class='ocrx_word' id='word_1_52' title='bbox 1355 761 1690 814; x_wconf 79' lang='lat' dir='ltr'><strong>mentionem</strong></span> <span class='ocrx_word' id='word_1_53' title='bbox 1745 757 2037 823; x_wconf 73' lang='lat' dir='ltr'><strong>facientes,</strong></span> 
     </span>
    </p>
   </div>
   <div class='ocr_carea' id='block_1_9' title="bbox 2149 745 3716 830">
    <p class='ocr_par' dir='ltr' id='par_1_9' title="bbox 2149 745 3716 822">
     <span class='ocr_line' id='line_1_9' title="bbox 2149 745 3716 822; baseline -0.003 -18"><span class='ocrx_word' id='word_1_54' title='bbox 2149 751 2392 822; x_wconf 82' lang='grc' dir='ltr'>τοιαύτην</span> <span class='ocrx_word' id='word_1_55' title='bbox 2433 750 2528 805; x_wconf 80' lang='grc' dir='ltr'><strong>τοῦ</strong></span> <span class='ocrx_word' id='word_1_56' title='bbox 2571 752 2807 822; x_wconf 81' lang='grc' dir='ltr'><strong>μεγάλου</strong></span> <span class='ocrx_word' id='word_1_57' title='bbox 2849 751 3060 820; x_wconf 85' lang='grc' dir='ltr'>κρίσιν,</span> <span class='ocrx_word' id='word_1_58' title='bbox 3093 753 3164 816; x_wconf 80' lang='grc' dir='ltr'><strong>εἱ,</strong></span> <span class='ocrx_word' id='word_1_59' title='bbox 3209 745 3454 820; x_wconf 81' lang='grc' dir='ltr'>τῷλόγῳ</span> <span class='ocrx_word' id='word_1_60' title='bbox 3497 747 3593 802; x_wconf 71' lang='lat' dir='ltr'><strong>mi.</strong></span> <span class='ocrx_word' id='word_1_61' title='bbox 3635 747 3716 817; x_wconf 82' lang='grc' dir='ltr'>τῷ</span> 
     </span>
    </p>
   </div>
   <div class='ocr_carea' id='block_1_10' title="bbox 471 838 2048 922">
    <p class='ocr_par' dir='ltr' id='par_1_10' title="bbox 471 849 2040 922">
     <span class='ocr_line' id='line_1_10' title="bbox 471 849 2040 922; baseline -0.004 -16"><span class='ocrx_word' id='word_1_62' title='bbox 471 865 632 922; x_wconf 89' lang='lat' dir='ltr'><strong>atque</strong></span> <span class='ocrx_word' id='word_1_63' title='bbox 660 853 767 917; x_wconf 91' lang='lat' dir='ltr'><strong>hic,</strong></span> <span class='ocrx_word' id='word_1_64' title='bbox 793 861 853 904; x_wconf 91' lang='lat' dir='ltr'><strong>ut</strong></span> <span class='ocrx_word' id='word_1_65' title='bbox 885 853 1047 906; x_wconf 89' lang='lat' dir='ltr'><strong>etiam</strong></span> <span class='ocrx_word' id='word_1_66' title='bbox 1077 849 1332 904; x_wconf 87' lang='lat' dir='ltr'><strong>viliorum</strong></span> <span class='ocrx_word' id='word_1_67' title='bbox 1361 849 1530 919; x_wconf 84' lang='lat' dir='ltr'><strong>(quod</strong></span> <span class='ocrx_word' id='word_1_68' title='bbox 1561 849 1628 905; x_wconf 91' lang='lat' dir='ltr'><strong>ad</strong></span> <span class='ocrx_word' id='word_1_69' title='bbox 1657 849 1779 903; x_wconf 70' lang='lat' dir='ltr'><strong>vitae</strong></span> <span class='ocrx_word' id='word_1_70' title='bbox 1805 849 2040 919; x_wconf 73' lang='lat' dir='ltr'><strong>Speciem</strong></span> 
     </span>
    </p>
   </div>
   <div class='ocr_carea' id='block_1_11' title="bbox 2149 838 3716 922">
    <p class='ocr_par' dir='ltr' id='par_1_11' title="bbox 2149 838 3716 913">
     <span class='ocr_line' id='line_1_11' title="bbox 2149 838 3716 913; baseline -0.001 -19"><span class='ocrx_word' id='word_1_71' title='bbox 2149 840 2409 913; x_wconf 75' lang='grc' dir='ltr'>ἀξιώματι</span> <span class='ocrx_word' id='word_1_72' title='bbox 2449 842 2544 894; x_wconf 75' lang='grc' dir='ltr'>καὶ</span> <span class='ocrx_word' id='word_1_73' title='bbox 2586 845 2650 913; x_wconf 80' lang='grc' dir='ltr'><strong>τῇ</strong></span> <span class='ocrx_word' id='word_1_74' title='bbox 2689 843 2988 913; x_wconf 80' lang='grc' dir='ltr'><strong>φαινομένῃ</strong></span> <span class='ocrx_word' id='word_1_75' title='bbox 3021 839 3116 894; x_wconf 82' lang='grc' dir='ltr'><strong>τοῦ</strong></span> <span class='ocrx_word' id='word_1_76' title='bbox 3164 839 3279 910; x_wconf 87' lang='grc' dir='ltr'>βίου</span> <span class='ocrx_word' id='word_1_77' title='bbox 3312 838 3587 912; x_wconf 74' lang='grc' dir='ltr'><strong>μαρτυρίᾳ</strong></span> <span class='ocrx_word' id='word_1_78' title='bbox 3624 855 3716 893; x_wconf 80' lang='grc' dir='ltr'><strong>κε·</strong></span> 
     </span>
    </p>
   </div>
   <div class='ocr_carea' id='block_1_12' title="bbox 472 941 2043 1010">
    <p class='ocr_par' dir='ltr' id='par_1_12' title="bbox 472 941 2043 1010">
     <span class='ocr_line' id='line_1_12' title="bbox 472 941 2043 1010; baseline -0.001 -14"><span class='ocrx_word' id='word_1_79' title='bbox 472 942 686 1010; x_wconf 84' lang='lat' dir='ltr'><strong>attinet)</strong></span> <span class='ocrx_word' id='word_1_80' title='bbox 733 945 997 997; x_wconf 86' lang='lat' dir='ltr'><strong>rationem</strong></span> <span class='ocrx_word' id='word_1_81' title='bbox 1047 941 1316 996; x_wconf 87' lang='lat' dir='ltr'><strong>haberent</strong></span> <span class='ocrx_word' id='word_1_82' title='bbox 1355 954 1452 997; x_wconf 89' lang='lat' dir='ltr'><strong>cos</strong></span> <span class='ocrx_word' id='word_1_83' title='bbox 1495 941 1810 996; x_wconf 79' lang='lat' dir='ltr'><strong>hortaretur</strong></span> <span class='ocrx_word' id='word_1_84' title='bbox 1859 944 2043 1009; x_wconf 83' lang='lat' dir='ltr'><strong>(posse</strong></span> 
     </span>
    </p>
   </div>
   <div class='ocr_carea' id='block_1_13' title="bbox 470 1031 2041 1102">
    <p class='ocr_par' dir='ltr' id='par_1_13' title="bbox 470 1031 2041 1102">
     <span class='ocr_line' id='line_1_13' title="bbox 470 1031 2041 1102; baseline -0.001 -15"><span class='ocrx_word' id='word_1_85' title='bbox 470 1033 618 1087; x_wconf 90' lang='lat' dir='ltr'><strong>enim</strong></span> <span class='ocrx_word' id='word_1_86' title='bbox 663 1033 826 1087; x_wconf 86' lang='lat' dir='ltr'><strong>etiam</strong></span> <span class='ocrx_word' id='word_1_87' title='bbox 874 1034 927 1086; x_wconf 92' lang='lat' dir='ltr'><strong>in</strong></span> <span class='ocrx_word' id='word_1_88' title='bbox 965 1031 1165 1087; x_wconf 78' lang='lat' dir='ltr'><strong>talibus</strong></span> <span class='ocrx_word' id='word_1_89' title='bbox 1195 1033 1423 1102; x_wconf 88' lang='lat' dir='ltr'><strong>reperiri</strong></span> <span class='ocrx_word' id='word_1_90' title='bbox 1455 1031 1712 1101; x_wconf 84' lang='lat' dir='ltr'><strong>aliquem,</strong></span> <span class='ocrx_word' id='word_1_91' title='bbox 1753 1031 1845 1101; x_wconf 87' lang='lat' dir='ltr'><strong>qui</strong></span> <span class='ocrx_word' id='word_1_92' title='bbox 1875 1032 2041 1085; x_wconf 86' lang='lat' dir='ltr'><strong>animi</strong></span> 
     </span>
    </p>
   </div>
   <div class='ocr_carea' id='block_1_14' title="bbox 472 1120 2044 1194">
    <p class='ocr_par' dir='ltr' id='par_1_14' title="bbox 472 1120 2044 1194">
     <span class='ocr_line' id='line_1_14' title="bbox 472 1120 2044 1194; baseline -0.002 -16"><span class='ocrx_word' id='word_1_93' title='bbox 472 1124 632 1178; x_wconf 84' lang='lat' dir='ltr'><strong>bonis</strong></span> <span class='ocrx_word' id='word_1_94' title='bbox 657 1138 822 1194; x_wconf 87' lang='lat' dir='ltr'><strong>super</strong></span> <span class='ocrx_word' id='word_1_95' title='bbox 853 1139 950 1179; x_wconf 91' lang='lat' dir='ltr'><strong>eos</strong></span> <span class='ocrx_word' id='word_1_96' title='bbox 983 1120 1268 1187; x_wconf 88' lang='lat' dir='ltr'><strong>emineret,</strong></span> <span class='ocrx_word' id='word_1_97' title='bbox 1295 1125 1388 1193; x_wconf 87' lang='lat' dir='ltr'><strong>qui</strong></span> <span class='ocrx_word' id='word_1_98' title='bbox 1421 1124 1546 1178; x_wconf 68' lang='lat' dir='ltr'><strong>vita:</strong></span> <span class='ocrx_word' id='word_1_99' title='bbox 1575 1123 1870 1193; x_wconf 86' lang='lat' dir='ltr'><strong>splendore</strong></span> <span class='ocrx_word' id='word_1_100' title='bbox 1904 1137 2044 1192; x_wconf 65' lang='lat' dir='ltr'><strong>pre-</strong></span> 
     </span>
    </p>
   </div>
   <div class='ocr_carea' id='block_1_15' title="bbox 473 1211 2045 1286">
    <p class='ocr_par' dir='ltr' id='par_1_15' title="bbox 473 1211 2045 1286">
     <span class='ocr_line' id='line_1_15' title="bbox 473 1211 2045 1286; baseline -0.003 -16"><span class='ocrx_word' id='word_1_101' title='bbox 473 1217 757 1285; x_wconf 88' lang='lat' dir='ltr'><strong>starent):</strong></span> <span class='ocrx_word' id='word_1_102' title='bbox 803 1215 1025 1286; x_wconf 84' lang='lat' dir='ltr'><strong>quidam</strong></span> <span class='ocrx_word' id='word_1_103' title='bbox 1062 1229 1130 1270; x_wconf 77' lang='lat' dir='ltr'><strong>ex</strong></span> <span class='ocrx_word' id='word_1_104' title='bbox 1172 1213 1271 1278; x_wconf 89' lang='lat' dir='ltr'><strong>iis,</strong></span> <span class='ocrx_word' id='word_1_105' title='bbox 1321 1215 1412 1283; x_wconf 90' lang='lat' dir='ltr'><strong>qui</strong></span> <span class='ocrx_word' id='word_1_106' title='bbox 1453 1225 1719 1284; x_wconf 62' lang='lat' dir='ltr'><strong>praeerant</strong></span> <span class='ocrx_word' id='word_1_107' title='bbox 1773 1211 2045 1281; x_wconf 83' lang='lat' dir='ltr'><strong>suffragiis</strong></span> 
     </span>
    </p>
   </div>
   <div class='ocr_carea' id='block_1_16' title="bbox 474 1300 2044 1372">
    <p class='ocr_par' dir='ltr' id='par_1_16' title="bbox 474 1300 2044 1372">
     <span class='ocr_line' id='line_1_16' title="bbox 474 1300 2044 1372; baseline -0.001 -18"><span class='ocrx_word' id='word_1_108' title='bbox 474 1300 745 1366; x_wconf 80' lang='lat' dir='ltr'><strong>ferendis,</strong></span> <span class='ocrx_word' id='word_1_109' title='bbox 786 1317 905 1357; x_wconf 87' lang='lat' dir='ltr'><strong>eam</strong></span> <span class='ocrx_word' id='word_1_110' title='bbox 955 1304 1136 1372; x_wconf 90' lang='lat' dir='ltr'><strong>magni</strong></span> <span class='ocrx_word' id='word_1_111' title='bbox 1187 1303 1334 1357; x_wconf 89' lang='lat' dir='ltr'><strong>illius</strong></span> <span class='ocrx_word' id='word_1_112' title='bbox 1365 1301 1690 1356; x_wconf 84' lang='lat' dir='ltr'><strong>sententiam</strong></span> <span class='ocrx_word' id='word_1_113' title='bbox 1723 1313 1822 1369; x_wconf 89' lang='lat' dir='ltr'><strong>pro</strong></span> <span class='ocrx_word' id='word_1_114' title='bbox 1851 1308 2044 1354; x_wconf 83' lang='lat' dir='ltr'><strong>contu-</strong></span> 
     </span>
    </p>
   </div>
   <div class='ocr_carea' id='block_1_17' title="bbox 471 1391 2044 1463">
    <p class='ocr_par' dir='ltr' id='par_1_17' title="bbox 471 1391 2044 1463">
     <span class='ocr_line' id='line_1_17' title="bbox 471 1391 2044 1463; baseline -0.004 -15"><span class='ocrx_word' id='word_1_115' title='bbox 471 1393 637 1448; x_wconf 87' lang='lat' dir='ltr'><strong>melia</strong></span> <span class='ocrx_word' id='word_1_116' title='bbox 660 1401 825 1462; x_wconf 90' lang='lat' dir='ltr'><strong>atque</strong></span> <span class='ocrx_word' id='word_1_117' title='bbox 848 1393 1123 1448; x_wconf 90' lang='lat' dir='ltr'><strong>derisione</strong></span> <span class='ocrx_word' id='word_1_118' title='bbox 1150 1393 1378 1463; x_wconf 87' lang='lat' dir='ltr'><strong>accepit,</strong></span> <span class='ocrx_word' id='word_1_119' title='bbox 1405 1392 1475 1457; x_wconf 88' lang='lat' dir='ltr'><strong>si,</strong></span> <span class='ocrx_word' id='word_1_120' title='bbox 1501 1406 1624 1445; x_wconf 90' lang='lat' dir='ltr'><strong>cum</strong></span> <span class='ocrx_word' id='word_1_121' title='bbox 1654 1391 1838 1445; x_wconf 84' lang='lat' dir='ltr'><strong>nullus</strong></span> <span class='ocrx_word' id='word_1_122' title='bbox 1855 1399 2044 1444; x_wconf 79' lang='lat' dir='ltr'><strong>eorum</strong></span> 
     </span>
    </p>
   </div>
   <div class='ocr_carea' id='block_1_18' title="bbox 475 1480 2047 1554">
    <p class='ocr_par' dir='ltr' id='par_1_18' title="bbox 475 1480 2047 1554">
     <span class='ocr_line' id='line_1_18' title="bbox 475 1480 2047 1554; baseline -0.003 -16"><span class='ocrx_word' id='word_1_123' title='bbox 475 1485 570 1554; x_wconf 89' lang='lat' dir='ltr'><strong>qui</strong></span> <span class='ocrx_word' id='word_1_124' title='bbox 613 1492 667 1539; x_wconf 92' lang='lat' dir='ltr'><strong>et</strong></span> <span class='ocrx_word' id='word_1_125' title='bbox 704 1485 1017 1554; x_wconf 85' lang='lat' dir='ltr'><strong>eloquentia</strong></span> <span class='ocrx_word' id='word_1_126' title='bbox 1066 1495 1122 1538; x_wconf 88' lang='lat' dir='ltr'><strong>et</strong></span> <span class='ocrx_word' id='word_1_127' title='bbox 1159 1481 1425 1554; x_wconf 76' lang='lat' dir='ltr'><strong>dignitate</strong></span> <span class='ocrx_word' id='word_1_128' title='bbox 1457 1489 1510 1536; x_wconf 90' lang='lat' dir='ltr'><strong>et</strong></span> <span class='ocrx_word' id='word_1_129' title='bbox 1542 1482 1832 1536; x_wconf 83' lang='lat' dir='ltr'><strong>manifesto</strong></span> <span class='ocrx_word' id='word_1_130' title='bbox 1871 1480 2047 1535; x_wconf 88' lang='lat' dir='ltr'><strong>facul-</strong></span> 
     </span>
    </p>
   </div>
   <div class='ocr_carea' id='block_1_19' title="bbox 476 1569 2045 1640">
    <p class='ocr_par' dir='ltr' id='par_1_19' title="bbox 476 1569 2045 1640">
     <span class='ocr_line' id='line_1_19' title="bbox 476 1569 2045 1640; baseline -0.002 -16"><span class='ocrx_word' id='word_1_131' title='bbox 476 1582 646 1625; x_wconf 89' lang='lat' dir='ltr'><strong>tatum</strong></span> <span class='ocrx_word' id='word_1_132' title='bbox 689 1573 813 1625; x_wconf 67' lang='lat' dir='ltr'><strong>vitae</strong></span> <span class='ocrx_word' id='word_1_133' title='bbox 854 1571 1144 1640; x_wconf 79' lang='lat' dir='ltr'><strong>splendore</strong></span> <span class='ocrx_word' id='word_1_134' title='bbox 1188 1571 1405 1625; x_wconf 60' lang='lat' dir='ltr'><strong>caeteris</strong></span> <span class='ocrx_word' id='word_1_135' title='bbox 1451 1569 1660 1640; x_wconf 63' lang='lat' dir='ltr'><strong>praelati</strong></span> <span class='ocrx_word' id='word_1_136' title='bbox 1717 1577 1930 1628; x_wconf 74' lang='lat' dir='ltr'><strong>essent,</strong></span> <span class='ocrx_word' id='word_1_137' title='bbox 1980 1570 2045 1621; x_wconf 86' lang='lat' dir='ltr'><strong>ad</strong></span> 
     </span>
    </p>
   </div>
   <div class='ocr_carea' id='block_1_20' title="bbox 477 1659 2047 1728">
    <p class='ocr_par' dir='ltr' id='par_1_20' title="bbox 477 1659 2047 1728">
     <span class='ocr_line' id='line_1_20' title="bbox 477 1659 2047 1728; baseline -0.003 -12"><span class='ocrx_word' id='word_1_138' title='bbox 477 1661 842 1716; x_wconf 82' lang='lat' dir='ltr'><strong>sacerdotium</strong></span> <span class='ocrx_word' id='word_1_139' title='bbox 879 1662 1278 1724; x_wconf 84' lang='lat' dir='ltr'><strong>admitteretur,</strong></span> <span class='ocrx_word' id='word_1_140' title='bbox 1307 1677 1372 1715; x_wconf 79' lang='lat' dir='ltr'><strong>ex</strong></span> <span class='ocrx_word' id='word_1_141' title='bbox 1405 1660 1696 1728; x_wconf 82' lang='lat' dir='ltr'><strong>opificibus</strong></span> <span class='ocrx_word' id='word_1_142' title='bbox 1727 1659 2047 1721; x_wconf 88' lang='lat' dir='ltr'><strong>sellulariis,</strong></span> 
     </span>
    </p>
   </div>
   <div class='ocr_carea' id='block_1_21' title="bbox 477 1749 2050 1819">
    <p class='ocr_par' dir='ltr' id='par_1_21' title="bbox 477 1749 2050 1819">
     <span class='ocr_line' id='line_1_21' title="bbox 477 1749 2050 1819; baseline 0 -17"><span class='ocrx_word' id='word_1_143' title='bbox 477 1750 682 1819; x_wconf 88' lang='lat' dir='ltr'><strong>quique</strong></span> <span class='ocrx_word' id='word_1_144' title='bbox 720 1750 910 1803; x_wconf 83' lang='lat' dir='ltr'><strong>labore</strong></span> <span class='ocrx_word' id='word_1_145' title='bbox 939 1764 1198 1803; x_wconf 88' lang='lat' dir='ltr'><strong>manuum</strong></span> <span class='ocrx_word' id='word_1_146' title='bbox 1232 1750 1400 1802; x_wconf 86' lang='lat' dir='ltr'><strong>vitam</strong></span> <span class='ocrx_word' id='word_1_147' title='bbox 1433 1750 1763 1814; x_wconf 78' lang='lat' dir='ltr'><strong>tolerarent,</strong></span> <span class='ocrx_word' id='word_1_148' title='bbox 1804 1749 1870 1802; x_wconf 84' lang='lat' dir='ltr'><strong>ad</strong></span> <span class='ocrx_word' id='word_1_149' title='bbox 1897 1749 2050 1816; x_wconf 84' lang='lat' dir='ltr'><strong>ejus-</strong></span> 
     </span>
    </p>
   </div>
   <div class='ocr_carea' id='block_1_22' title="bbox 2142 925 3718 1000">
    <p class='ocr_par' dir='ltr' id='par_1_22' title="bbox 2142 925 3718 1000">
     <span class='ocr_line' id='line_1_22' title="bbox 2142 925 3718 1000; baseline -0.003 -18"><span class='ocrx_word' id='word_1_150' title='bbox 2142 930 2416 1000; x_wconf 84' lang='grc' dir='ltr'>κριμένων</span> <span class='ocrx_word' id='word_1_151' title='bbox 2465 928 2574 983; x_wconf 85' lang='grc' dir='ltr'><strong>τῶν</strong></span> <span class='ocrx_word' id='word_1_152' title='bbox 2622 930 2827 993; x_wconf 81' lang='grc' dir='ltr'>ἀλλων,</span> <span class='ocrx_word' id='word_1_153' title='bbox 2883 927 3112 998; x_wconf 84' lang='grc' dir='ltr'>μηδενὸς</span> <span class='ocrx_word' id='word_1_154' title='bbox 3156 929 3250 980; x_wconf 68' lang='grc' dir='ltr'><strong>ἰπὶ</strong></span> <span class='ocrx_word' id='word_1_155' title='bbox 3283 926 3383 998; x_wconf 74' lang='grc' dir='ltr'><strong>τὴν</strong></span> <span class='ocrx_word' id='word_1_156' title='bbox 3415 925 3718 997; x_wconf 75' lang='grc' dir='ltr'><strong>ἱερωσύνην</strong></span> 
     </span>
    </p>
   </div>
   <div class='ocr_carea' id='block_1_23' title="bbox 2143 1017 3717 1096">
    <p class='ocr_par' dir='ltr' id='par_1_23' title="bbox 2143 1017 3717 1096">
     <span class='ocr_line' id='line_1_23' title="bbox 2143 1017 3717 1096; baseline -0.001 -24"><span class='ocrx_word' id='word_1_157' title='bbox 2143 1020 2592 1096; x_wconf 84' lang='grc' dir='ltr'>παραδεχθέντος,</span> <span class='ocrx_word' id='word_1_158' title='bbox 2611 1023 2677 1074; x_wconf 81' lang='grc' dir='ltr'><strong>ὲκ</strong></span> <span class='ocrx_word' id='word_1_159' title='bbox 2697 1021 2806 1074; x_wconf 81' lang='grc' dir='ltr'>τῶν</span> <span class='ocrx_word' id='word_1_160' title='bbox 2826 1021 3108 1090; x_wconf 77' lang='grc' dir='ltr'><strong>βαναύσων</strong></span> <span class='ocrx_word' id='word_1_161' title='bbox 3127 1020 3262 1090; x_wconf 76' lang='grc' dir='ltr'>πρὸς</span> <span class='ocrx_word' id='word_1_162' title='bbox 3281 1017 3536 1089; x_wconf 84' lang='grc' dir='ltr'>τοιαύτην</span> <span class='ocrx_word' id='word_1_163' title='bbox 3557 1020 3717 1089; x_wconf 82' lang='grc' dir='ltr'>χάριν</span> 
     </span>
    </p>
   </div>
   <div class='ocr_carea' id='block_1_24' title="bbox 2142 1109 3720 1184">
    <p class='ocr_par' dir='ltr' id='par_1_24' title="bbox 2142 1109 3720 1184">
     <span class='ocr_line' id='line_1_24' title="bbox 2142 1109 3720 1184; baseline -0.004 -17"><span class='ocrx_word' id='word_1_164' title='bbox 2142 1114 2446 1184; x_wconf 76' lang='grc' dir='ltr'>νομίξοιντό</span> <span class='ocrx_word' id='word_1_165' title='bbox 2462 1130 2606 1176; x_wconf 89' lang='grc' dir='ltr'>τινες</span> <span class='ocrx_word' id='word_1_166' title='bbox 2626 1110 2928 1183; x_wconf 80' lang='grc' dir='ltr'>ἀξιώτεροι·</span> <span class='ocrx_word' id='word_1_167' title='bbox 2949 1112 3044 1163; x_wconf 74' lang='grc' dir='ltr'><strong>καὶ</strong></span> <span class='ocrx_word' id='word_1_168' title='bbox 3064 1112 3179 1181; x_wconf 75' lang='grc' dir='ltr'>ἅμα</span> <span class='ocrx_word' id='word_1_169' title='bbox 3195 1109 3720 1179; x_wconf 79' lang='grc' dir='ltr'>κατειρωνευόμενος</span> 
     </span>
    </p>
   </div>
   <div class='ocr_carea' id='block_1_25' title="bbox 2144 1199 3718 1275">
    <p class='ocr_par' dir='ltr' id='par_1_25' title="bbox 2144 1199 3718 1275">
     <span class='ocr_line' id='line_1_25' title="bbox 2144 1199 3718 1275; baseline -0.004 -18"><span class='ocrx_word' id='word_1_170' title='bbox 2144 1199 2455 1275; x_wconf 84' lang='grc' dir='ltr'>προσελθὼν</span> <span class='ocrx_word' id='word_1_171' title='bbox 2487 1204 2624 1275; x_wconf 79' lang='grc' dir='ltr'>πρὸς</span> <span class='ocrx_word' id='word_1_172' title='bbox 2663 1202 2824 1256; x_wconf 81' lang='grc' dir='ltr'>αὐτόν</span> <span class='ocrx_word' id='word_1_173' title='bbox 2849 1241 2864 1266; x_wconf 94' lang='grc'><strong>,</strong></span> <span class='ocrx_word' id='word_1_174' title='bbox 2909 1202 2978 1256; x_wconf 85' lang='grc' dir='ltr'>Εί</span> <span class='ocrx_word' id='word_1_175' title='bbox 3013 1201 3198 1255; x_wconf 80' lang='grc' dir='ltr'>ταῦτα</span> <span class='ocrx_word' id='word_1_176' title='bbox 3235 1201 3523 1266; x_wconf 77' lang='grc' dir='ltr'>κελεύεις,</span> <span class='ocrx_word' id='word_1_177' title='bbox 3563 1200 3718 1269; x_wconf 78' lang='grc' dir='ltr'>φησὶ,</span> 
     </span>
    </p>
   </div>
   <div class='ocr_carea' id='block_1_26' title="bbox 2145 1289 3722 1364">
    <p class='ocr_par' dir='ltr' id='par_1_26' title="bbox 2145 1289 3722 1364">
     <span class='ocr_line' id='line_1_26' title="bbox 2145 1289 3722 1364; baseline -0.004 -14"><span class='ocrx_word' id='word_1_178' title='bbox 2145 1299 2394 1361; x_wconf 84' lang='grc' dir='ltr'>τούτους</span> <span class='ocrx_word' id='word_1_179' title='bbox 2427 1295 2544 1364; x_wconf 70' lang='grc' dir='ltr'>μὲν</span> <span class='ocrx_word' id='word_1_180' title='bbox 2576 1297 2884 1360; x_wconf 79' lang='grc' dir='ltr'>τοιούτους</span> <span class='ocrx_word' id='word_1_181' title='bbox 2931 1294 3111 1360; x_wconf 77' lang='grc' dir='ltr'>ὄντας</span> <span class='ocrx_word' id='word_1_182' title='bbox 3148 1289 3540 1360; x_wconf 73' lang='grc' dir='ltr'>περιοφθῆναι</span> <span class='ocrx_word' id='word_1_183' title='bbox 3577 1290 3722 1354; x_wconf 84' lang='grc' dir='ltr'>τοὺς</span> 
     </span>
    </p>
   </div>
   <div class='ocr_carea' id='block_1_27' title="bbox 2145 1381 3723 1455">
    <p class='ocr_par' dir='ltr' id='par_1_27' title="bbox 2145 1381 3723 1455">
     <span class='ocr_line' id='line_1_27' title="bbox 2145 1381 3723 1455; baseline -0.004 -15"><span class='ocrx_word' id='word_1_184' title='bbox 2145 1387 2349 1454; x_wconf 78' lang='grc' dir='ltr'>πάσης</span> <span class='ocrx_word' id='word_1_185' title='bbox 2371 1384 2822 1455; x_wconf 72' lang='grc' dir='ltr'>ἐξειλεγμένους</span> <span class='ocrx_word' id='word_1_186' title='bbox 2846 1383 2954 1450; x_wconf 84' lang='grc' dir='ltr'>τῆς</span> <span class='ocrx_word' id='word_1_187' title='bbox 2976 1385 3227 1449; x_wconf 84' lang='grc' dir='ltr'>πόλεως,</span> <span class='ocrx_word' id='word_1_188' title='bbox 3247 1382 3317 1436; x_wconf 78' lang='grc' dir='ltr'><strong><em>ἐκ</em></strong></span> <span class='ocrx_word' id='word_1_189' title='bbox 3335 1381 3404 1434; x_wconf 81' lang='grc' dir='ltr'>δὲ</span> <span class='ocrx_word' id='word_1_190' title='bbox 3431 1381 3550 1434; x_wconf 83' lang='grc' dir='ltr'>τῶν</span> <span class='ocrx_word' id='word_1_191' title='bbox 3575 1396 3723 1448; x_wconf 79' lang='grc' dir='ltr'>συρ-</span> 
     </span>
    </p>
   </div>
   <div class='ocr_carea' id='block_1_28' title="bbox 2146 1469 3723 1546">
    <p class='ocr_par' dir='ltr' id='par_1_28' title="bbox 2146 1469 3723 1546">
     <span class='ocr_line' id='line_1_28' title="bbox 2146 1469 3723 1546; baseline -0.011 -14"><span class='ocrx_word' id='word_1_192' title='bbox 2146 1476 2340 1546; x_wconf 71' lang='grc' dir='ltr'>φετῶν</span> <span class='ocrx_word' id='word_1_193' title='bbox 2363 1480 2449 1542; x_wconf 84' lang='grc' dir='ltr'>εὶς</span> <span class='ocrx_word' id='word_1_194' title='bbox 2470 1477 2848 1544; x_wconf 83' lang='grc' dir='ltr'>προστασίαν</span> <span class='ocrx_word' id='word_1_195' title='bbox 2877 1476 2986 1544; x_wconf 82' lang='grc' dir='ltr'>τῆς</span> <span class='ocrx_word' id='word_1_196' title='bbox 3023 1474 3353 1544; x_wconf 82' lang='grc' dir='ltr'>ιερωσύνης</span> <span class='ocrx_word' id='word_1_197' title='bbox 3381 1469 3723 1540; x_wconf 74' lang='grc' dir='ltr'>ἀναληφθῆ-</span> 
     </span>
    </p>
   </div>
   <div class='ocr_carea' id='block_1_29' title="bbox 2147 1559 3723 1635">
    <p class='ocr_par' dir='ltr' id='par_1_29' title="bbox 2147 1559 3723 1635">
     <span class='ocr_line' id='line_1_29' title="bbox 2147 1559 3723 1635; baseline -0.004 -15"><span class='ocrx_word' id='word_1_198' title='bbox 2147 1567 2247 1620; x_wconf 75' lang='lat' dir='ltr'><strong>rat</strong></span> <span class='ocrx_word' id='word_1_199' title='bbox 2266 1582 2428 1630; x_wconf 83' lang='grc' dir='ltr'>τινα,</span> <span class='ocrx_word' id='word_1_200' title='bbox 2468 1565 2591 1635; x_wconf 81' lang='grc' dir='ltr'>ὥρα</span> <span class='ocrx_word' id='word_1_201' title='bbox 2620 1579 2719 1621; x_wconf 85' lang='grc' dir='ltr'><strong>σοι</strong></span> <span class='ocrx_word' id='word_1_202' title='bbox 2762 1566 2980 1620; x_wconf 82' lang='grc' dir='ltr'>λοιπὸν</span> <span class='ocrx_word' id='word_1_203' title='bbox 3020 1565 3129 1618; x_wconf 79' lang='grc' dir='ltr'>τὸν</span> <span class='ocrx_word' id='word_1_204' title='bbox 3172 1563 3470 1632; x_wconf 77' lang='grc' dir='ltr'><strong>ἀνθρακέα</strong></span> <span class='ocrx_word' id='word_1_205' title='bbox 3514 1559 3723 1614; x_wconf 81' lang='grc' dir='ltr'>καλεῖν</span> 
     </span>
    </p>
   </div>
   <div class='ocr_carea' id='block_1_30' title="bbox 2149 1653 3722 1725">
    <p class='ocr_par' dir='ltr' id='par_1_30' title="bbox 2149 1653 3722 1725">
     <span class='ocr_line' id='line_1_30' title="bbox 2149 1653 3722 1725; baseline -0.003 -16"><span class='ocrx_word' id='word_1_206' title='bbox 2149 1657 2248 1709; x_wconf 76' lang='grc' dir='ltr'><strong>ἐπὶ</strong></span> <span class='ocrx_word' id='word_1_207' title='bbox 2283 1658 2396 1724; x_wconf 78' lang='grc' dir='ltr'>τὴν</span> <span class='ocrx_word' id='word_1_208' title='bbox 2439 1659 2777 1725; x_wconf 74' lang='grc' dir='ltr'>ἱερωσύνην</span> <span class='ocrx_word' id='word_1_209' title='bbox 2813 1654 3202 1724; x_wconf 76' lang='grc' dir='ltr'>Ἀλέξανδρον</span> <span class='ocrx_word' id='word_1_210' title='bbox 3224 1668 3239 1685; x_wconf 86' lang='lat'><strong><em>°</em></strong></span> <span class='ocrx_word' id='word_1_211' title='bbox 3301 1653 3400 1708; x_wconf 74' lang='grc' dir='ltr'><strong>καὶ</strong></span> <span class='ocrx_word' id='word_1_212' title='bbox 3427 1653 3722 1722; x_wconf 75' lang='grc' dir='ltr'>μεταϐάν-</span> 
     </span>
    </p>
   </div>
   <div class='ocr_carea' id='block_1_31' title="bbox 2149 1741 3724 1815">
    <p class='ocr_par' dir='ltr' id='par_1_31' title="bbox 2149 1741 3724 1815">
     <span class='ocr_line' id='line_1_31' title="bbox 2149 1741 3724 1815; baseline -0.004 -16"><span class='ocrx_word' id='word_1_213' title='bbox 2149 1760 2248 1811; x_wconf 80' lang='grc' dir='ltr'><strong>τες</strong></span> <span class='ocrx_word' id='word_1_214' title='bbox 2296 1745 2390 1800; x_wconf 74' lang='grc' dir='ltr'><strong>ἐπὶ</strong></span> <span class='ocrx_word' id='word_1_215' title='bbox 2434 1748 2683 1811; x_wconf 87' lang='grc' dir='ltr'>τοῦτον,</span> <span class='ocrx_word' id='word_1_216' title='bbox 2714 1749 2764 1800; x_wconf 82' lang='grc' dir='ltr'><strong>ει</strong></span> <span class='ocrx_word' id='word_1_217' title='bbox 2801 1745 2996 1810; x_wconf 77' lang='grc' dir='ltr'>δοκεῖ,</span> <span class='ocrx_word' id='word_1_218' title='bbox 3042 1743 3543 1815; x_wconf 75' lang='grc' dir='ltr'>συμφωνήσωμεν</span> <span class='ocrx_word' id='word_1_219' title='bbox 3571 1741 3724 1809; x_wconf 82' lang='grc' dir='ltr'>πρὸς</span> 
     </span>
    </p>
   </div>
   <div class='ocr_carea' id='block_1_32' title="bbox 476 1827 2048 1909">
    <p class='ocr_par' dir='ltr' id='par_1_32' title="bbox 476 1839 2048 1909">
     <span class='ocr_line' id='line_1_32' title="bbox 476 1839 2048 1909; baseline -0.003 -15"><span class='ocrx_word' id='word_1_220' title='bbox 476 1839 626 1894; x_wconf 83' lang='lat' dir='ltr'><strong>modi</strong></span> <span class='ocrx_word' id='word_1_221' title='bbox 652 1854 851 1892; x_wconf 77' lang='lat' dir='ltr'><strong>mimus</strong></span> <span class='ocrx_word' id='word_1_222' title='bbox 881 1839 1052 1908; x_wconf 85' lang='lat' dir='ltr'><strong>aliqui</strong></span> <span class='ocrx_word' id='word_1_223' title='bbox 1092 1841 1265 1909; x_wconf 80' lang='lat' dir='ltr'><strong>magis</strong></span> <span class='ocrx_word' id='word_1_224' title='bbox 1297 1840 1406 1908; x_wconf 86' lang='lat' dir='ltr'><strong>apti</strong></span> <span class='ocrx_word' id='word_1_225' title='bbox 1448 1847 1503 1892; x_wconf 91' lang='lat' dir='ltr'><strong>et</strong></span> <span class='ocrx_word' id='word_1_226' title='bbox 1540 1839 1719 1894; x_wconf 85' lang='lat' dir='ltr'><strong>idonei</strong></span> <span class='ocrx_word' id='word_1_227' title='bbox 1761 1840 2048 1894; x_wconf 78' lang='lat' dir='ltr'><strong>existima-</strong></span> 
     </span>
    </p>
   </div>
   <div class='ocr_carea' id='block_1_33' title="bbox 2149 1827 3724 1909">
    <p class='ocr_par' dir='ltr' id='par_1_33' title="bbox 2149 1828 3724 1906">
     <span class='ocr_line' id='line_1_33' title="bbox 2149 1828 3724 1906; baseline -0.004 -15"><span class='ocrx_word' id='word_1_228' title='bbox 2149 1837 2460 1904; x_wconf 78' lang='grc' dir='ltr'>ἀλλήλους</span> <span class='ocrx_word' id='word_1_229' title='bbox 2487 1838 2616 1903; x_wconf 77' lang='grc' dir='ltr'>ταῖς</span> <span class='ocrx_word' id='word_1_230' title='bbox 2647 1836 2872 1906; x_wconf 72' lang='grc' dir='ltr'>ψήφοις</span> <span class='ocrx_word' id='word_1_231' title='bbox 2897 1839 2937 1906; x_wconf 77' lang='grc' dir='ltr'><em>ἠ</em></span> <span class='ocrx_word' id='word_1_232' title='bbox 2966 1838 3142 1903; x_wconf 82' lang='grc' dir='ltr'>πόλις</span> <span class='ocrx_word' id='word_1_233' title='bbox 3165 1835 3353 1890; x_wconf 87' lang='grc' dir='ltr'>πᾶσα.</span> <span class='ocrx_word' id='word_1_234' title='bbox 3418 1833 3478 1888; x_wconf 84' lang='grc'><strong>’0</strong></span> <span class='ocrx_word' id='word_1_235' title='bbox 3506 1833 3603 1904; x_wconf 79' lang='grc' dir='ltr'>μὲν</span> <span class='ocrx_word' id='word_1_236' title='bbox 3629 1828 3724 1886; x_wconf 84' lang='grc' dir='ltr'>οὖν</span> 
     </span>
    </p>
   </div>
   <div class='ocr_carea' id='block_1_34' title="bbox 478 1930 2050 2000">
    <p class='ocr_par' dir='ltr' id='par_1_34' title="bbox 478 1930 2050 2000">
     <span class='ocr_line' id='line_1_34' title="bbox 478 1930 2050 2000; baseline 0.001 -16"><span class='ocrx_word' id='word_1_237' title='bbox 478 1937 704 1995; x_wconf 87' lang='lat' dir='ltr'><strong>rentur,</strong></span> <span class='ocrx_word' id='word_1_238' title='bbox 736 1933 792 1984; x_wconf 90' lang='lat' dir='ltr'><strong>et</strong></span> <span class='ocrx_word' id='word_1_239' title='bbox 835 1931 1001 1985; x_wconf 86' lang='lat' dir='ltr'><strong>simul</strong></span> <span class='ocrx_word' id='word_1_240' title='bbox 1039 1931 1306 1984; x_wconf 77' lang='lat' dir='ltr'><strong>cavillans</strong></span> <span class='ocrx_word' id='word_1_241' title='bbox 1349 1945 1474 1984; x_wconf 89' lang='lat' dir='ltr'><strong>cum</strong></span> <span class='ocrx_word' id='word_1_242' title='bbox 1508 1931 1742 2000; x_wconf 84' lang='lat' dir='ltr'><strong>quadam</strong></span> <span class='ocrx_word' id='word_1_243' title='bbox 1789 1930 2050 1985; x_wconf 87' lang='lat' dir='ltr'><strong>irrisione</strong></span> 
     </span>
    </p>
   </div>
   <div class='ocr_carea' id='block_1_35' title="bbox 479 2019 2046 2090">
    <p class='ocr_par' dir='ltr' id='par_1_35' title="bbox 479 2019 2046 2090">
     <span class='ocr_line' id='line_1_35' title="bbox 479 2019 2046 2090; baseline 0.001 -18"><span class='ocrx_word' id='word_1_244' title='bbox 479 2020 547 2073; x_wconf 84' lang='lat' dir='ltr'><strong>ad</strong></span> <span class='ocrx_word' id='word_1_245' title='bbox 575 2033 700 2074; x_wconf 86' lang='lat' dir='ltr'><strong>eum</strong></span> <span class='ocrx_word' id='word_1_246' title='bbox 725 2059 742 2084; x_wconf 94' lang='lat'><strong>,</strong></span> <span class='ocrx_word' id='word_1_247' title='bbox 785 2019 844 2074; x_wconf 89' lang='lat' dir='ltr'><strong>Si</strong></span> <span class='ocrx_word' id='word_1_248' title='bbox 872 2020 1004 2084; x_wconf 63' lang='lat' dir='ltr'><strong>hac,</strong></span> <span class='ocrx_word' id='word_1_249' title='bbox 1038 2020 1236 2090; x_wconf 84' lang='lat' dir='ltr'><strong>inquit,</strong></span> <span class='ocrx_word' id='word_1_250' title='bbox 1261 2020 1438 2090; x_wconf 77' lang='lat' dir='ltr'><strong>jubes,</strong></span> <span class='ocrx_word' id='word_1_251' title='bbox 1473 2033 1527 2073; x_wconf 90' lang='lat' dir='ltr'><strong>ut</strong></span> <span class='ocrx_word' id='word_1_252' title='bbox 1563 2021 1617 2073; x_wconf 81' lang='lat' dir='ltr'><strong>hi</strong></span> <span class='ocrx_word' id='word_1_253' title='bbox 1654 2021 1863 2090; x_wconf 79' lang='lat' dir='ltr'><strong>quidem</strong></span> <span class='ocrx_word' id='word_1_254' title='bbox 1891 2021 2046 2084; x_wconf 78' lang='lat' dir='ltr'><strong>tulcs,</strong></span> 
     </span>
    </p>
   </div>
   <div class='ocr_carea' id='block_1_36' title="bbox 477 2109 2050 2180">
    <p class='ocr_par' dir='ltr' id='par_1_36' title="bbox 477 2109 2050 2180">
     <span class='ocr_line' id='line_1_36' title="bbox 477 2109 2050 2180; baseline 0.001 -18"><span class='ocrx_word' id='word_1_255' title='bbox 477 2111 568 2180; x_wconf 82' lang='lat' dir='ltr'><strong>qui</strong></span> <span class='ocrx_word' id='word_1_256' title='bbox 595 2121 661 2162; x_wconf 71' lang='lat' dir='ltr'><strong>ea;</strong></span> <span class='ocrx_word' id='word_1_257' title='bbox 703 2109 848 2163; x_wconf 87' lang='lat' dir='ltr'><strong>omni</strong></span> <span class='ocrx_word' id='word_1_258' title='bbox 879 2111 1070 2163; x_wconf 81' lang='lat' dir='ltr'><strong>civium</strong></span> <span class='ocrx_word' id='word_1_259' title='bbox 1111 2125 1336 2164; x_wconf 76' lang='lat' dir='ltr'><strong>numero</strong></span> <span class='ocrx_word' id='word_1_260' title='bbox 1366 2109 1519 2163; x_wconf 66' lang='lat' dir='ltr'><strong>electi</strong></span> <span class='ocrx_word' id='word_1_261' title='bbox 1560 2119 1702 2172; x_wconf 85' lang='lat' dir='ltr'><strong>sunt,</strong></span> <span class='ocrx_word' id='word_1_262' title='bbox 1733 2120 2050 2178; x_wconf 64' lang='lat' dir='ltr'><strong>praterean-</strong></span> 
     </span>
    </p>
   </div>
   <div class='ocr_carea' id='block_1_37' title="bbox 480 2201 2049 2272">
    <p class='ocr_par' dir='ltr' id='par_1_37' title="bbox 480 2201 2049 2272">
     <span class='ocr_line' id='line_1_37' title="bbox 480 2201 2049 2272; baseline 0 -17"><span class='ocrx_word' id='word_1_263' title='bbox 480 2211 587 2266; x_wconf 83' lang='lat' dir='ltr'><strong>tur,</strong></span> <span class='ocrx_word' id='word_1_264' title='bbox 625 2211 783 2272; x_wconf 79' lang='lat' dir='ltr'><strong>atque</strong></span> <span class='ocrx_word' id='word_1_265' title='bbox 815 2215 881 2255; x_wconf 72' lang='lat' dir='ltr'><strong>ea:</strong></span> <span class='ocrx_word' id='word_1_266' title='bbox 915 2202 1216 2271; x_wconf 78' lang='lat' dir='ltr'><strong>quisquiliis</strong></span> <span class='ocrx_word' id='word_1_267' title='bbox 1248 2210 1298 2254; x_wconf 87' lang='lat' dir='ltr'><strong>et</strong></span> <span class='ocrx_word' id='word_1_268' title='bbox 1331 2201 1515 2268; x_wconf 82' lang='lat' dir='ltr'><strong>inﬁma</strong></span> <span class='ocrx_word' id='word_1_269' title='bbox 1540 2202 1682 2270; x_wconf 80' lang='lat' dir='ltr'><strong>plebe</strong></span> <span class='ocrx_word' id='word_1_270' title='bbox 1713 2215 2049 2255; x_wconf 75' lang='lat' dir='ltr'><strong>assumamus</strong></span> 
     </span>
    </p>
   </div>
   <div class='ocr_carea' id='block_1_38' title="bbox 479 2291 2051 2363">
    <p class='ocr_par' dir='ltr' id='par_1_38' title="bbox 479 2291 2051 2363">
     <span class='ocr_line' id='line_1_38' title="bbox 479 2291 2051 2363; baseline 0.002 -19"><span class='ocrx_word' id='word_1_271' title='bbox 479 2294 706 2363; x_wconf 79' lang='lat' dir='ltr'><strong>aliquem</strong></span> <span class='ocrx_word' id='word_1_272' title='bbox 752 2293 820 2345; x_wconf 88' lang='lat' dir='ltr'><strong>ad</strong></span> <span class='ocrx_word' id='word_1_273' title='bbox 872 2293 1391 2345; x_wconf 75' lang='lat' dir='ltr'><strong>administrationem</strong></span> <span class='ocrx_word' id='word_1_274' title='bbox 1443 2291 1758 2356; x_wconf 76' lang='lat' dir='ltr'><strong>sacerdotii,</strong></span> <span class='ocrx_word' id='word_1_275' title='bbox 1808 2296 1901 2362; x_wconf 75' lang='lat' dir='ltr'><strong>qui</strong></span> <span class='ocrx_word' id='word_1_276' title='bbox 1955 2295 2051 2347; x_wconf 80' lang='lat' dir='ltr'><strong>tali</strong></span> 
     </span>
    </p>
   </div>
   <div class='ocr_carea' id='block_1_39' title="bbox 479 2382 2050 2450">
    <p class='ocr_par' dir='ltr' id='par_1_39' title="bbox 479 2382 2050 2450">
     <span class='ocr_line' id='line_1_39' title="bbox 479 2382 2050 2450; baseline 0.002 -15"><span class='ocrx_word' id='word_1_277' title='bbox 479 2383 686 2436; x_wconf 78' lang='lat' dir='ltr'><strong>civitati</strong></span> <span class='ocrx_word' id='word_1_278' title='bbox 715 2383 918 2448; x_wconf 69' lang='lat' dir='ltr'><strong>pra’sit,</strong></span> <span class='ocrx_word' id='word_1_279' title='bbox 950 2393 1152 2450; x_wconf 77' lang='lat' dir='ltr'><strong>tempus</strong></span> <span class='ocrx_word' id='word_1_280' title='bbox 1185 2382 1281 2435; x_wconf 84' lang='lat' dir='ltr'><strong>tibi</strong></span> <span class='ocrx_word' id='word_1_281' title='bbox 1322 2382 1564 2448; x_wconf 71' lang='lat' dir='ltr'><strong>deinceps</strong></span> <span class='ocrx_word' id='word_1_282' title='bbox 1601 2383 1758 2450; x_wconf 74' lang='lat' dir='ltr'><strong>fuerit</strong></span> <span class='ocrx_word' id='word_1_283' title='bbox 1794 2385 2050 2439; x_wconf 83' lang='lat' dir='ltr'><strong>carbona-</strong></span> 
     </span>
    </p>
   </div>
   <div class='ocr_carea' id='block_1_40' title="bbox 477 2473 2053 2546">
    <p class='ocr_par' dir='ltr' id='par_1_40' title="bbox 477 2473 2053 2546">
     <span class='ocr_line' id='line_1_40' title="bbox 477 2473 2053 2546; baseline 0.004 -20"><span class='ocrx_word' id='word_1_284' title='bbox 477 2474 622 2526; x_wconf 83' lang='lat' dir='ltr'><strong>rium</strong></span> <span class='ocrx_word' id='word_1_285' title='bbox 659 2473 1019 2526; x_wconf 77' lang='lat' dir='ltr'><strong>Alexandrum</strong></span> <span class='ocrx_word' id='word_1_286' title='bbox 1070 2473 1139 2526; x_wconf 76' lang='lat' dir='ltr'><strong>ad</strong></span> <span class='ocrx_word' id='word_1_287' title='bbox 1193 2473 1549 2526; x_wconf 70' lang='lat' dir='ltr'><strong>sacerdotium</strong></span> <span class='ocrx_word' id='word_1_288' title='bbox 1603 2475 1860 2540; x_wconf 77' lang='lat' dir='ltr'><strong>vocandi,</strong></span> <span class='ocrx_word' id='word_1_289' title='bbox 1897 2486 2053 2546; x_wconf 79' lang='lat' dir='ltr'><strong>atque</strong></span> 
     </span>
    </p>
   </div>
   <div class='ocr_carea' id='block_1_41' title="bbox 479 2562 2053 2636">
    <p class='ocr_par' dir='ltr' id='par_1_41' title="bbox 479 2562 2053 2636">
     <span class='ocr_line' id='line_1_41' title="bbox 479 2562 2053 2636; baseline 0.004 -20"><span class='ocrx_word' id='word_1_290' title='bbox 479 2565 552 2616; x_wconf 82' lang='lat' dir='ltr'><strong>ad</strong></span> <span class='ocrx_word' id='word_1_291' title='bbox 575 2564 713 2616; x_wconf 79' lang='lat' dir='ltr'><strong>hunc</strong></span> <span class='ocrx_word' id='word_1_292' title='bbox 744 2563 1062 2617; x_wconf 82' lang='lat' dir='ltr'><strong>transitione</strong></span> <span class='ocrx_word' id='word_1_293' title='bbox 1089 2564 1259 2632; x_wconf 79' lang='lat' dir='ltr'><strong>facta,</strong></span> <span class='ocrx_word' id='word_1_294' title='bbox 1287 2562 1334 2616; x_wconf 86' lang='lat' dir='ltr'><strong>si</strong></span> <span class='ocrx_word' id='word_1_295' title='bbox 1364 2565 1593 2628; x_wconf 79' lang='lat' dir='ltr'><strong>videtur,</strong></span> <span class='ocrx_word' id='word_1_296' title='bbox 1617 2566 1890 2636; x_wconf 76' lang='lat' dir='ltr'><strong>suffragiis</strong></span> <span class='ocrx_word' id='word_1_297' title='bbox 1918 2570 2053 2622; x_wconf 81' lang='lat' dir='ltr'><strong>inter</strong></span> 
     </span>
    </p>
   </div>
   <div class='ocr_carea' id='block_1_42' title="bbox 479 2654 2050 2727">
    <p class='ocr_par' dir='ltr' id='par_1_42' title="bbox 479 2654 2050 2727">
     <span class='ocr_line' id='line_1_42' title="bbox 479 2654 2050 2727; baseline 0.001 -19"><span class='ocrx_word' id='word_1_298' title='bbox 479 2671 576 2708; x_wconf 88' lang='lat' dir='ltr'><strong>nos</strong></span> <span class='ocrx_word' id='word_1_299' title='bbox 611 2655 840 2707; x_wconf 79' lang='lat' dir='ltr'><strong>universi</strong></span> <span class='ocrx_word' id='word_1_300' title='bbox 884 2655 1017 2706; x_wconf 83' lang='lat' dir='ltr'><strong>cives</strong></span> <span class='ocrx_word' id='word_1_301' title='bbox 1050 2655 1456 2706; x_wconf 72' lang='lat' dir='ltr'><strong>consentiamus.</strong></span> <span class='ocrx_word' id='word_1_302' title='bbox 1499 2654 1680 2724; x_wconf 78' lang='lat' dir='ltr'><strong>Atque</strong></span> <span class='ocrx_word' id='word_1_303' title='bbox 1712 2657 1800 2710; x_wconf 88' lang='lat' dir='ltr'><strong>ille</strong></span> <span class='ocrx_word' id='word_1_304' title='bbox 1828 2657 2050 2727; x_wconf 86' lang='lat' dir='ltr'><strong>quidem</strong></span> 
     </span>
    </p>
   </div>
   <div class='ocr_carea' id='block_1_43' title="bbox 481 2741 2053 2814">
    <p class='ocr_par' dir='ltr' id='par_1_43' title="bbox 481 2741 2053 2814">
     <span class='ocr_line' id='line_1_43' title="bbox 481 2741 2053 2814; baseline 0.001 -18"><span class='ocrx_word' id='word_1_305' title='bbox 481 2741 596 2796; x_wconf 76' lang='lat' dir='ltr'><strong>haec</strong></span> <span class='ocrx_word' id='word_1_306' title='bbox 628 2743 975 2812; x_wconf 86' lang='lat' dir='ltr'><strong>loquebatur,</strong></span> <span class='ocrx_word' id='word_1_307' title='bbox 1010 2743 1306 2796; x_wconf 73' lang='lat' dir='ltr'><strong>&#39;senteulia:</strong></span> <span class='ocrx_word' id='word_1_308' title='bbox 1347 2741 1470 2810; x_wconf 89' lang='lat' dir='ltr'><strong>ejus</strong></span> <span class='ocrx_word' id='word_1_309' title='bbox 1498 2742 1837 2809; x_wconf 82' lang='lat' dir='ltr'><strong>obtrectans,</strong></span> <span class='ocrx_word' id='word_1_310' title='bbox 1863 2759 1928 2798; x_wconf 91' lang='lat' dir='ltr'><strong>ac</strong></span> <span class='ocrx_word' id='word_1_311' title='bbox 1957 2759 2053 2814; x_wconf 91' lang='lat' dir='ltr'><strong>per</strong></span> 
     </span>
    </p>
   </div>
   <div class='ocr_carea' id='block_1_44' title="bbox 479 2832 2051 2904">
    <p class='ocr_par' dir='ltr' id='par_1_44' title="bbox 479 2832 2051 2904">
     <span class='ocr_line' id='line_1_44' title="bbox 479 2832 2051 2904; baseline 0.003 -18"><span class='ocrx_word' id='word_1_312' title='bbox 479 2832 583 2886; x_wconf 83' lang='lat' dir='ltr'><strong>hoc</strong></span> <span class='ocrx_word' id='word_1_313' title='bbox 633 2834 947 2886; x_wconf 84' lang='lat' dir='ltr'><strong>simulatqu</strong></span> <span class='ocrx_word' id='word_1_314' title='bbox 997 2842 1053 2886; x_wconf 91' lang='lat' dir='ltr'><strong>et</strong></span> <span class='ocrx_word' id='word_1_315' title='bbox 1098 2833 1500 2887; x_wconf 80' lang='lat' dir='ltr'><strong>cavillatorium</strong></span> <span class='ocrx_word' id='word_1_316' title='bbox 1539 2833 1857 2904; x_wconf 72' lang='lat' dir='ltr'><strong>suffragium</strong></span> <span class='ocrx_word' id='word_1_317' title='bbox 1900 2851 2051 2890; x_wconf 84' lang='lat' dir='ltr'><strong>sutu-</strong></span> 
     </span>
    </p>
   </div>
   <div class='ocr_carea' id='block_1_45' title="bbox 481 2914 2051 2994">
    <p class='ocr_par' dir='ltr' id='par_1_45' title="bbox 481 2914 2051 2994">
     <span class='ocr_line' id='line_1_45' title="bbox 481 2914 2051 2994; baseline 0.004 -18"><span class='ocrx_word' id='word_1_318' title='bbox 481 2937 627 2976; x_wconf 86' lang='lat' dir='ltr'><strong>mam</strong></span> <span class='ocrx_word' id='word_1_319' title='bbox 658 2929 714 2977; x_wconf 87' lang='lat' dir='ltr'><strong>et</strong></span> <span class='ocrx_word' id='word_1_320' title='bbox 751 2931 995 2977; x_wconf 80' lang='lat' dir='ltr'><strong>exactam</strong></span> <span class='ocrx_word' id='word_1_321' title='bbox 1039 2922 1378 2994; x_wconf 84' lang='lat' dir='ltr'><strong>diligentiam</strong></span> <span class='ocrx_word' id='word_1_322' title='bbox 1415 2925 1468 2977; x_wconf 93' lang='lat' dir='ltr'><strong>in</strong></span> <span class='ocrx_word' id='word_1_323' title='bbox 1500 2914 1876 2994; x_wconf 81' lang='lat' dir='ltr'><strong>superioribus</strong></span> <span class='ocrx_word' id='word_1_324' title='bbox 1908 2927 2051 2982; x_wconf 83' lang='lat' dir='ltr'><strong>vitu-</strong></span> 
     </span>
    </p>
   </div>
   <div class='ocr_carea' id='block_1_46' title="bbox 481 3016 2051 3090">
    <p class='ocr_par' dir='ltr' id='par_1_46' title="bbox 481 3016 2051 3090">
     <span class='ocr_line' id='line_1_46' title="bbox 481 3016 2051 3090; baseline 0.006 -24"><span class='ocrx_word' id='word_1_325' title='bbox 481 3029 682 3085; x_wconf 89' lang='lat' dir='ltr'><strong>perans</strong></span> <span class='ocrx_word' id='word_1_326' title='bbox 719 3029 782 3069; x_wconf 85' lang='lat' dir='ltr'><strong>ac</strong></span> <span class='ocrx_word' id='word_1_327' title='bbox 822 3016 1254 3084; x_wconf 80' lang='lat' dir='ltr'><strong>reprehendens.</strong></span> <span class='ocrx_word' id='word_1_328' title='bbox 1295 3016 1398 3070; x_wconf 81' lang='lat' dir='ltr'><strong>Sed</strong></span> <span class='ocrx_word' id='word_1_329' title='bbox 1443 3031 1640 3088; x_wconf 86' lang='lat' dir='ltr'><strong>magno</strong></span> <span class='ocrx_word' id='word_1_330' title='bbox 1681 3019 1760 3072; x_wconf 91' lang='lat' dir='ltr'><strong>illi</strong></span> <span class='ocrx_word' id='word_1_331' title='bbox 1802 3036 1896 3090; x_wconf 86' lang='lat' dir='ltr'><strong>per</strong></span> <span class='ocrx_word' id='word_1_332' title='bbox 1937 3021 2051 3076; x_wconf 64' lang='lat' dir='ltr'><strong>haec</strong></span> 
     </span>
    </p>
   </div>
   <div class='ocr_carea' id='block_1_47' title="bbox 478 3105 2045 3177">
    <p class='ocr_par' dir='ltr' id='par_1_47' title="bbox 478 3105 2045 3177">
     <span class='ocr_line' id='line_1_47' title="bbox 478 3105 2045 3177; baseline 0.004 -19"><span class='ocrx_word' id='word_1_333' title='bbox 478 3105 626 3158; x_wconf 86' lang='lat' dir='ltr'><strong>dicta</strong></span> <span class='ocrx_word' id='word_1_334' title='bbox 658 3105 806 3160; x_wconf 85' lang='lat' dir='ltr'><strong>subit</strong></span> <span class='ocrx_word' id='word_1_335' title='bbox 836 3107 1078 3158; x_wconf 85' lang='lat' dir='ltr'><strong>animum</strong></span> <span class='ocrx_word' id='word_1_336' title='bbox 1124 3107 1418 3177; x_wconf 87' lang='lat' dir='ltr'><strong>cogitatio,</strong></span> <span class='ocrx_word' id='word_1_337' title='bbox 1459 3109 1605 3177; x_wconf 83' lang='lat' dir='ltr'><strong>quod</strong></span> <span class='ocrx_word' id='word_1_338' title='bbox 1646 3125 1757 3164; x_wconf 91' lang='lat' dir='ltr'><strong>non</strong></span> <span class='ocrx_word' id='word_1_339' title='bbox 1797 3111 1915 3167; x_wconf 87' lang='lat' dir='ltr'><strong>sine</strong></span> <span class='ocrx_word' id='word_1_340' title='bbox 1947 3128 2045 3166; x_wconf 88' lang='lat' dir='ltr'><strong>nu-</strong></span> 
     </span>
    </p>
   </div>
   <div class='ocr_carea' id='block_1_48' title="bbox 461 3195 2051 3258">
    <p class='ocr_par' dir='ltr' id='par_1_48' title="bbox 461 3195 2051 3258">
     <span class='ocr_line' id='line_1_48' title="bbox 461 3195 2051 3258; baseline 0.006 -10"><span class='ocrx_word' id='word_1_341' title='bbox 461 3195 630 3257; x_wconf 63' lang='lat' dir='ltr'><strong>anine</strong></span> <span class='ocrx_word' id='word_1_342' title='bbox 655 3195 844 3248; x_wconf 88' lang='lat' dir='ltr'><strong>divino</strong></span> <span class='ocrx_word' id='word_1_343' title='bbox 871 3196 1169 3250; x_wconf 80' lang='lat' dir='ltr'><strong>Alexandri</strong></span> <span class='ocrx_word' id='word_1_344' title='bbox 1202 3212 1232 3250; x_wconf 87' lang='lat' dir='ltr'><strong>a</strong></span> <span class='ocrx_word' id='word_1_345' title='bbox 1263 3196 1696 3255; x_wconf 83' lang='lat' dir='ltr'><strong>deliberantibus</strong></span> <span class='ocrx_word' id='word_1_346' title='bbox 1724 3202 1865 3256; x_wconf 89' lang='lat' dir='ltr'><strong>inter</strong></span> <span class='ocrx_word' id='word_1_347' title='bbox 1891 3211 2051 3258; x_wconf 63' lang='lat' dir='ltr'><strong>caete-</strong></span> 
     </span>
    </p>
   </div>
   <div class='ocr_carea' id='block_1_49' title="bbox 479 3286 2047 3362">
    <p class='ocr_par' dir='ltr' id='par_1_49' title="bbox 479 3286 2047 3362">
     <span class='ocr_line' id='line_1_49' title="bbox 479 3286 2047 3362; baseline 0.006 -24"><span class='ocrx_word' id='word_1_348' title='bbox 479 3300 573 3341; x_wconf 89' lang='lat' dir='ltr'><strong>ros</strong></span> <span class='ocrx_word' id='word_1_349' title='bbox 619 3288 820 3340; x_wconf 85' lang='lat' dir='ltr'><strong>mentio</strong></span> <span class='ocrx_word' id='word_1_350' title='bbox 862 3286 1007 3341; x_wconf 83' lang='lat' dir='ltr'><strong>facta</strong></span> <span class='ocrx_word' id='word_1_351' title='bbox 1055 3297 1222 3342; x_wconf 83' lang='lat' dir='ltr'><strong>esset.</strong></span> <span class='ocrx_word' id='word_1_352' title='bbox 1278 3288 1341 3341; x_wconf 85' lang='lat' dir='ltr'><strong>Et</strong></span> <span class='ocrx_word' id='word_1_353' title='bbox 1376 3291 1528 3359; x_wconf 83' lang='lat' dir='ltr'><strong>quis,</strong></span> <span class='ocrx_word' id='word_1_354' title='bbox 1579 3289 1790 3362; x_wconf 87' lang='lat' dir='ltr'><strong>inquit,</strong></span> <span class='ocrx_word' id='word_1_355' title='bbox 1821 3303 1899 3347; x_wconf 82' lang='lat' dir='ltr'><strong>est</strong></span> <span class='ocrx_word' id='word_1_356' title='bbox 1930 3295 2047 3348; x_wconf 83' lang='lat' dir='ltr'><strong>Ate-</strong></span> 
     </span>
    </p>
   </div>
   <div class='ocr_carea' id='block_1_50' title="bbox 356 3379 2049 3450">
    <p class='ocr_par' dir='ltr' id='par_1_50' title="bbox 356 3379 2049 3450">
     <span class='ocr_line' id='line_1_50' title="bbox 356 3379 2049 3450; baseline 0.007 -22"><span class='ocrx_word' id='word_1_357' title='bbox 356 3421 363 3428; x_wconf 94' lang='lat'><em>.</em></span> <span class='ocrx_word' id='word_1_358' title='bbox 476 3379 720 3442; x_wconf 72' lang='lat' dir='ltr'><strong>xander,</strong></span> <span class='ocrx_word' id='word_1_359' title='bbox 775 3379 928 3448; x_wconf 85' lang='lat' dir='ltr'><strong>cujus</strong></span> <span class='ocrx_word' id='word_1_360' title='bbox 998 3381 1312 3433; x_wconf 83' lang='lat' dir='ltr'><strong>mentionem</strong></span> <span class='ocrx_word' id='word_1_361' title='bbox 1365 3381 1614 3450; x_wconf 80' lang='lat' dir='ltr'><strong>fecistis?</strong></span> <span class='ocrx_word' id='word_1_362' title='bbox 1671 3383 1874 3439; x_wconf 86' lang='lat' dir='ltr'><strong>Deinde</strong></span> <span class='ocrx_word' id='word_1_363' title='bbox 1925 3401 2049 3440; x_wconf 93' lang='lat' dir='ltr'><strong>cum</strong></span> 
     </span>
    </p>
   </div>
   <div class='ocr_carea' id='block_1_51' title="bbox 478 3467 2052 3538">
    <p class='ocr_par' dir='ltr' id='par_1_51' title="bbox 478 3467 2052 3538">
     <span class='ocr_line' id='line_1_51' title="bbox 478 3467 2052 3538; baseline 0.006 -18"><span class='ocrx_word' id='word_1_364' title='bbox 478 3467 704 3538; x_wconf 84' lang='lat' dir='ltr'><strong>quidam</strong></span> <span class='ocrx_word' id='word_1_365' title='bbox 734 3483 799 3522; x_wconf 81' lang='lat' dir='ltr'><strong>ex</strong></span> <span class='ocrx_word' id='word_1_366' title='bbox 823 3470 911 3530; x_wconf 84' lang='lat' dir='ltr'><strong>iis.</strong></span> <span class='ocrx_word' id='word_1_367' title='bbox 939 3468 1031 3537; x_wconf 91' lang='lat' dir='ltr'><strong>qui</strong></span> <span class='ocrx_word' id='word_1_368' title='bbox 1064 3483 1171 3522; x_wconf 90' lang='lat' dir='ltr'><strong>una</strong></span> <span class='ocrx_word' id='word_1_369' title='bbox 1205 3470 1524 3535; x_wconf 87' lang='lat' dir='ltr'><strong>intererant,</strong></span> <span class='ocrx_word' id='word_1_370' title='bbox 1552 3485 1674 3524; x_wconf 91' lang='lat' dir='ltr'><strong>cum</strong></span> <span class='ocrx_word' id='word_1_371' title='bbox 1705 3473 1818 3528; x_wconf 90' lang='lat' dir='ltr'><strong>risu</strong></span> <span class='ocrx_word' id='word_1_372' title='bbox 1849 3490 2052 3529; x_wconf 85' lang='lat' dir='ltr'><strong>memo-</strong></span> 
     </span>
    </p>
   </div>
   <div class='ocr_carea' id='block_1_52' title="bbox 479 3556 2051 3628">
    <p class='ocr_par' dir='ltr' id='par_1_52' title="bbox 479 3556 2051 3628">
     <span class='ocr_line' id='line_1_52' title="bbox 479 3556 2051 3628; baseline 0.006 -18"><span class='ocrx_word' id='word_1_373' title='bbox 479 3563 661 3610; x_wconf 87' lang='lat' dir='ltr'><strong>ratum</strong></span> <span class='ocrx_word' id='word_1_374' title='bbox 707 3557 762 3609; x_wconf 92' lang='lat' dir='ltr'><strong>in</strong></span> <span class='ocrx_word' id='word_1_375' title='bbox 801 3557 1038 3610; x_wconf 87' lang='lat' dir='ltr'><strong>medium</strong></span> <span class='ocrx_word' id='word_1_376' title='bbox 1081 3556 1469 3625; x_wconf 80' lang='lat' dir='ltr'><strong>produxisset,</strong></span> <span class='ocrx_word' id='word_1_377' title='bbox 1519 3561 1717 3628; x_wconf 87' lang='lat' dir='ltr'><strong>pannis</strong></span> <span class='ocrx_word' id='word_1_378' title='bbox 1753 3563 1955 3618; x_wconf 83' lang='lat' dir='ltr'><strong>vilibus</strong></span> <span class='ocrx_word' id='word_1_379' title='bbox 1987 3581 2051 3620; x_wconf 89' lang='lat' dir='ltr'><strong>ac</strong></span> 
     </span>
    </p>
   </div>
   <div class='ocr_carea' id='block_1_53' title="bbox 479 3645 2050 3716">
    <p class='ocr_par' dir='ltr' id='par_1_53' title="bbox 479 3645 2050 3716">
     <span class='ocr_line' id='line_1_53' title="bbox 479 3645 2050 3716; baseline 0.005 -14"><span class='ocrx_word' id='word_1_380' title='bbox 479 3645 720 3702; x_wconf 87' lang='lat' dir='ltr'><strong>sordidis</strong></span> <span class='ocrx_word' id='word_1_381' title='bbox 745 3662 813 3698; x_wconf 86' lang='lat' dir='ltr'><strong>ne</strong></span> <span class='ocrx_word' id='word_1_382' title='bbox 841 3654 956 3700; x_wconf 88' lang='lat' dir='ltr'><strong>toto</strong></span> <span class='ocrx_word' id='word_1_383' title='bbox 983 3647 1202 3714; x_wconf 79' lang='lat' dir='ltr'><strong>quidem</strong></span> <span class='ocrx_word' id='word_1_384' title='bbox 1233 3663 1463 3716; x_wconf 80' lang='lat' dir='ltr'><strong>corpore</strong></span> <span class='ocrx_word' id='word_1_385' title='bbox 1496 3652 1778 3714; x_wconf 76' lang='lat' dir='ltr'><strong>amictum,</strong></span> <span class='ocrx_word' id='word_1_386' title='bbox 1811 3663 1861 3708; x_wconf 88' lang='lat' dir='ltr'><strong>et</strong></span> <span class='ocrx_word' id='word_1_387' title='bbox 1886 3656 2050 3710; x_wconf 85' lang='lat' dir='ltr'><strong>simul</strong></span> 
     </span>
    </p>
   </div>
   <div class='ocr_carea' id='block_1_54' title="bbox 478 3737 2052 3808">
    <p class='ocr_par' dir='ltr' id='par_1_54' title="bbox 478 3737 2052 3808">
     <span class='ocr_line' id='line_1_54' title="bbox 478 3737 2052 3808; baseline 0.007 -19"><span class='ocrx_word' id='word_1_388' title='bbox 478 3737 876 3806; x_wconf 84' lang='lat' dir='ltr'><strong>apparentibus</strong></span> <span class='ocrx_word' id='word_1_389' title='bbox 905 3739 1092 3802; x_wconf 83' lang='lat' dir='ltr'><strong>rebus,</strong></span> <span class='ocrx_word' id='word_1_390' title='bbox 1123 3738 1381 3792; x_wconf 88' lang='lat' dir='ltr'><strong>manibus</strong></span> <span class='ocrx_word' id='word_1_391' title='bbox 1412 3740 1617 3808; x_wconf 89' lang='lat' dir='ltr'><strong>pariter</strong></span> <span class='ocrx_word' id='word_1_392' title='bbox 1650 3751 1705 3796; x_wconf 91' lang='lat' dir='ltr'><strong>et</strong></span> <span class='ocrx_word' id='word_1_393' title='bbox 1735 3741 1890 3808; x_wconf 87' lang='lat' dir='ltr'><strong>facie,</strong></span> <span class='ocrx_word' id='word_1_394' title='bbox 1925 3748 2052 3800; x_wconf 83' lang='grc' dir='ltr'><strong>ι·‹·Ιί-</strong></span> 
     </span>
    </p>
   </div>
   <div class='ocr_carea' id='block_1_55' title="bbox 479 3829 2051 3898">
    <p class='ocr_par' dir='ltr' id='par_1_55' title="bbox 479 3829 2051 3898">
     <span class='ocr_line' id='line_1_55' title="bbox 479 3829 2051 3898; baseline 0.006 -17"><span class='ocrx_word' id='word_1_395' title='bbox 479 3842 705 3898; x_wconf 90' lang='lat' dir='ltr'><strong>quoque</strong></span> <span class='ocrx_word' id='word_1_396' title='bbox 755 3843 990 3898; x_wconf 88' lang='lat' dir='ltr'><strong>corpore</strong></span> <span class='ocrx_word' id='word_1_397' title='bbox 1038 3829 1374 3884; x_wconf 87' lang='lat' dir='ltr'><strong>carbonibus</strong></span> <span class='ocrx_word' id='word_1_398' title='bbox 1419 3829 1624 3885; x_wconf 90' lang='lat' dir='ltr'><strong>infecto</strong></span> <span class='ocrx_word' id='word_1_399' title='bbox 1659 3847 1724 3886; x_wconf 90' lang='lat' dir='ltr'><strong>ac</strong></span> <span class='ocrx_word' id='word_1_400' title='bbox 1772 3834 2051 3891; x_wconf 89' lang='lat' dir='ltr'><strong>sordidato</strong></span> 
     </span>
    </p>
   </div>
   <div class='ocr_carea' id='block_1_56' title="bbox 477 3919 2048 3996">
    <p class='ocr_par' dir='ltr' id='par_1_56' title="bbox 477 3919 2048 3996">
     <span class='ocr_line' id='line_1_56' title="bbox 477 3919 2048 3996; baseline 0.004 -22"><span class='ocrx_word' id='word_1_401' title='bbox 477 3919 754 3990; x_wconf 80' lang='lat' dir='ltr'><strong>npiﬁcium</strong></span> <span class='ocrx_word' id='word_1_402' title='bbox 778 3929 831 3974; x_wconf 84' lang='lat' dir='ltr'><strong>ct</strong></span> <span class='ocrx_word' id='word_1_403' title='bbox 855 3930 1122 3990; x_wconf 72' lang='lat' dir='ltr'><strong>qttaestum</strong></span> <span class='ocrx_word' id='word_1_404' title='bbox 1151 3921 1528 3976; x_wconf 89' lang='lat' dir='ltr'><strong>ostendentem</strong></span> <span class='ocrx_word' id='word_1_405' title='bbox 1556 3941 1571 3989; x_wconf 86' lang='lat'><strong>;</strong></span> <span class='ocrx_word' id='word_1_406' title='bbox 1595 3925 1805 3980; x_wconf 66' lang='lat' dir='ltr'><strong>caeteris</strong></span> <span class='ocrx_word' id='word_1_407' title='bbox 1830 3927 2048 3996; x_wconf 88' lang='lat' dir='ltr'><strong>quidem</strong></span> 
     </span>
    </p>
   </div>
   <div class='ocr_carea' id='block_1_57' title="bbox 476 4011 2046 4071">
    <p class='ocr_par' dir='ltr' id='par_1_57' title="bbox 476 4011 2046 4071">
     <span class='ocr_line' id='line_1_57' title="bbox 476 4011 2046 4071; baseline 0.003 -4"><span class='ocrx_word' id='word_1_408' title='bbox 476 4013 626 4068; x_wconf 84' lang='lat' dir='ltr'><strong>risus</strong></span> <span class='ocrx_word' id='word_1_409' title='bbox 661 4012 889 4066; x_wconf 83' lang='lat' dir='ltr'><strong>materia</strong></span> <span class='ocrx_word' id='word_1_410' title='bbox 921 4017 1039 4066; x_wconf 86' lang='lat' dir='ltr'><strong>erat</strong></span> <span class='ocrx_word' id='word_1_411' title='bbox 1067 4011 1193 4066; x_wconf 90' lang='lat' dir='ltr'><strong>talis</strong></span> <span class='ocrx_word' id='word_1_412' title='bbox 1233 4012 1289 4065; x_wconf 92' lang='lat' dir='ltr'><strong>in</strong></span> <span class='ocrx_word' id='word_1_413' title='bbox 1321 4011 1502 4066; x_wconf 91' lang='lat' dir='ltr'><strong>medio</strong></span> <span class='ocrx_word' id='word_1_414' title='bbox 1529 4020 1686 4069; x_wconf 88' lang='lat' dir='ltr'><strong>stans</strong></span> <span class='ocrx_word' id='word_1_415' title='bbox 1717 4015 2046 4071; x_wconf 73' lang='lat' dir='ltr'><strong>Alexander.</strong></span> 
     </span>
    </p>
   </div>
   <div class='ocr_carea' id='block_1_58' title="bbox 467 4094 2046 4176">
    <p class='ocr_par' dir='ltr' id='par_1_58' title="bbox 467 4094 2046 4176">
     <span class='ocr_line' id='line_1_58' title="bbox 467 4094 2046 4176; baseline 0.001 -16"><span class='ocrx_word' id='word_1_416' title='bbox 467 4094 545 4160; x_wconf 23' lang='lat' dir='ltr'><strong>&#39;At</strong></span> <span class='ocrx_word' id='word_1_417' title='bbox 579 4105 948 4174; x_wconf 85' lang='lat' dir='ltr'><strong>perspicacem</strong></span> <span class='ocrx_word' id='word_1_418' title='bbox 978 4104 1128 4157; x_wconf 91' lang='lat' dir='ltr'><strong>illum</strong></span> <span class='ocrx_word' id='word_1_419' title='bbox 1168 4104 1388 4158; x_wconf 86' lang='lat' dir='ltr'><strong>oculum</strong></span> <span class='ocrx_word' id='word_1_420' title='bbox 1424 4103 1580 4160; x_wconf 89' lang='lat' dir='ltr'><strong>valde</strong></span> <span class='ocrx_word' id='word_1_421' title='bbox 1599 4105 1651 4160; x_wconf 89' lang='lat' dir='ltr'><strong>id</strong></span> <span class='ocrx_word' id='word_1_422' title='bbox 1679 4110 2046 4176; x_wconf 85' lang='lat' dir='ltr'><strong>spectaculum</strong></span> 
     </span>
    </p>
   </div>
   <div class='ocr_carea' id='block_1_59' title="bbox 478 4193 2051 4265">
    <p class='ocr_par' dir='ltr' id='par_1_59' title="bbox 478 4193 2051 4265">
     <span class='ocr_line' id='line_1_59' title="bbox 478 4193 2051 4265; baseline 0.004 -18"><span class='ocrx_word' id='word_1_423' title='bbox 478 4193 944 4264; x_wconf 79' lang='lat' dir='ltr'><strong>obstupefaciebat</strong></span> <span class='ocrx_word' id='word_1_424' title='bbox 989 4193 1122 4247; x_wconf 79' lang='lat' dir='ltr'><strong>:vir</strong></span> <span class='ocrx_word' id='word_1_425' title='bbox 1180 4193 1232 4246; x_wconf 91' lang='lat' dir='ltr'><strong>in</strong></span> <span class='ocrx_word' id='word_1_426' title='bbox 1289 4203 1537 4248; x_wconf 79' lang='lat' dir='ltr'><strong>extrema</strong></span> <span class='ocrx_word' id='word_1_427' title='bbox 1582 4203 1940 4265; x_wconf 84' lang='lat' dir='ltr'><strong>paupertate,</strong></span> <span class='ocrx_word' id='word_1_428' title='bbox 1987 4213 2051 4252; x_wconf 89' lang='lat' dir='ltr'><strong>ac</strong></span> 
     </span>
    </p>
   </div>
   <div class='ocr_carea' id='block_1_60' title="bbox 479 4285 2049 4355">
    <p class='ocr_par' dir='ltr' id='par_1_60' title="bbox 479 4285 2049 4355">
     <span class='ocr_line' id='line_1_60' title="bbox 479 4285 2049 4355; baseline 0.003 -15"><span class='ocrx_word' id='word_1_429' title='bbox 479 4286 728 4355; x_wconf 86' lang='lat' dir='ltr'><strong>neglecto</strong></span> <span class='ocrx_word' id='word_1_430' title='bbox 757 4300 988 4354; x_wconf 89' lang='lat' dir='ltr'><strong>corpore</strong></span> <span class='ocrx_word' id='word_1_431' title='bbox 1010 4285 1254 4353; x_wconf 89' lang='lat' dir='ltr'><strong>seipsum</strong></span> <span class='ocrx_word' id='word_1_432' title='bbox 1280 4285 1459 4340; x_wconf 88' lang='lat' dir='ltr'><strong>solum</strong></span> <span class='ocrx_word' id='word_1_433' title='bbox 1489 4294 1767 4354; x_wconf 86' lang='lat' dir='ltr'><strong>spectans,</strong></span> <span class='ocrx_word' id='word_1_434' title='bbox 1795 4303 1859 4342; x_wconf 89' lang='lat' dir='ltr'><strong>ac</strong></span> <span class='ocrx_word' id='word_1_435' title='bbox 1883 4290 2049 4345; x_wconf 87' lang='lat' dir='ltr'><strong>veluti</strong></span> 
     </span>
    </p>
   </div>
   <div class='ocr_carea' id='block_1_61' title="bbox 477 4375 2048 4447">
    <p class='ocr_par' dir='ltr' id='par_1_61' title="bbox 477 4375 2048 4447">
     <span class='ocr_line' id='line_1_61' title="bbox 477 4375 2048 4447; baseline 0.003 -16"><span class='ocrx_word' id='word_1_436' title='bbox 477 4377 582 4432; x_wconf 85' lang='lat' dir='ltr'><strong>sibi</strong></span> <span class='ocrx_word' id='word_1_437' title='bbox 634 4377 857 4446; x_wconf 87' lang='lat' dir='ltr'><strong>placens</strong></span> <span class='ocrx_word' id='word_1_438' title='bbox 900 4386 953 4431; x_wconf 90' lang='lat' dir='ltr'><strong>et</strong></span> <span class='ocrx_word' id='word_1_439' title='bbox 1002 4376 1248 4446; x_wconf 84' lang='lat' dir='ltr'><strong>gaudens</strong></span> <span class='ocrx_word' id='word_1_440' title='bbox 1301 4390 1368 4430; x_wconf 92' lang='lat' dir='ltr'><strong>eo</strong></span> <span class='ocrx_word' id='word_1_441' title='bbox 1419 4375 1642 4440; x_wconf 85' lang='lat' dir='ltr'><strong>habitu,</strong></span> <span class='ocrx_word' id='word_1_442' title='bbox 1687 4378 1781 4447; x_wconf 92' lang='lat' dir='ltr'><strong>qui</strong></span> <span class='ocrx_word' id='word_1_443' title='bbox 1828 4379 2048 4435; x_wconf 86' lang='lat' dir='ltr'><strong>habitus</strong></span> 
     </span>
    </p>
   </div>
   <div class='ocr_carea' id='block_1_62' title="bbox 2149 1923 3724 1999">
    <p class='ocr_par' dir='ltr' id='par_1_62' title="bbox 2149 1923 3724 1999">
     <span class='ocr_line' id='line_1_62' title="bbox 2149 1923 3724 1999; baseline -0.004 -18"><span class='ocrx_word' id='word_1_444' title='bbox 2149 1929 2321 1982; x_wconf 78' lang='grc' dir='ltr'>ταῦτα</span> <span class='ocrx_word' id='word_1_445' title='bbox 2361 1930 2656 1998; x_wconf 74' lang='grc' dir='ltr'>ἐφθέγγετο</span> <span class='ocrx_word' id='word_1_446' title='bbox 2691 1929 2780 1999; x_wconf 80' lang='grc' dir='ltr'>τὴν</span> <span class='ocrx_word' id='word_1_447' title='bbox 2815 1928 3039 1999; x_wconf 84' lang='grc' dir='ltr'>γνώμην</span> <span class='ocrx_word' id='word_1_448' title='bbox 3068 1926 3368 1982; x_wconf 77' lang='grc' dir='ltr'>διαϐάλλων</span> <span class='ocrx_word' id='word_1_449' title='bbox 3400 1924 3588 1989; x_wconf 80' lang='grc' dir='ltr'>αὐτοῦ,</span> <span class='ocrx_word' id='word_1_450' title='bbox 3629 1923 3724 1978; x_wconf 79' lang='grc' dir='ltr'><strong>καὶ</strong></span> 
     </span>
    </p>
   </div>
   <div class='ocr_carea' id='block_1_63' title="bbox 2149 2019 3722 2092">
    <p class='ocr_par' dir='ltr' id='par_1_63' title="bbox 2149 2019 3722 2092">
     <span class='ocr_line' id='line_1_63' title="bbox 2149 2019 3722 2092; baseline -0.004 -18"><span class='ocrx_word' id='word_1_451' title='bbox 2149 2021 2238 2074; x_wconf 84' lang='grc' dir='ltr'><strong>διὰ</strong></span> <span class='ocrx_word' id='word_1_452' title='bbox 2269 2021 2370 2090; x_wconf 83' lang='grc' dir='ltr'>τῆς</span> <span class='ocrx_word' id='word_1_453' title='bbox 2410 2022 2698 2092; x_wconf 80' lang='grc' dir='ltr'>είρωνικῆς</span> <span class='ocrx_word' id='word_1_454' title='bbox 2740 2022 2943 2092; x_wconf 78' lang='grc' dir='ltr'>ταύτης</span> <span class='ocrx_word' id='word_1_455' title='bbox 2975 2021 3156 2090; x_wconf 67' lang='grc' dir='ltr'>ψήφου</span> <span class='ocrx_word' id='word_1_456' title='bbox 3193 2019 3292 2090; x_wconf 82' lang='grc' dir='ltr'>τὴν</span> <span class='ocrx_word' id='word_1_457' title='bbox 3323 2019 3415 2071; x_wconf 71' lang='grc' dir='ltr'><strong>ἐπὶ</strong></span> <span class='ocrx_word' id='word_1_458' title='bbox 3449 2019 3560 2079; x_wconf 78' lang='grc' dir='ltr'>τοῖς</span> <span class='ocrx_word' id='word_1_459' title='bbox 3588 2031 3722 2086; x_wconf 87' lang='grc' dir='ltr'>προ-</span> 
     </span>
    </p>
   </div>
   <div class='ocr_carea' id='block_1_64' title="bbox 2151 2107 3722 2184">
    <p class='ocr_par' dir='ltr' id='par_1_64' title="bbox 2151 2107 3722 2184">
     <span class='ocr_line' id='line_1_64' title="bbox 2151 2107 3722 2184; baseline -0.003 -21"><span class='ocrx_word' id='word_1_460' title='bbox 2151 2111 2406 2165; x_wconf 73' lang='grc' dir='ltr'>λαϐοῦσιν</span> <span class='ocrx_word' id='word_1_461' title='bbox 2434 2112 2722 2184; x_wconf 76' lang='grc' dir='ltr'>ἀκρίϐειαν</span> <span class='ocrx_word' id='word_1_462' title='bbox 2751 2112 3266 2184; x_wconf 84' lang='grc' dir='ltr'>καταμεμφόμενος.</span> <span class='ocrx_word' id='word_1_463' title='bbox 3294 2107 3386 2180; x_wconf 82' lang='grc' dir='ltr'><strong>Τῷ</strong></span> <span class='ocrx_word' id='word_1_464' title='bbox 3411 2109 3470 2162; x_wconf 68' lang='grc' dir='ltr'>δὲ</span> <span class='ocrx_word' id='word_1_465' title='bbox 3497 2107 3722 2178; x_wconf 76' lang='grc' dir='ltr'>μεγάλῳ</span> 
     </span>
    </p>
   </div>
   <div class='ocr_carea' id='block_1_65' title="bbox 2149 2195 3722 2271">
    <p class='ocr_par' dir='ltr' id='par_1_65' title="bbox 2149 2195 3722 2271">
     <span class='ocr_line' id='line_1_65' title="bbox 2149 2195 3722 2271; baseline -0.004 -17"><span class='ocrx_word' id='word_1_466' title='bbox 2149 2201 2359 2269; x_wconf 86' lang='grc' dir='ltr'>γίνεται</span> <span class='ocrx_word' id='word_1_467' title='bbox 2386 2197 2474 2254; x_wconf 81' lang='grc' dir='ltr'>διὰ</span> <span class='ocrx_word' id='word_1_468' title='bbox 2509 2201 2618 2254; x_wconf 85' lang='grc' dir='ltr'><strong>τῶν</strong></span> <span class='ocrx_word' id='word_1_469' title='bbox 2650 2202 2953 2271; x_wconf 71' lang='grc' dir='ltr'>εἰρημένων</span> <span class='ocrx_word' id='word_1_470' title='bbox 3000 2199 3274 2270; x_wconf 74' lang='grc' dir='ltr'>ἐνθύμιον,</span> <span class='ocrx_word' id='word_1_471' title='bbox 3323 2197 3400 2268; x_wconf 82' lang='grc' dir='ltr'>μὴ</span> <span class='ocrx_word' id='word_1_472' title='bbox 3444 2196 3593 2251; x_wconf 76' lang='grc' dir='ltr'>ἀθεεὶ</span> <span class='ocrx_word' id='word_1_473' title='bbox 3628 2195 3722 2249; x_wconf 78' lang='grc' dir='ltr'>τὸν</span> 
     </span>
    </p>
   </div>
   <div class='ocr_carea' id='block_1_66' title="bbox 2164 2286 3721 2363">
    <p class='ocr_par' dir='ltr' id='par_1_66' title="bbox 2164 2286 3721 2363">
     <span class='ocr_line' id='line_1_66' title="bbox 2164 2286 3721 2363; baseline -0.004 -19"><span class='ocrx_word' id='word_1_474' title='bbox 2164 2291 2506 2362; x_wconf 81' lang='grc' dir='ltr'>Ἀλέξανδρον</span> <span class='ocrx_word' id='word_1_475' title='bbox 2533 2292 2590 2345; x_wconf 79' lang='grc' dir='ltr'>ὲν</span> <span class='ocrx_word' id='word_1_476' title='bbox 2623 2292 2811 2363; x_wconf 77' lang='grc' dir='ltr'>μνήμῃ</span> <span class='ocrx_word' id='word_1_477' title='bbox 2828 2292 2936 2344; x_wconf 83' lang='grc' dir='ltr'>τῶν</span> <span class='ocrx_word' id='word_1_478' title='bbox 2969 2289 3352 2361; x_wconf 80' lang='grc' dir='ltr'>ψηφιζομένων</span> <span class='ocrx_word' id='word_1_479' title='bbox 3377 2286 3470 2341; x_wconf 79' lang='grc' dir='ltr'><strong>καὶ</strong></span> <span class='ocrx_word' id='word_1_480' title='bbox 3493 2287 3721 2358; x_wconf 74' lang='grc' dir='ltr'>εἰρημέ-</span> 
     </span>
    </p>
   </div>
   <div class='ocr_carea' id='block_1_67' title="bbox 2151 2370 3721 2450">
    <p class='ocr_par' dir='ltr' id='par_1_67' title="bbox 2151 2370 3721 2450">
     <span class='ocr_line' id='line_1_67' title="bbox 2151 2370 3721 2450; baseline -0.002 -16"><span class='ocrx_word' id='word_1_481' title='bbox 2151 2397 2256 2434; x_wconf 90' lang='grc' dir='ltr'><strong>νων</strong></span> <span class='ocrx_word' id='word_1_482' title='bbox 2267 2381 2536 2450; x_wconf 85' lang='grc' dir='ltr'>γενέσθαι.</span> <span class='ocrx_word' id='word_1_483' title='bbox 2551 2381 2660 2436; x_wconf 71' lang='grc' dir='ltr'><strong>Καὶ</strong></span> <span class='ocrx_word' id='word_1_484' title='bbox 2674 2382 2764 2446; x_wconf 85' lang='grc' dir='ltr'><strong>τίς</strong></span> <span class='ocrx_word' id='word_1_485' title='bbox 2773 2377 2974 2447; x_wconf 87' lang='grc' dir='ltr'>οὗτος,</span> <span class='ocrx_word' id='word_1_486' title='bbox 2989 2381 3172 2449; x_wconf 76' lang='grc' dir='ltr'>φησὶν,</span> <span class='ocrx_word' id='word_1_487' title='bbox 3187 2382 3218 2434; x_wconf 84' lang='grc' dir='ltr'><strong>ό</strong></span> <span class='ocrx_word' id='word_1_488' title='bbox 3234 2377 3635 2446; x_wconf 76' lang='grc' dir='ltr'>Ἀλέξανδρος,</span> <span class='ocrx_word' id='word_1_489' title='bbox 3646 2370 3721 2431; x_wconf 84' lang='grc' dir='ltr'>οὗ</span> 
     </span>
    </p>
   </div>
   <div class='ocr_carea' id='block_1_68' title="bbox 2152 2467 3723 2543">
    <p class='ocr_par' dir='ltr' id='par_1_68' title="bbox 2152 2467 3723 2543">
     <span class='ocr_line' id='line_1_68' title="bbox 2152 2467 3723 2543; baseline -0.005 -15"><span class='ocrx_word' id='word_1_490' title='bbox 2152 2473 2265 2541; x_wconf 82' lang='grc' dir='ltr'>τὴν</span> <span class='ocrx_word' id='word_1_491' title='bbox 2286 2473 2534 2543; x_wconf 77' lang='grc' dir='ltr'>μνήμην</span> <span class='ocrx_word' id='word_1_492' title='bbox 2551 2475 2882 2541; x_wconf 79' lang='grc' dir='ltr'>πεποίησθε</span> <span class='ocrx_word' id='word_1_493' title='bbox 2904 2489 2921 2536; x_wconf 83' lang='grc'><strong><em>;</em></strong></span> <span class='ocrx_word' id='word_1_494' title='bbox 2943 2469 3074 2526; x_wconf 79' lang='grc' dir='ltr'>Εῐτά</span> <span class='ocrx_word' id='word_1_495' title='bbox 3094 2483 3235 2535; x_wconf 80' lang='grc' dir='ltr'>τινος</span> <span class='ocrx_word' id='word_1_496' title='bbox 3265 2471 3373 2523; x_wconf 80' lang='grc' dir='ltr'><strong>τῶν</strong></span> <span class='ocrx_word' id='word_1_497' title='bbox 3405 2467 3723 2540; x_wconf 84' lang='grc' dir='ltr'>συμπαρόν-</span> 
     </span>
    </p>
   </div>
   <div class='ocr_carea' id='block_1_69' title="bbox 2151 2562 3723 2635">
    <p class='ocr_par' dir='ltr' id='par_1_69' title="bbox 2151 2562 3723 2635">
     <span class='ocr_line' id='line_1_69' title="bbox 2151 2562 3723 2635; baseline -0.004 -17"><span class='ocrx_word' id='word_1_498' title='bbox 2151 2582 2257 2618; x_wconf 86' lang='grc' dir='ltr'><strong>των</strong></span> <span class='ocrx_word' id='word_1_499' title='bbox 2281 2567 2339 2617; x_wconf 83' lang='grc' dir='ltr'>ὲν</span> <span class='ocrx_word' id='word_1_500' title='bbox 2367 2564 2561 2633; x_wconf 87' lang='grc' dir='ltr'>γέλωτι</span> <span class='ocrx_word' id='word_1_501' title='bbox 2592 2565 3006 2635; x_wconf 84' lang='grc' dir='ltr'>παραγαγόντος</span> <span class='ocrx_word' id='word_1_502' title='bbox 3029 2565 3109 2626; x_wconf 72' lang='grc' dir='ltr'><strong>εἰς</strong></span> <span class='ocrx_word' id='word_1_503' title='bbox 3127 2564 3290 2634; x_wconf 83' lang='grc' dir='ltr'>μέσον</span> <span class='ocrx_word' id='word_1_504' title='bbox 3302 2562 3391 2615; x_wconf 82' lang='grc' dir='ltr'>τὸν</span> <span class='ocrx_word' id='word_1_505' title='bbox 3415 2577 3518 2631; x_wconf 83' lang='grc' dir='ltr'><strong>μνη</strong></span> <span class='ocrx_word' id='word_1_506' title='bbox 3528 2575 3723 2630; x_wconf 72' lang='grc' dir='ltr'>μονευ-</span> 
     </span>
    </p>
   </div>
   <div class='ocr_carea' id='block_1_70' title="bbox 2151 2649 3724 2728">
    <p class='ocr_par' dir='ltr' id='par_1_70' title="bbox 2151 2649 3724 2728">
     <span class='ocr_line' id='line_1_70' title="bbox 2151 2649 3724 2728; baseline -0.004 -19"><span class='ocrx_word' id='word_1_507' title='bbox 2151 2655 2334 2719; x_wconf 83' lang='grc' dir='ltr'>θέντα,</span> <span class='ocrx_word' id='word_1_508' title='bbox 2367 2656 2578 2727; x_wconf 77' lang='grc' dir='ltr'>ῥακίοις</span> <span class='ocrx_word' id='word_1_509' title='bbox 2622 2658 2869 2728; x_wconf 85' lang='grc' dir='ltr'>πιναροῖς</span> <span class='ocrx_word' id='word_1_510' title='bbox 2914 2654 3321 2726; x_wconf 76' lang='grc' dir='ltr'>ἠμφιεσμένον,</span> <span class='ocrx_word' id='word_1_511' title='bbox 3357 2652 3477 2705; x_wconf 72' lang='grc' dir='ltr'>οὐδὲ</span> <span class='ocrx_word' id='word_1_512' title='bbox 3506 2651 3613 2722; x_wconf 83' lang='grc' dir='ltr'>ὅλῳ</span> <span class='ocrx_word' id='word_1_513' title='bbox 3642 2649 3724 2720; x_wconf 78' lang='grc' dir='ltr'><strong>τῷ</strong></span> 
     </span>
    </p>
   </div>
   <div class='ocr_carea' id='block_1_71' title="bbox 2155 2739 3724 2817">
    <p class='ocr_par' dir='ltr' id='par_1_71' title="bbox 2155 2739 3724 2817">
     <span class='ocr_line' id='line_1_71' title="bbox 2155 2739 3724 2817; baseline -0.004 -19"><span class='ocrx_word' id='word_1_514' title='bbox 2155 2746 2405 2817; x_wconf 85' lang='grc' dir='ltr'>σώματι,</span> <span class='ocrx_word' id='word_1_515' title='bbox 2479 2747 2576 2800; x_wconf 70' lang='grc' dir='ltr'>καὶ</span> <span class='ocrx_word' id='word_1_516' title='bbox 2633 2745 2749 2816; x_wconf 74' lang='grc' dir='ltr'>ἅμα</span> <span class='ocrx_word' id='word_1_517' title='bbox 2805 2744 3090 2798; x_wconf 81' lang='grc' dir='ltr'>δεικνύντα</span> <span class='ocrx_word' id='word_1_518' title='bbox 3140 2742 3218 2814; x_wconf 82' lang='grc' dir='ltr'>τῷ</span> <span class='ocrx_word' id='word_1_519' title='bbox 3275 2740 3580 2812; x_wconf 80' lang='grc' dir='ltr'>φαινομένῳ</span> <span class='ocrx_word' id='word_1_520' title='bbox 3624 2739 3724 2808; x_wconf 83' lang='grc' dir='ltr'>τὴν</span> 
     </span>
    </p>
   </div>
   <div class='ocr_carea' id='block_1_72' title="bbox 2152 2828 3724 2906">
    <p class='ocr_par' dir='ltr' id='par_1_72' title="bbox 2152 2828 3724 2906">
     <span class='ocr_line' id='line_1_72' title="bbox 2152 2828 3724 2906; baseline -0.004 -18"><span class='ocrx_word' id='word_1_521' title='bbox 2152 2836 2413 2906; x_wconf 72' lang='grc' dir='ltr'>ἐργασίαν</span> <span class='ocrx_word' id='word_1_522' title='bbox 2459 2835 2616 2906; x_wconf 87' lang='grc' dir='ltr'>χερσί</span> <span class='ocrx_word' id='word_1_523' title='bbox 2659 2852 2719 2888; x_wconf 87' lang='grc' dir='ltr'><strong>τε</strong></span> <span class='ocrx_word' id='word_1_524' title='bbox 2768 2837 2862 2888; x_wconf 71' lang='grc' dir='ltr'><strong>καὶ⁹</strong></span> <span class='ocrx_word' id='word_1_525' title='bbox 2917 2833 3230 2906; x_wconf 78' lang='grc' dir='ltr'>προσώπῳ,</span> <span class='ocrx_word' id='word_1_526' title='bbox 3284 2831 3380 2885; x_wconf 78' lang='grc' dir='ltr'><strong>καὶ</strong></span> <span class='ocrx_word' id='word_1_527' title='bbox 3428 2829 3507 2900; x_wconf 81' lang='grc' dir='ltr'>τῷ</span> <span class='ocrx_word' id='word_1_528' title='bbox 3551 2828 3724 2898; x_wconf 81' lang='grc' dir='ltr'>λοιπῷ</span> 
     </span>
    </p>
   </div>
   <div class='ocr_carea' id='block_1_73' title="bbox 2154 2920 3723 2996">
    <p class='ocr_par' dir='ltr' id='par_1_73' title="bbox 2154 2920 3723 2996">
     <span class='ocr_line' id='line_1_73' title="bbox 2154 2920 3723 2996; baseline -0.004 -19"><span class='ocrx_word' id='word_1_529' title='bbox 2154 2925 2365 2995; x_wconf 87' lang='grc' dir='ltr'>σώματι</span> <span class='ocrx_word' id='word_1_530' title='bbox 2404 2925 2898 2996; x_wconf 81' lang='grc' dir='ltr'>κατερρυπωμένον</span> <span class='ocrx_word' id='word_1_531' title='bbox 2917 2927 2982 2995; x_wconf 80' lang='grc' dir='ltr'><strong>τῇ</strong></span> <span class='ocrx_word' id='word_1_532' title='bbox 3006 2923 3238 2995; x_wconf 75' lang='grc' dir='ltr'>ἐργασίᾳ</span> <span class='ocrx_word' id='word_1_533' title='bbox 3274 2923 3382 2975; x_wconf 84' lang='grc' dir='ltr'>τῶν</span> <span class='ocrx_word' id='word_1_534' title='bbox 3411 2920 3723 2991; x_wconf 73' lang='grc' dir='ltr'>ἀνθράκων,</span> 
     </span>
    </p>
   </div>
   <div class='ocr_carea' id='block_1_74' title="bbox 2151 3010 3726 3086">
    <p class='ocr_par' dir='ltr' id='par_1_74' title="bbox 2151 3010 3726 3086">
     <span class='ocr_line' id='line_1_74' title="bbox 2151 3010 3726 3086; baseline -0.004 -17"><span class='ocrx_word' id='word_1_535' title='bbox 2151 3017 2265 3079; x_wconf 86' lang='grc' dir='ltr'>τοῖς</span> <span class='ocrx_word' id='word_1_536' title='bbox 2330 3016 2426 3086; x_wconf 81' lang='grc' dir='ltr'>μὲν</span> <span class='ocrx_word' id='word_1_537' title='bbox 2489 3015 2697 3079; x_wconf 84' lang='grc' dir='ltr'>λοιποῖς</span> <span class='ocrx_word' id='word_1_538' title='bbox 2751 3017 2984 3084; x_wconf 81' lang='grc' dir='ltr'>γέλωτος</span> <span class='ocrx_word' id='word_1_539' title='bbox 3049 3012 3117 3086; x_wconf 76' lang='grc' dir='ltr'>ἦν</span> <span class='ocrx_word' id='word_1_540' title='bbox 3188 3012 3474 3076; x_wconf 82' lang='grc' dir='ltr'>ὑπόθεσις,</span> <span class='ocrx_word' id='word_1_541' title='bbox 3525 3011 3584 3065; x_wconf 71' lang='grc' dir='ltr'>ὲν</span> <span class='ocrx_word' id='word_1_542' title='bbox 3626 3010 3726 3080; x_wconf 78' lang='grc' dir='ltr'>μέ-</span> 
     </span>
    </p>
   </div>
   <div class='ocr_carea' id='block_1_75' title="bbox 2156 3101 3727 3175">
    <p class='ocr_par' dir='ltr' id='par_1_75' title="bbox 2156 3101 3727 3175">
     <span class='ocr_line' id='line_1_75' title="bbox 2156 3101 3727 3175; baseline -0.005 -16"><span class='ocrx_word' id='word_1_543' title='bbox 2156 3121 2267 3170; x_wconf 83' lang='grc' dir='ltr'>σοις</span> <span class='ocrx_word' id='word_1_544' title='bbox 2309 3105 2548 3170; x_wconf 85' lang='grc' dir='ltr'>τοιοῦτος</span> <span class='ocrx_word' id='word_1_545' title='bbox 2597 3105 2766 3169; x_wconf 79' lang='grc' dir='ltr'>ἑστὼς</span> <span class='ocrx_word' id='word_1_546' title='bbox 2821 3108 2848 3160; x_wconf 89' lang='grc' dir='ltr'><strong>ό</strong></span> <span class='ocrx_word' id='word_1_547' title='bbox 2892 3105 3257 3175; x_wconf 65' lang='grc' dir='ltr'>Ἀλέξανδρος,</span> <span class='ocrx_word' id='word_1_548' title='bbox 3310 3102 3391 3172; x_wconf 85' lang='grc' dir='ltr'>τῷ</span> <span class='ocrx_word' id='word_1_549' title='bbox 3439 3101 3498 3155; x_wconf 82' lang='grc' dir='ltr'>δὲ</span> <span class='ocrx_word' id='word_1_550' title='bbox 3542 3101 3727 3168; x_wconf 84' lang='grc' dir='ltr'>διορα-</span> 
     </span>
    </p>
   </div>
   <div class='ocr_carea' id='block_1_76' title="bbox 2151 3191 3726 3268">
    <p class='ocr_par' dir='ltr' id='par_1_76' title="bbox 2151 3191 3726 3268">
     <span class='ocr_line' id='line_1_76' title="bbox 2151 3191 3726 3268; baseline -0.005 -17"><span class='ocrx_word' id='word_1_551' title='bbox 2151 3193 2288 3268; x_wconf 86' lang='grc' dir='ltr'><strong>τικῷ</strong></span> <span class='ocrx_word' id='word_1_552' title='bbox 2321 3197 2514 3268; x_wconf 75' lang='grc' dir='ltr'>ἐκείνῳ</span> <span class='ocrx_word' id='word_1_553' title='bbox 2540 3196 2802 3268; x_wconf 83' lang='grc' dir='ltr'>ὀφθαλμῷ</span> <span class='ocrx_word' id='word_1_554' title='bbox 2843 3197 3041 3268; x_wconf 79' lang='grc' dir='ltr'>πολλὴν</span> <span class='ocrx_word' id='word_1_555' title='bbox 3083 3198 3340 3267; x_wconf 79' lang='grc' dir='ltr'>παρεῖχεν</span> <span class='ocrx_word' id='word_1_556' title='bbox 3378 3191 3634 3264; x_wconf 71' lang='grc' dir='ltr'>ἔκπληξιν</span> <span class='ocrx_word' id='word_1_557' title='bbox 3661 3191 3726 3244; x_wconf 81' lang='grc' dir='ltr'>τὸ</span> 
     </span>
    </p>
   </div>
   <div class='ocr_carea' id='block_1_77' title="bbox 2149 3283 3720 3359">
    <p class='ocr_par' dir='ltr' id='par_1_77' title="bbox 2149 3283 3720 3359">
     <span class='ocr_line' id='line_1_77' title="bbox 2149 3283 3720 3359; baseline -0.001 -19"><span class='ocrx_word' id='word_1_558' title='bbox 2149 3287 2432 3358; x_wconf 88' lang='grc' dir='ltr'>γινόμενόν</span> <span class='ocrx_word' id='word_1_559' title='bbox 2467 3307 2526 3342; x_wconf 90' lang='grc' dir='ltr'><strong>τε</strong></span> <span class='ocrx_word' id='word_1_560' title='bbox 2557 3290 2649 3342; x_wconf 77' lang='grc' dir='ltr'><strong>καὶ</strong></span> <span class='ocrx_word' id='word_1_561' title='bbox 2695 3288 2972 3359; x_wconf 75' lang='grc' dir='ltr'>ὁρώμενον</span> <span class='ocrx_word' id='word_1_562' title='bbox 2993 3302 3008 3318; x_wconf 82' lang='lat'>&#39;</span> <span class='ocrx_word' id='word_1_563' title='bbox 3053 3287 3191 3358; x_wconf 80' lang='grc' dir='ltr'>ἀνὴρ</span> <span class='ocrx_word' id='word_1_564' title='bbox 3215 3287 3272 3340; x_wconf 86' lang='grc' dir='ltr'>ὲν</span> <span class='ocrx_word' id='word_1_565' title='bbox 3304 3286 3516 3357; x_wconf 76' lang='grc' dir='ltr'>ἐσχάτῃ.</span> <span class='ocrx_word' id='word_1_566' title='bbox 3536 3283 3720 3355; x_wconf 82' lang='grc' dir='ltr'>πενίᾳ,</span> 
     </span>
    </p>
   </div>
   <div class='ocr_carea' id='block_1_78' title="bbox 2151 3377 3723 3450">
    <p class='ocr_par' dir='ltr' id='par_1_78' title="bbox 2151 3377 3723 3450">
     <span class='ocr_line' id='line_1_78' title="bbox 2151 3377 3723 3450; baseline -0.001 -18"><span class='ocrx_word' id='word_1_567' title='bbox 2151 3379 2246 3432; x_wconf 72' lang='grc' dir='ltr'>καὶ</span> <span class='ocrx_word' id='word_1_568' title='bbox 2289 3379 2696 3450; x_wconf 86' lang='grc' dir='ltr'>ἀπημελημένῳ</span> <span class='ocrx_word' id='word_1_569' title='bbox 2727 3379 2802 3449; x_wconf 81' lang='grc' dir='ltr'>τῷ</span> <span class='ocrx_word' id='word_1_570' title='bbox 2843 3380 3052 3450; x_wconf 86' lang='grc' dir='ltr'>σώματι</span> <span class='ocrx_word' id='word_1_571' title='bbox 3082 3379 3217 3448; x_wconf 75' lang='grc' dir='ltr'>πρὸς</span> <span class='ocrx_word' id='word_1_572' title='bbox 3268 3379 3458 3432; x_wconf 77' lang='grc' dir='ltr'>ἑαυτὸν</span> <span class='ocrx_word' id='word_1_573' title='bbox 3488 3377 3723 3448; x_wconf 78' lang='grc' dir='ltr'>βλέπων,</span> 
     </span>
    </p>
   </div>
   <div class='ocr_carea' id='block_1_79' title="bbox 2149 3466 3725 3540">
    <p class='ocr_par' dir='ltr' id='par_1_79' title="bbox 2149 3466 3725 3540">
     <span class='ocr_line' id='line_1_79' title="bbox 2149 3466 3725 3540; baseline -0.002 -16"><span class='ocrx_word' id='word_1_574' title='bbox 2149 3471 2244 3524; x_wconf 76' lang='grc' dir='ltr'><strong>καὶ</strong></span> <span class='ocrx_word' id='word_1_575' title='bbox 2287 3466 2397 3523; x_wconf 78' lang='grc' dir='ltr'>οἷον</span> <span class='ocrx_word' id='word_1_576' title='bbox 2437 3470 2873 3540; x_wconf 70' lang='grc' dir='ltr'>ἐπαγαλλόμενος</span> <span class='ocrx_word' id='word_1_577' title='bbox 2913 3469 3086 3539; x_wconf 83' lang='grc' dir='ltr'>τούτῳ</span> <span class='ocrx_word' id='word_1_578' title='bbox 3122 3469 3199 3539; x_wconf 88' lang='grc' dir='ltr'>τῷ</span> <span class='ocrx_word' id='word_1_579' title='bbox 3243 3470 3516 3539; x_wconf 83' lang='grc' dir='ltr'>σχήματι,</span> <span class='ocrx_word' id='word_1_580' title='bbox 3559 3468 3588 3521; x_wconf 80' lang='grc' dir='ltr'><strong>ὃ</strong></span> <span class='ocrx_word' id='word_1_581' title='bbox 3612 3470 3725 3531; x_wconf 74' lang='grc' dir='ltr'>τοῖς</span> 
     </span>
    </p>
   </div>
   <div class='ocr_carea' id='block_1_80' title="bbox 2149 3555 3726 3631">
    <p class='ocr_par' dir='ltr' id='par_1_80' title="bbox 2149 3555 3726 3631">
     <span class='ocr_line' id='line_1_80' title="bbox 2149 3555 3726 3631; baseline -0.003 -17"><span class='ocrx_word' id='word_1_582' title='bbox 2149 3561 2494 3624; x_wconf 82' lang='grc' dir='ltr'>ἀπαιδεύτοις</span> <span class='ocrx_word' id='word_1_583' title='bbox 2540 3561 2837 3631; x_wconf 78' lang='grc' dir='ltr'>ὀφθαλμοῖς</span> <span class='ocrx_word' id='word_1_584' title='bbox 2883 3555 2951 3631; x_wconf 84' lang='grc' dir='ltr'>ἦν</span> <span class='ocrx_word' id='word_1_585' title='bbox 3009 3559 3381 3626; x_wconf 75' lang='grc' dir='ltr'>ἑπιγέλαστον.</span> <span class='ocrx_word' id='word_1_586' title='bbox 3456 3558 3566 3613; x_wconf 74' lang='grc' dir='ltr'><strong>Καὶ</strong></span> <span class='ocrx_word' id='word_1_587' title='bbox 3614 3558 3726 3630; x_wconf 82' lang='grc' dir='ltr'><strong>γὰρ</strong></span> 
     </span>
    </p>
   </div>
   <div class='ocr_carea' id='block_1_81' title="bbox 2148 3644 3722 3718">
    <p class='ocr_par' dir='ltr' id='par_1_81' title="bbox 2148 3644 3722 3718">
     <span class='ocr_line' id='line_1_81' title="bbox 2148 3644 3722 3718; baseline 0.001 -20"><span class='ocrx_word' id='word_1_588' title='bbox 2148 3644 2326 3708; x_wconf 84' lang='grc' dir='ltr'>οὕτως·</span> <span class='ocrx_word' id='word_1_589' title='bbox 2364 3645 2498 3716; x_wconf 79' lang='grc' dir='ltr'>εχει.</span> <span class='ocrx_word' id='word_1_590' title='bbox 2553 3647 2664 3700; x_wconf 68' lang='grc' dir='ltr'><strong>Καὶ</strong></span> <span class='ocrx_word' id='word_1_591' title='bbox 2716 3649 2814 3700; x_wconf 80' lang='grc' dir='ltr'><strong>οὐκ</strong></span> <span class='ocrx_word' id='word_1_592' title='bbox 2847 3647 3062 3718; x_wconf 82' lang='grc' dir='ltr'><strong>ἀνάγκῃ</strong></span> <span class='ocrx_word' id='word_1_593' title='bbox 3107 3647 3296 3710; x_wconf 82' lang='grc' dir='ltr'>πενίας</span> <span class='ocrx_word' id='word_1_594' title='bbox 3343 3647 3437 3700; x_wconf 77' lang='grc' dir='ltr'><strong>ἐπὶ</strong></span> <span class='ocrx_word' id='word_1_595' title='bbox 3477 3646 3567 3700; x_wconf 82' lang='grc' dir='ltr'>τὸν</span> <span class='ocrx_word' id='word_1_596' title='bbox 3612 3663 3722 3700; x_wconf 67' lang='lat' dir='ltr'><strong>tor.-</strong></span> 
     </span>
    </p>
   </div>
   <div class='ocr_carea' id='block_1_82' title="bbox 2148 3736 3726 3812">
    <p class='ocr_par' dir='ltr' id='par_1_82' title="bbox 2148 3736 3726 3812">
     <span class='ocr_line' id='line_1_82' title="bbox 2148 3736 3726 3812; baseline 0.003 -22"><span class='ocrx_word' id='word_1_597' title='bbox 2148 3737 2302 3792; x_wconf 87' lang='grc' dir='ltr'>οὗτον</span> <span class='ocrx_word' id='word_1_598' title='bbox 2335 3739 2582 3810; x_wconf 70' lang='grc' dir='ltr'>ἐληλύθει</span> <span class='ocrx_word' id='word_1_599' title='bbox 2619 3739 2730 3808; x_wconf 84' lang='grc' dir='ltr'>βίον</span> <span class='ocrx_word' id='word_1_600' title='bbox 2753 3779 2767 3805; x_wconf 85' lang='grc'><strong>,</strong></span> <span class='ocrx_word' id='word_1_601' title='bbox 2819 3740 2954 3796; x_wconf 79' lang='grc' dir='ltr'><strong>ἀλλά</strong></span> <span class='ocrx_word' id='word_1_602' title='bbox 2998 3741 3092 3793; x_wconf 75' lang='grc' dir='ltr'><strong>καὶ</strong></span> <span class='ocrx_word' id='word_1_603' title='bbox 3129 3740 3418 3810; x_wconf 83' lang='grc' dir='ltr'>φιλόσοφός</span> <span class='ocrx_word' id='word_1_604' title='bbox 3450 3756 3534 3805; x_wconf 89' lang='grc' dir='ltr'><strong>τις</strong></span> <span class='ocrx_word' id='word_1_605' title='bbox 3581 3736 3650 3812; x_wconf 81' lang='grc' dir='ltr'>ἦν</span> <span class='ocrx_word' id='word_1_606' title='bbox 3694 3743 3726 3794; x_wconf 84' lang='grc' dir='ltr'>ὁ</span> 
     </span>
    </p>
   </div>
   <div class='ocr_carea' id='block_1_83' title="bbox 2150 3829 3728 3904">
    <p class='ocr_par' dir='ltr' id='par_1_83' title="bbox 2150 3829 3728 3904">
     <span class='ocr_line' id='line_1_83' title="bbox 2150 3829 3728 3904; baseline 0.002 -22"><span class='ocrx_word' id='word_1_607' title='bbox 2150 3829 2309 3900; x_wconf 75' lang='grc' dir='ltr'>ἀνὴρ,</span> <span class='ocrx_word' id='word_1_608' title='bbox 2350 3831 2425 3894; x_wconf 86' lang='grc' dir='ltr'>ὡς</span> <span class='ocrx_word' id='word_1_609' title='bbox 2454 3833 2482 3884; x_wconf 77' lang='grc' dir='ltr'><strong>ὁ</strong></span> <span class='ocrx_word' id='word_1_610' title='bbox 2520 3833 2656 3901; x_wconf 82' lang='grc' dir='ltr'><strong>μετά</strong></span> <span class='ocrx_word' id='word_1_611' title='bbox 2686 3831 2857 3885; x_wconf 85' lang='grc' dir='ltr'>ταῦτα</span> <span class='ocrx_word' id='word_1_612' title='bbox 2892 3831 3005 3901; x_wconf 86' lang='grc' dir='ltr'>βίος</span> <span class='ocrx_word' id='word_1_613' title='bbox 3041 3831 3326 3904; x_wconf 77' lang='grc' dir='ltr'>ἐγνώρισε,</span> <span class='ocrx_word' id='word_1_614' title='bbox 3361 3834 3455 3886; x_wconf 78' lang='grc' dir='ltr'><strong>καὶ</strong></span> <span class='ocrx_word' id='word_1_615' title='bbox 3484 3832 3590 3885; x_wconf 84' lang='grc' dir='ltr'>τῶν</span> <span class='ocrx_word' id='word_1_616' title='bbox 3615 3831 3728 3885; x_wconf 84' lang='grc' dir='ltr'>λοι-</span> 
     </span>
    </p>
   </div>
   <div class='ocr_carea' id='block_1_84' title="bbox 2151 3919 3725 3994">
    <p class='ocr_par' dir='ltr' id='par_1_84' title="bbox 2151 3919 3725 3994">
     <span class='ocr_line' id='line_1_84' title="bbox 2151 3919 3725 3994; baseline 0.003 -23"><span class='ocrx_word' id='word_1_617' title='bbox 2151 3919 2268 3972; x_wconf 82' lang='grc' dir='ltr'>πῶν</span> <span class='ocrx_word' id='word_1_618' title='bbox 2293 3920 2653 3992; x_wconf 79' lang='grc' dir='ltr'>ὑψηλότερος,</span> <span class='ocrx_word' id='word_1_619' title='bbox 2698 3921 2772 3984; x_wconf 84' lang='grc' dir='ltr'>ὡς</span> <span class='ocrx_word' id='word_1_620' title='bbox 2813 3922 2906 3976; x_wconf 74' lang='grc' dir='ltr'><strong>καὶ</strong></span> <span class='ocrx_word' id='word_1_621' title='bbox 2941 3922 3103 3994; x_wconf 89' lang='grc' dir='ltr'>μέχρι</span> <span class='ocrx_word' id='word_1_622' title='bbox 3144 3923 3446 3994; x_wconf 85' lang='grc' dir='ltr'>μαρτυρίου</span> <span class='ocrx_word' id='word_1_623' title='bbox 3496 3922 3725 3991; x_wconf 84' lang='grc' dir='ltr'>φθάσαι,</span> 
     </span>
    </p>
   </div>
   <div class='ocr_carea' id='block_1_85' title="bbox 2150 4010 3726 4083">
    <p class='ocr_par' dir='ltr' id='par_1_85' title="bbox 2150 4010 3726 4083">
     <span class='ocr_line' id='line_1_85' title="bbox 2150 4010 3726 4083; baseline 0.002 -20"><span class='ocrx_word' id='word_1_624' title='bbox 2150 4010 2238 4064; x_wconf 85' lang='grc' dir='ltr'>διὰ</span> <span class='ocrx_word' id='word_1_625' title='bbox 2259 4011 2430 4081; x_wconf 77' lang='grc' dir='ltr'>πυρὸς</span> <span class='ocrx_word' id='word_1_626' title='bbox 2465 4010 2759 4075; x_wconf 82' lang='grc' dir='ltr'>τελειώσας</span> <span class='ocrx_word' id='word_1_627' title='bbox 2783 4014 2873 4065; x_wconf 78' lang='grc' dir='ltr'>τὸν</span> <span class='ocrx_word' id='word_1_628' title='bbox 2901 4013 3116 4083; x_wconf 84' lang='grc' dir='ltr'>δρόμον.</span> <span class='ocrx_word' id='word_1_629' title='bbox 3144 4014 3216 4067; x_wconf 83' lang='grc' dir='ltr'>Τὸ</span> <span class='ocrx_word' id='word_1_630' title='bbox 3243 4014 3300 4066; x_wconf 87' lang='grc' dir='ltr'>δὲ</span> <span class='ocrx_word' id='word_1_631' title='bbox 3323 4013 3603 4067; x_wconf 80' lang='grc' dir='ltr'>λανθάνειν</span> <span class='ocrx_word' id='word_1_632' title='bbox 3623 4015 3726 4066; x_wconf 78' lang='grc' dir='ltr'>έπ-</span> 
     </span>
    </p>
   </div>
   <div class='ocr_carea' id='block_1_86' title="bbox 2151 4102 3724 4176">
    <p class='ocr_par' dir='ltr' id='par_1_86' title="bbox 2151 4102 3724 4176">
     <span class='ocr_line' id='line_1_86' title="bbox 2151 4102 3724 4176; baseline 0.003 -22"><span class='ocrx_word' id='word_1_633' title='bbox 2151 4102 2450 4174; x_wconf 83' lang='grc' dir='ltr'>εχείρησεν,</span> <span class='ocrx_word' id='word_1_634' title='bbox 2492 4103 2525 4174; x_wconf 80' lang='grc' dir='ltr'>ἢ</span> <span class='ocrx_word' id='word_1_635' title='bbox 2561 4103 2760 4173; x_wconf 79' lang='grc' dir='ltr'>μᾶλλον</span> <span class='ocrx_word' id='word_1_636' title='bbox 2794 4105 3137 4174; x_wconf 76' lang='grc' dir='ltr'>ἐπετήδευσε,</span> <span class='ocrx_word' id='word_1_637' title='bbox 3167 4105 3430 4175; x_wconf 81' lang='grc' dir='ltr'>κρείττων</span> <span class='ocrx_word' id='word_1_638' title='bbox 3460 4105 3724 4176; x_wconf 79' lang='grc' dir='ltr'>ὑπάρχων</span> 
     </span>
    </p>
   </div>
   <div class='ocr_carea' id='block_1_87' title="bbox 2149 4193 3717 4268">
    <p class='ocr_par' dir='ltr' id='par_1_87' title="bbox 2149 4193 3717 4268">
     <span class='ocr_line' id='line_1_87' title="bbox 2149 4193 3717 4268; baseline 0.001 -22"><span class='ocrx_word' id='word_1_639' title='bbox 2149 4193 2252 4262; x_wconf 76' lang='grc' dir='ltr'>τῆς</span> <span class='ocrx_word' id='word_1_640' title='bbox 2299 4195 2744 4266; x_wconf 82' lang='grc' dir='ltr'>ὲσπουδασμένης</span> <span class='ocrx_word' id='word_1_641' title='bbox 2797 4196 2947 4266; x_wconf 85' lang='grc' dir='ltr'>παρὰ</span> <span class='ocrx_word' id='word_1_642' title='bbox 2995 4195 3103 4248; x_wconf 86' lang='grc' dir='ltr'><strong>τῶν</strong></span> <span class='ocrx_word' id='word_1_643' title='bbox 3153 4195 3362 4249; x_wconf 84' lang='grc' dir='ltr'>πολλῶν</span> <span class='ocrx_word' id='word_1_644' title='bbox 3402 4196 3717 4268; x_wconf 84' lang='grc' dir='ltr'>εὐκληρίας,</span> 
     </span>
    </p>
   </div>
   <div class='ocr_carea' id='block_1_88' title="bbox 2153 4287 3722 4361">
    <p class='ocr_par' dir='ltr' id='par_1_88' title="bbox 2153 4287 3722 4361">
     <span class='ocr_line' id='line_1_88' title="bbox 2153 4287 3722 4361; baseline 0.003 -21"><span class='ocrx_word' id='word_1_645' title='bbox 2153 4287 2246 4340; x_wconf 72' lang='grc' dir='ltr'><strong>καὶ</strong></span> <span class='ocrx_word' id='word_1_646' title='bbox 2280 4287 2394 4340; x_wconf 87' lang='grc' dir='ltr'>ἀντ’</span> <span class='ocrx_word' id='word_1_647' title='bbox 2417 4287 2631 4352; x_wconf 75' lang='grc' dir='ltr'>οὐδενὸς</span> <span class='ocrx_word' id='word_1_648' title='bbox 2653 4290 2744 4342; x_wconf 76' lang='grc' dir='ltr'><strong>τὸν</strong></span> <span class='ocrx_word' id='word_1_649' title='bbox 2773 4289 2884 4358; x_wconf 77' lang='grc' dir='ltr'>βίον</span> <span class='ocrx_word' id='word_1_650' title='bbox 2906 4289 3243 4360; x_wconf 83' lang='grc' dir='ltr'>ποιούμενος,</span> <span class='ocrx_word' id='word_1_651' title='bbox 3265 4291 3362 4360; x_wconf 87' lang='grc' dir='ltr'>τῆς</span> <span class='ocrx_word' id='word_1_652' title='bbox 3385 4290 3722 4361; x_wconf 74' lang='grc' dir='ltr'>ὑψηλοτέρας</span> 
     </span>
    </p>
   </div>
   <div class='ocr_carea' id='block_1_89' title="bbox 2149 4378 3722 4451">
    <p class='ocr_par' dir='ltr' id='par_1_89' title="bbox 2149 4378 3722 4451">
     <span class='ocr_line' id='line_1_89' title="bbox 2149 4378 3722 4451; baseline 0.002 -21"><span class='ocrx_word' id='word_1_653' title='bbox 2149 4394 2208 4431; x_wconf 86' lang='grc' dir='ltr'><strong>τε</strong></span> <span class='ocrx_word' id='word_1_654' title='bbox 2238 4379 2334 4432; x_wconf 78' lang='grc' dir='ltr'><strong>καὶ</strong></span> <span class='ocrx_word' id='word_1_655' title='bbox 2365 4378 2597 4450; x_wconf 80' lang='grc' dir='ltr'>ἀληθοῦς</span> <span class='ocrx_word' id='word_1_656' title='bbox 2622 4379 2764 4448; x_wconf 77' lang='grc' dir='ltr'>ζωῆς</span> <span class='ocrx_word' id='word_1_657' title='bbox 2793 4380 2888 4450; x_wconf 76' lang='grc' dir='ltr'>τὴν</span> <span class='ocrx_word' id='word_1_658' title='bbox 2913 4381 3205 4451; x_wconf 76' lang='grc' dir='ltr'>ἐπιθυμίαν</span> <span class='ocrx_word' id='word_1_659' title='bbox 3232 4381 3388 4451; x_wconf 79' lang='grc' dir='ltr'>ἔχων.</span> <span class='ocrx_word' id='word_1_660' title='bbox 3419 4382 3528 4434; x_wconf 77' lang='grc' dir='ltr'><strong>Καὶ</strong></span> <span class='ocrx_word' id='word_1_661' title='bbox 3550 4382 3624 4444; x_wconf 82' lang='grc' dir='ltr'>ὼς</span> <span class='ocrx_word' id='word_1_662' title='bbox 3651 4379 3722 4434; x_wconf 71' lang='grc' dir='ltr'>ἂν</span> 
     </span>
    </p>
   </div>
   <div class='ocr_carea' id='block_1_90' title="bbox 475 4463 2048 4543">
    <p class='ocr_par' dir='ltr' id='par_1_90' title="bbox 475 4463 2042 4532">
     <span class='ocr_line' id='line_1_90' title="bbox 475 4463 2042 4532; baseline 0.003 -12"><span class='ocrx_word' id='word_1_663' title='bbox 475 4464 653 4520; x_wconf 90' lang='lat' dir='ltr'><strong>oculis</strong></span> <span class='ocrx_word' id='word_1_664' title='bbox 706 4465 973 4532; x_wconf 88' lang='lat' dir='ltr'><strong>imperitis</strong></span> <span class='ocrx_word' id='word_1_665' title='bbox 1023 4463 1294 4518; x_wconf 87' lang='lat' dir='ltr'><strong>ridiculus</strong></span> <span class='ocrx_word' id='word_1_666' title='bbox 1327 4470 1465 4518; x_wconf 87' lang='lat' dir='ltr'><strong>erat.</strong></span> <span class='ocrx_word' id='word_1_667' title='bbox 1511 4463 1724 4520; x_wconf 86' lang='lat' dir='ltr'><strong>Etenim</strong></span> <span class='ocrx_word' id='word_1_668' title='bbox 1758 4466 1829 4520; x_wconf 90' lang='lat' dir='ltr'><strong>ita</strong></span> <span class='ocrx_word' id='word_1_669' title='bbox 1864 4483 1922 4523; x_wconf 88' lang='lat' dir='ltr'><strong>se</strong></span> <span class='ocrx_word' id='word_1_670' title='bbox 1953 4484 2042 4524; x_wconf 84' lang='lat' dir='ltr'><strong>res</strong></span> 
     </span>
    </p>
   </div>
   <div class='ocr_carea' id='block_1_91' title="bbox 2149 4463 3722 4543">
    <p class='ocr_par' dir='ltr' id='par_1_91' title="bbox 2152 4467 3722 4543">
     <span class='ocr_line' id='line_1_91' title="bbox 2152 4467 3722 4543; baseline 0.001 -22"><span class='ocrx_word' id='word_1_671' title='bbox 2152 4467 2384 4538; x_wconf 87' lang='grc' dir='ltr'>μάλιστα</span> <span class='ocrx_word' id='word_1_672' title='bbox 2417 4469 2509 4521; x_wconf 80' lang='grc' dir='ltr'>τὸν</span> <span class='ocrx_word' id='word_1_673' title='bbox 2540 4469 2676 4539; x_wconf 81' lang='grc' dir='ltr'>πρὸς</span> <span class='ocrx_word' id='word_1_674' title='bbox 2703 4470 2904 4540; x_wconf 81' lang='grc' dir='ltr'>ἀρετὴν</span> <span class='ocrx_word' id='word_1_675' title='bbox 2949 4472 3149 4524; x_wconf 81' lang='grc' dir='ltr'>σκοπὸν</span> <span class='ocrx_word' id='word_1_676' title='bbox 3174 4470 3559 4543; x_wconf 82' lang='grc' dir='ltr'>κατορθώσειε,</span> <span class='ocrx_word' id='word_1_677' title='bbox 3593 4471 3722 4524; x_wconf 62' lang='grc' dir='ltr'>λαντ-</span> 
     </span>
    </p>
   </div>
   <div class='ocr_carea' id='block_1_92' title="bbox 476 4553 2050 4625">
    <p class='ocr_par' dir='ltr' id='par_1_92' title="bbox 476 4553 2050 4625">
     <span class='ocr_line' id='line_1_92' title="bbox 476 4553 2050 4625; baseline 0.001 -15"><span class='ocrx_word' id='word_1_678' title='bbox 476 4555 734 4610; x_wconf 87' lang='lat' dir='ltr'><strong>habebat.</strong></span> <span class='ocrx_word' id='word_1_679' title='bbox 764 4553 879 4608; x_wconf 85' lang='lat' dir='ltr'><strong>Non</strong></span> <span class='ocrx_word' id='word_1_680' title='bbox 911 4562 1140 4624; x_wconf 81' lang='lat' dir='ltr'><strong>urgente</strong></span> <span class='ocrx_word' id='word_1_681' title='bbox 1177 4561 1502 4624; x_wconf 87' lang='lat' dir='ltr'><strong>paupertate</strong></span> <span class='ocrx_word' id='word_1_682' title='bbox 1521 4554 1590 4608; x_wconf 91' lang='lat' dir='ltr'><strong>ad</strong></span> <span class='ocrx_word' id='word_1_683' title='bbox 1627 4555 1894 4625; x_wconf 84' lang='lat' dir='ltr'><strong>ejusmodi</strong></span> <span class='ocrx_word' id='word_1_684' title='bbox 1929 4560 2050 4613; x_wconf 72' lang='lat' dir='ltr'><strong>vitae</strong></span> 
     </span>
    </p>
   </div>
   <div class='ocr_carea' id='block_1_93' title="bbox 473 4644 2048 4717">
    <p class='ocr_par' dir='ltr' id='par_1_93' title="bbox 473 4644 2048 4717">
     <span class='ocr_line' id='line_1_93' title="bbox 473 4644 2048 4717; baseline 0.002 -16"><span class='ocrx_word' id='word_1_685' title='bbox 473 4661 650 4717; x_wconf 85' lang='lat' dir='ltr'><strong>genus</strong></span> <span class='ocrx_word' id='word_1_686' title='bbox 673 4646 987 4709; x_wconf 84' lang='lat' dir='ltr'><strong>devenerat,</strong></span> <span class='ocrx_word' id='word_1_687' title='bbox 1023 4644 1118 4698; x_wconf 89' lang='lat' dir='ltr'><strong>sed</strong></span> <span class='ocrx_word' id='word_1_688' title='bbox 1155 4644 1516 4715; x_wconf 89' lang='lat' dir='ltr'><strong>philosophus</strong></span> <span class='ocrx_word' id='word_1_689' title='bbox 1550 4647 1768 4717; x_wconf 90' lang='lat' dir='ltr'><strong>quidam</strong></span> <span class='ocrx_word' id='word_1_690' title='bbox 1802 4649 1885 4702; x_wconf 82' lang='lat' dir='ltr'><strong>vir</strong></span> <span class='ocrx_word' id='word_1_691' title='bbox 1907 4659 2048 4716; x_wconf 90' lang='lat' dir='ltr'><strong>erat,</strong></span> 
     </span>
    </p>
   </div>
   <div class='ocr_carea' id='block_1_94' title="bbox 392 4735 2049 4807">
    <p class='ocr_par' dir='ltr' id='par_1_94' title="bbox 392 4735 2049 4807">
     <span class='ocr_line' id='line_1_94' title="bbox 392 4735 2049 4807; baseline 0.003 -17"><span class='ocrx_word' id='word_1_692' title='bbox 392 4767 395 4771; x_wconf 98' lang='lat'><strong><em>-</em></strong></span> <span class='ocrx_word' id='word_1_693' title='bbox 471 4735 933 4807; x_wconf 84' lang='lat' dir='ltr'><strong>quemadmodum</strong></span> <span class='ocrx_word' id='word_1_694' title='bbox 997 4735 1248 4789; x_wconf 88' lang='lat' dir='ltr'><strong>insecuta</strong></span> <span class='ocrx_word' id='word_1_695' title='bbox 1298 4736 1409 4791; x_wconf 85' lang='lat' dir='ltr'><strong>vita</strong></span> <span class='ocrx_word' id='word_1_696' title='bbox 1471 4738 1771 4803; x_wconf 90' lang='lat' dir='ltr'><strong>indicavit,</strong></span> <span class='ocrx_word' id='word_1_697' title='bbox 1825 4741 1960 4795; x_wconf 87' lang='lat' dir='ltr'><strong>adeo</strong></span> <span class='ocrx_word' id='word_1_698' title='bbox 1989 4749 2049 4795; x_wconf 91' lang='lat' dir='ltr'><strong>ut</strong></span> 
     </span>
    </p>
   </div>
   <div class='ocr_carea' id='block_1_95' title="bbox 470 4827 2046 4900">
    <p class='ocr_par' dir='ltr' id='par_1_95' title="bbox 470 4827 2046 4900">
     <span class='ocr_line' id='line_1_95' title="bbox 470 4827 2046 4900; baseline 0.001 -17"><span class='ocrx_word' id='word_1_699' title='bbox 470 4831 638 4883; x_wconf 82' lang='lat' dir='ltr'><strong>etiam</strong></span> <span class='ocrx_word' id='word_1_700' title='bbox 669 4828 735 4882; x_wconf 87' lang='lat' dir='ltr'><strong>ad</strong></span> <span class='ocrx_word' id='word_1_701' title='bbox 773 4827 1092 4897; x_wconf 81' lang='lat' dir='ltr'><strong>martyrium</strong></span> <span class='ocrx_word' id='word_1_702' title='bbox 1143 4841 1321 4897; x_wconf 89' lang='lat' dir='ltr'><strong>usque</strong></span> <span class='ocrx_word' id='word_1_703' title='bbox 1363 4830 1704 4897; x_wconf 88' lang='lat' dir='ltr'><strong>pervenerit,</strong></span> <span class='ocrx_word' id='word_1_704' title='bbox 1738 4844 1835 4898; x_wconf 90' lang='lat' dir='ltr'><strong>per</strong></span> <span class='ocrx_word' id='word_1_705' title='bbox 1867 4830 2046 4900; x_wconf 87' lang='lat' dir='ltr'><strong>ignem</strong></span> 
     </span>
    </p>
   </div>
   <div class='ocr_carea' id='block_1_96' title="bbox 472 4921 2042 4990">
    <p class='ocr_par' dir='ltr' id='par_1_96' title="bbox 472 4921 2042 4990">
     <span class='ocr_line' id='line_1_96' title="bbox 472 4921 2042 4990; baseline -0.006 -7"><span class='ocrx_word' id='word_1_706' title='bbox 472 4944 641 4983; x_wconf 90' lang='lat' dir='ltr'><strong>cursu</strong></span> <span class='ocrx_word' id='word_1_707' title='bbox 666 4926 944 4983; x_wconf 76' lang='lat' dir='ltr'><strong>confecto.</strong></span> <span class='ocrx_word' id='word_1_708' title='bbox 969 4927 1170 4982; x_wconf 87' lang='lat' dir='ltr'><strong>Latere</strong></span> <span class='ocrx_word' id='word_1_709' title='bbox 1199 4933 1380 4979; x_wconf 88' lang='lat' dir='ltr'><strong>autem</strong></span> <span class='ocrx_word' id='word_1_710' title='bbox 1407 4923 1589 4980; x_wconf 83' lang='lat' dir='ltr'><strong>dedita</strong></span> <span class='ocrx_word' id='word_1_711' title='bbox 1615 4936 1780 4990; x_wconf 87' lang='lat' dir='ltr'><strong>opera</strong></span> <span class='ocrx_word' id='word_1_712' title='bbox 1806 4921 2042 4984; x_wconf 85' lang='lat' dir='ltr'><strong>volebat,</strong></span> 
     </span>
    </p>
   </div>
   <div class='ocr_carea' id='block_1_97' title="bbox 475 5013 2044 5090">
    <p class='ocr_par' dir='ltr' id='par_1_97' title="bbox 475 5013 2044 5090">
     <span class='ocr_line' id='line_1_97' title="bbox 475 5013 2044 5090; baseline -0.005 -16"><span class='ocrx_word' id='word_1_713' title='bbox 475 5021 656 5074; x_wconf 86' lang='lat' dir='ltr'><strong>altiori</strong></span> <span class='ocrx_word' id='word_1_714' title='bbox 705 5020 891 5074; x_wconf 91' lang='lat' dir='ltr'><strong>animo</strong></span> <span class='ocrx_word' id='word_1_715' title='bbox 917 5019 1180 5090; x_wconf 57' lang='lat' dir='ltr'><strong>prsiditus</strong></span> <span class='ocrx_word' id='word_1_716' title='bbox 1207 5057 1222 5082; x_wconf 90' lang='lat'><strong>,</strong></span> <span class='ocrx_word' id='word_1_717' title='bbox 1253 5031 1418 5087; x_wconf 85' lang='lat' dir='ltr'><strong>quant</strong></span> <span class='ocrx_word' id='word_1_718' title='bbox 1450 5026 1508 5068; x_wconf 87' lang='lat' dir='ltr'><strong>ut</strong></span> <span class='ocrx_word' id='word_1_719' title='bbox 1533 5029 1652 5068; x_wconf 88' lang='lat' dir='ltr'><strong>eam</strong></span> <span class='ocrx_word' id='word_1_720' title='bbox 1679 5053 1694 5078; x_wconf 94' lang='lat'><strong>,</strong></span> <span class='ocrx_word' id='word_1_721' title='bbox 1731 5027 1853 5081; x_wconf 72' lang='lat' dir='ltr'><strong>qua:</strong></span> <span class='ocrx_word' id='word_1_722' title='bbox 1883 5013 2044 5082; x_wconf 85' lang='lat' dir='ltr'><strong>vulgo</strong></span> 
     </span>
    </p>
   </div>
   <div class='ocr_carea' id='block_1_98' title="bbox 473 5103 2043 5183">
    <p class='ocr_par' dir='ltr' id='par_1_98' title="bbox 473 5103 2043 5183">
     <span class='ocr_line' id='line_1_98' title="bbox 473 5103 2043 5183; baseline -0.007 -15"><span class='ocrx_word' id='word_1_723' title='bbox 473 5115 765 5183; x_wconf 75' lang='lat' dir='ltr'><strong>expetitur,</strong></span> <span class='ocrx_word' id='word_1_724' title='bbox 796 5111 1109 5166; x_wconf 78' lang='lat' dir='ltr'><strong>felicitatem</strong></span> <span class='ocrx_word' id='word_1_725' title='bbox 1156 5118 1395 5168; x_wconf 88' lang='lat' dir='ltr'><strong>curaret.</strong></span> <span class='ocrx_word' id='word_1_726' title='bbox 1440 5121 1504 5160; x_wconf 90' lang='lat' dir='ltr'><strong>ac</strong></span> <span class='ocrx_word' id='word_1_727' title='bbox 1539 5119 1636 5175; x_wconf 91' lang='lat' dir='ltr'><strong>pro</strong></span> <span class='ocrx_word' id='word_1_728' title='bbox 1668 5103 1839 5157; x_wconf 85' lang='lat' dir='ltr'><strong>nihilo</strong></span> <span class='ocrx_word' id='word_1_729' title='bbox 1867 5119 2043 5158; x_wconf 68' lang='lat' dir='ltr'><strong>saecu-</strong></span> 
     </span>
    </p>
   </div>
   <div class='ocr_carea' id='block_1_99' title="bbox 476 5195 2044 5272">
    <p class='ocr_par' dir='ltr' id='par_1_99' title="bbox 476 5195 2044 5272">
     <span class='ocr_line' id='line_1_99' title="bbox 476 5195 2044 5272; baseline -0.004 -16"><span class='ocrx_word' id='word_1_730' title='bbox 476 5206 586 5256; x_wconf 93' lang='lat' dir='ltr'><strong>lum</strong></span> <span class='ocrx_word' id='word_1_731' title='bbox 630 5203 900 5268; x_wconf 88' lang='lat' dir='ltr'><strong>ducebat,</strong></span> <span class='ocrx_word' id='word_1_732' title='bbox 945 5217 1011 5257; x_wconf 90' lang='lat' dir='ltr'><strong>eo</strong></span> <span class='ocrx_word' id='word_1_733' title='bbox 1063 5201 1208 5272; x_wconf 87' lang='lat' dir='ltr'><strong>quod</strong></span> <span class='ocrx_word' id='word_1_734' title='bbox 1255 5209 1310 5255; x_wconf 90' lang='lat' dir='ltr'><strong>et</strong></span> <span class='ocrx_word' id='word_1_735' title='bbox 1354 5196 1606 5254; x_wconf 81' lang='lat' dir='ltr'><strong>sublimis</strong></span> <span class='ocrx_word' id='word_1_736' title='bbox 1649 5203 1704 5249; x_wconf 93' lang='lat' dir='ltr'><strong>et</strong></span> <span class='ocrx_word' id='word_1_737' title='bbox 1751 5209 1892 5249; x_wconf 75' lang='lat' dir='ltr'><strong>vera:</strong></span> <span class='ocrx_word' id='word_1_738' title='bbox 1919 5195 2044 5249; x_wconf 81' lang='lat' dir='ltr'><strong>vitae</strong></span> 
     </span>
    </p>
   </div>
   <div class='ocr_carea' id='block_1_100' title="bbox 2148 4555 3722 4633">
    <p class='ocr_par' dir='ltr' id='par_1_100' title="bbox 2148 4555 3722 4633">
     <span class='ocr_line' id='line_1_100' title="bbox 2148 4555 3722 4633; baseline 0.003 -25"><span class='ocrx_word' id='word_1_739' title='bbox 2148 4555 2326 4609; x_wconf 88' lang='grc' dir='ltr'>θάνειν</span> <span class='ocrx_word' id='word_1_740' title='bbox 2355 4558 2669 4627; x_wconf 79' lang='grc' dir='ltr'>ἐμηχανᾶτο</span> <span class='ocrx_word' id='word_1_741' title='bbox 2725 4558 2965 4621; x_wconf 82' lang='grc' dir='ltr'>τοιοῦτος</span> <span class='ocrx_word' id='word_1_742' title='bbox 2997 4560 3099 4626; x_wconf 84' lang='grc' dir='ltr'>ὢν,</span> <span class='ocrx_word' id='word_1_743' title='bbox 3138 4561 3219 4631; x_wconf 84' lang='grc' dir='ltr'><strong>τῷ</strong></span> <span class='ocrx_word' id='word_1_744' title='bbox 3261 4560 3569 4633; x_wconf 82' lang='grc' dir='ltr'>ἀτιμοτέρῳ</span> <span class='ocrx_word' id='word_1_745' title='bbox 3608 4560 3722 4613; x_wconf 83' lang='grc' dir='ltr'><strong>τῶν</strong></span> 
     </span>
    </p>
   </div>
   <div class='ocr_carea' id='block_1_101' title="bbox 2146 4643 3723 4723">
    <p class='ocr_par' dir='ltr' id='par_1_101' title="bbox 2146 4643 3723 4723">
     <span class='ocr_line' id='line_1_101' title="bbox 2146 4643 3723 4723; baseline 0.003 -25"><span class='ocrx_word' id='word_1_746' title='bbox 2146 4646 2593 4716; x_wconf 73' lang='grc' dir='ltr'>ἐπιτηδευμάτων</span> <span class='ocrx_word' id='word_1_747' title='bbox 2623 4643 2734 4701; x_wconf 74' lang='grc' dir='ltr'>οἷον</span> <span class='ocrx_word' id='word_1_748' title='bbox 2760 4649 2990 4720; x_wconf 85' lang='grc' dir='ltr'>εἰδεχθεί</span> <span class='ocrx_word' id='word_1_749' title='bbox 3016 4651 3345 4723; x_wconf 84' lang='grc' dir='ltr'>προσωπείῳ</span> <span class='ocrx_word' id='word_1_750' title='bbox 3375 4651 3723 4723; x_wconf 80' lang='grc' dir='ltr'>ύποκρυπτό-</span> 
     </span>
    </p>
   </div>
   <div class='ocr_carea' id='block_1_102' title="bbox 2151 4737 3717 4815">
    <p class='ocr_par' dir='ltr' id='par_1_102' title="bbox 2151 4737 3717 4815">
     <span class='ocr_line' id='line_1_102' title="bbox 2151 4737 3717 4815; baseline 0.002 -25"><span class='ocrx_word' id='word_1_751' title='bbox 2151 4751 2329 4805; x_wconf 84' lang='grc' dir='ltr'>μενος.</span> <span class='ocrx_word' id='word_1_752' title='bbox 2367 4737 2576 4803; x_wconf 77' lang='grc' dir='ltr'>’Ἄλλως</span> <span class='ocrx_word' id='word_1_753' title='bbox 2601 4739 2678 4802; x_wconf 83' lang='grc' dir='ltr'>δὲ,</span> <span class='ocrx_word' id='word_1_754' title='bbox 2712 4742 2806 4794; x_wconf 74' lang='grc' dir='ltr'><strong>καὶ</strong></span> <span class='ocrx_word' id='word_1_755' title='bbox 2835 4742 3154 4813; x_wconf 82' lang='grc' dir='ltr'>ύπερανθῶν</span> <span class='ocrx_word' id='word_1_756' title='bbox 3183 4746 3250 4814; x_wconf 78' lang='grc' dir='ltr'><strong>τῇ</strong></span> <span class='ocrx_word' id='word_1_757' title='bbox 3285 4744 3524 4815; x_wconf 87' lang='grc' dir='ltr'>νεότητι,</span> <span class='ocrx_word' id='word_1_758' title='bbox 3575 4759 3717 4811; x_wconf 65' lang='grc' dir='ltr'>σφα-</span> 
     </span>
    </p>
   </div>
   <div class='ocr_carea' id='block_1_103' title="bbox 2146 4826 3719 4905">
    <p class='ocr_par' dir='ltr' id='par_1_103' title="bbox 2146 4826 3719 4905">
     <span class='ocr_line' id='line_1_103' title="bbox 2146 4826 3719 4905; baseline 0.004 -27"><span class='ocrx_word' id='word_1_759' title='bbox 2146 4826 2300 4898; x_wconf 79' lang='grc' dir='ltr'>λερον</span> <span class='ocrx_word' id='word_1_760' title='bbox 2330 4829 2515 4898; x_wconf 84' lang='grc' dir='ltr'>ἠγεῖτο</span> <span class='ocrx_word' id='word_1_761' title='bbox 2543 4830 2620 4900; x_wconf 83' lang='grc' dir='ltr'>τῷ</span> <span class='ocrx_word' id='word_1_762' title='bbox 2671 4836 2772 4902; x_wconf 74' lang='grc' dir='ltr'>τῆς</span> <span class='ocrx_word' id='word_1_763' title='bbox 2816 4834 3168 4904; x_wconf 85' lang='grc' dir='ltr'>σωφροσύνης</span> <span class='ocrx_word' id='word_1_764' title='bbox 3214 4834 3430 4905; x_wconf 81' lang='grc' dir='ltr'>σκοπῷ,</span> <span class='ocrx_word' id='word_1_765' title='bbox 3486 4832 3719 4902; x_wconf 78' lang='grc' dir='ltr'>φανερὸν</span> 
     </span>
    </p>
   </div>
   <div class='ocr_carea' id='block_1_104' title="bbox 2150 4920 3714 4995">
    <p class='ocr_par' dir='ltr' id='par_1_104' title="bbox 2150 4920 3714 4995">
     <span class='ocr_line' id='line_1_104' title="bbox 2150 4920 3714 4995; baseline 0.006 -26"><span class='ocrx_word' id='word_1_766' title='bbox 2150 4921 2322 4970; x_wconf 88' lang='grc' dir='ltr'>ποιεῖν</span> <span class='ocrx_word' id='word_1_767' title='bbox 2357 4920 2418 4973; x_wconf 84' lang='grc' dir='ltr'>τὸ</span> <span class='ocrx_word' id='word_1_768' title='bbox 2472 4923 2662 4988; x_wconf 84' lang='grc' dir='ltr'>κάλλος</span> <span class='ocrx_word' id='word_1_769' title='bbox 2709 4923 2805 4977; x_wconf 79' lang='grc' dir='ltr'>τοῦ</span> <span class='ocrx_word' id='word_1_770' title='bbox 2855 4924 3104 4995; x_wconf 89' lang='grc' dir='ltr'>σώματος</span> <span class='ocrx_word' id='word_1_771' title='bbox 3137 4923 3334 4986; x_wconf 83' lang='grc' dir='ltr'>αὐτοῦ,</span> <span class='ocrx_word' id='word_1_772' title='bbox 3381 4924 3568 4995; x_wconf 83' lang='grc' dir='ltr'>ὥσπερ</span> <span class='ocrx_word' id='word_1_773' title='bbox 3611 4926 3714 4993; x_wconf 76' lang='grc' dir='ltr'><strong>ὲμο</strong></span> 
     </span>
    </p>
   </div>
   <div class='ocr_carea' id='block_1_105' title="bbox 2153 5013 3718 5086">
    <p class='ocr_par' dir='ltr' id='par_1_105' title="bbox 2153 5013 3718 5086">
     <span class='ocr_line' id='line_1_105' title="bbox 2153 5013 3718 5086; baseline -0.001 -18"><span class='ocrx_word' id='word_1_774' title='bbox 2153 5013 2448 5084; x_wconf 84' lang='grc' dir='ltr'>πομπεύων</span> <span class='ocrx_word' id='word_1_775' title='bbox 2476 5017 2542 5084; x_wconf 82' lang='grc' dir='ltr'>τῇ</span> <span class='ocrx_word' id='word_1_776' title='bbox 2572 5014 2838 5086; x_wconf 71' lang='grc' dir='ltr'>εὐκληρίᾳ</span> <span class='ocrx_word' id='word_1_777' title='bbox 2867 5015 2965 5084; x_wconf 83' lang='grc' dir='ltr'>τῆς</span> <span class='ocrx_word' id='word_1_778' title='bbox 2996 5015 3209 5083; x_wconf 80' lang='grc' dir='ltr'>φύσεως</span> <span class='ocrx_word' id='word_1_779' title='bbox 3235 5029 3247 5044; x_wconf 78' lang='grc'><strong><em>⁸</em></strong></span> <span class='ocrx_word' id='word_1_780' title='bbox 3279 5014 3394 5085; x_wconf 75' lang='grc' dir='ltr'>ᾔδει</span> <span class='ocrx_word' id='word_1_781' title='bbox 3419 5015 3528 5086; x_wconf 85' lang='grc' dir='ltr'><strong>γὰρ</strong></span> <span class='ocrx_word' id='word_1_782' title='bbox 3555 5014 3718 5084; x_wconf 87' lang='grc' dir='ltr'>χαλε-</span> 
     </span>
    </p>
   </div>
   <div class='ocr_carea' id='block_1_106' title="bbox 2152 5105 3718 5180">
    <p class='ocr_par' dir='ltr' id='par_1_106' title="bbox 2152 5105 3718 5180">
     <span class='ocr_line' id='line_1_106' title="bbox 2152 5105 3718 5180; baseline 0 -22"><span class='ocrx_word' id='word_1_783' title='bbox 2152 5106 2268 5159; x_wconf 80' lang='grc' dir='ltr'>πῶν</span> <span class='ocrx_word' id='word_1_784' title='bbox 2301 5107 2753 5176; x_wconf 81' lang='grc' dir='ltr'>καταπτωμάτων</span> <span class='ocrx_word' id='word_1_785' title='bbox 2781 5108 3034 5180; x_wconf 80' lang='grc' dir='ltr'>ἀφορμὴν</span> <span class='ocrx_word' id='word_1_786' title='bbox 3057 5110 3171 5172; x_wconf 84' lang='grc' dir='ltr'>τοῖς</span> <span class='ocrx_word' id='word_1_787' title='bbox 3211 5107 3426 5172; x_wconf 86' lang='grc' dir='ltr'>πολλοῖς</span> <span class='ocrx_word' id='word_1_788' title='bbox 3450 5106 3510 5160; x_wconf 87' lang='grc' dir='ltr'><strong>τὸ</strong></span> <span class='ocrx_word' id='word_1_789' title='bbox 3543 5105 3718 5159; x_wconf 74' lang='grc' dir='ltr'>τοιοῦ-</span> 
     </span>
    </p>
   </div>
   <div class='ocr_carea' id='block_1_107' title="bbox 2148 5198 2570 5268">
    <p class='ocr_par' dir='ltr' id='par_1_107' title="bbox 2148 5198 2570 5268">
     <span class='ocr_line' id='line_1_107' title="bbox 2148 5198 2570 5268; baseline 0 -17"><span class='ocrx_word' id='word_1_790' title='bbox 2148 5215 2239 5251; x_wconf 89' lang='grc' dir='ltr'><strong>τον</strong></span> <span class='ocrx_word' id='word_1_791' title='bbox 2269 5198 2570 5268; x_wconf 87' lang='grc' dir='ltr'>γινόμενον.</span> 
     </span>
    </p>
   </div>
   <div class='ocr_carea' id='block_1_108' title="bbox 476 5291 3717 5368">
    <p class='ocr_par' dir='ltr' id='par_1_108' title="bbox 476 5291 3717 5368">
     <span class='ocr_line' id='line_1_108' title="bbox 476 5291 3717 5368; baseline -0.002 -15"><span class='ocrx_word' id='word_1_792' title='bbox 476 5298 655 5354; x_wconf 87' lang='lat' dir='ltr'><strong>studio</strong></span> <span class='ocrx_word' id='word_1_793' title='bbox 688 5305 984 5354; x_wconf 89' lang='lat' dir='ltr'><strong>teneretur.</strong></span> <span class='ocrx_word' id='word_1_794' title='bbox 1013 5298 1081 5352; x_wconf 86' lang='lat' dir='ltr'><strong>Et</strong></span> <span class='ocrx_word' id='word_1_795' title='bbox 1115 5303 1174 5350; x_wconf 92' lang='lat' dir='ltr'><strong>ut</strong></span> <span class='ocrx_word' id='word_1_796' title='bbox 1215 5295 1452 5350; x_wconf 79' lang='lat' dir='ltr'><strong>maxime</strong></span> <span class='ocrx_word' id='word_1_797' title='bbox 1489 5293 1750 5347; x_wconf 88' lang='lat' dir='ltr'><strong>virtutem</strong></span> <span class='ocrx_word' id='word_1_798' title='bbox 1782 5291 1851 5346; x_wconf 88' lang='lat' dir='ltr'><strong>ad</strong></span> <span class='ocrx_word' id='word_1_799' title='bbox 1918 5307 2086 5363; x_wconf 89' lang='lat' dir='ltr'><strong>quam</strong></span> <span class='ocrx_word' id='word_1_800' title='bbox 2127 5295 2440 5362; x_wconf 88' lang='lat' dir='ltr'><strong>aspirabat,</strong></span> <span class='ocrx_word' id='word_1_801' title='bbox 2495 5307 2914 5364; x_wconf 88' lang='lat' dir='ltr'><strong>assequeretur,</strong></span> <span class='ocrx_word' id='word_1_802' title='bbox 2957 5312 3176 5368; x_wconf 79' lang='lat' dir='ltr'><strong>operam</strong></span> <span class='ocrx_word' id='word_1_803' title='bbox 3231 5296 3429 5360; x_wconf 84' lang='lat' dir='ltr'><strong>dabat,</strong></span> <span class='ocrx_word' id='word_1_804' title='bbox 3488 5303 3548 5348; x_wconf 92' lang='lat' dir='ltr'><strong>ut</strong></span> <span class='ocrx_word' id='word_1_805' title='bbox 3589 5292 3717 5346; x_wconf 89' lang='lat' dir='ltr'><strong>talis</strong></span> 
     </span>
    </p>
   </div>
   <div class='ocr_carea' id='block_1_109' title="bbox 477 5381 3718 5458">
    <p class='ocr_par' dir='ltr' id='par_1_109' title="bbox 477 5381 3718 5458">
     <span class='ocr_line' id='line_1_109' title="bbox 477 5381 3718 5458; baseline -0.002 -17"><span class='ocrx_word' id='word_1_806' title='bbox 477 5402 598 5442; x_wconf 79' lang='lat' dir='ltr'><strong>esse</strong></span> <span class='ocrx_word' id='word_1_807' title='bbox 625 5388 994 5458; x_wconf 85' lang='lat' dir='ltr'><strong>ignoraretur,</strong></span> <span class='ocrx_word' id='word_1_808' title='bbox 1028 5386 1428 5455; x_wconf 82' lang='lat' dir='ltr'><strong>conteinptiore</strong></span> <span class='ocrx_word' id='word_1_809' title='bbox 1469 5395 1668 5452; x_wconf 86' lang='lat' dir='ltr'><strong>genere</strong></span> <span class='ocrx_word' id='word_1_810' title='bbox 1705 5381 1832 5435; x_wconf 82' lang='lat' dir='ltr'><strong>vitae</strong></span> <span class='ocrx_word' id='word_1_811' title='bbox 1871 5381 2041 5436; x_wconf 90' lang='lat' dir='ltr'><strong>veluti</strong></span> <span class='ocrx_word' id='word_1_812' title='bbox 2118 5382 2260 5452; x_wconf 90' lang='lat' dir='ltr'><strong>turpi</strong></span> <span class='ocrx_word' id='word_1_813' title='bbox 2325 5384 2560 5452; x_wconf 87' lang='lat' dir='ltr'><strong>quadam</strong></span> <span class='ocrx_word' id='word_1_814' title='bbox 2593 5400 2824 5455; x_wconf 83' lang='lat' dir='ltr'><strong>persona</strong></span> <span class='ocrx_word' id='word_1_815' title='bbox 2856 5401 2978 5441; x_wconf 87' lang='lat' dir='ltr'><strong>sese</strong></span> <span class='ocrx_word' id='word_1_816' title='bbox 3020 5387 3324 5442; x_wconf 78' lang='lat' dir='ltr'><strong>occultans.</strong></span> <span class='ocrx_word' id='word_1_817' title='bbox 3361 5389 3539 5454; x_wconf 79' lang='lat' dir='ltr'><strong>Atque</strong></span> <span class='ocrx_word' id='word_1_818' title='bbox 3579 5383 3718 5436; x_wconf 86' lang='lat' dir='ltr'><strong>alio-</strong></span> 
     </span>
    </p>
   </div>
   <div class='ocr_carea' id='block_1_110' title="bbox 473 5472 3717 5548">
    <p class='ocr_par' dir='ltr' id='par_1_110' title="bbox 473 5472 3717 5548">
     <span class='ocr_line' id='line_1_110' title="bbox 473 5472 3717 5548; baseline -0.002 -16"><span class='ocrx_word' id='word_1_819' title='bbox 473 5478 607 5548; x_wconf 91' lang='lat' dir='ltr'><strong>quin</strong></span> <span class='ocrx_word' id='word_1_820' title='bbox 653 5477 846 5542; x_wconf 79' lang='lat' dir='ltr'><strong>etiam,</strong></span> <span class='ocrx_word' id='word_1_821' title='bbox 875 5475 1020 5547; x_wconf 88' lang='lat' dir='ltr'><strong>quod</strong></span> <span class='ocrx_word' id='word_1_822' title='bbox 1044 5477 1244 5530; x_wconf 80' lang='lat' dir='ltr'><strong>eximio</strong></span> <span class='ocrx_word' id='word_1_823' title='bbox 1281 5473 1414 5528; x_wconf 79' lang='lat' dir='ltr'><strong>ﬂore</strong></span> <span class='ocrx_word' id='word_1_824' title='bbox 1437 5473 1743 5542; x_wconf 78' lang='lat' dir='ltr'><strong>iuventutis</strong></span> <span class='ocrx_word' id='word_1_825' title='bbox 1772 5472 2035 5542; x_wconf 72' lang='lat' dir='ltr'><strong>praeditus</strong></span> <span class='ocrx_word' id='word_1_826' title='bbox 2072 5479 2254 5538; x_wconf 70' lang='lat' dir='ltr'><strong>esset,</strong></span> <span class='ocrx_word' id='word_1_827' title='bbox 2294 5475 2664 5542; x_wconf 85' lang='lat' dir='ltr'><strong>periculosum</strong></span> <span class='ocrx_word' id='word_1_828' title='bbox 2697 5492 2819 5532; x_wconf 86' lang='lat' dir='ltr'><strong>esse</strong></span> <span class='ocrx_word' id='word_1_829' title='bbox 2842 5477 3079 5531; x_wconf 88' lang='lat' dir='ltr'><strong>ducebat</strong></span> <span class='ocrx_word' id='word_1_830' title='bbox 3139 5477 3226 5541; x_wconf 87' lang='lat' dir='ltr'><strong>ei,</strong></span> <span class='ocrx_word' id='word_1_831' title='bbox 3294 5477 3387 5548; x_wconf 90' lang='lat' dir='ltr'><strong>qui</strong></span> <span class='ocrx_word' id='word_1_832' title='bbox 3425 5474 3717 5531; x_wconf 89' lang='lat' dir='ltr'><strong>continen-</strong></span> 
     </span>
    </p>
   </div>
   <div class='ocr_carea' id='block_1_111' title="bbox 474 5563 3716 5637">
    <p class='ocr_par' dir='ltr' id='par_1_111' title="bbox 474 5563 3716 5637">
     <span class='ocr_line' id='line_1_111' title="bbox 474 5563 3716 5637; baseline 0 -15"><span class='ocrx_word' id='word_1_833' title='bbox 474 5568 608 5622; x_wconf 89' lang='lat' dir='ltr'><strong>tiam</strong></span> <span class='ocrx_word' id='word_1_834' title='bbox 658 5566 762 5621; x_wconf 88' lang='lat' dir='ltr'><strong>sibi</strong></span> <span class='ocrx_word' id='word_1_835' title='bbox 812 5567 1126 5622; x_wconf 85' lang='lat' dir='ltr'><strong>sectandam</strong></span> <span class='ocrx_word' id='word_1_836' title='bbox 1180 5565 1594 5636; x_wconf 87' lang='lat' dir='ltr'><strong>proposuisset,</strong></span> <span class='ocrx_word' id='word_1_837' title='bbox 1675 5563 1926 5633; x_wconf 79' lang='lat' dir='ltr'><strong>eorporis</strong></span> <span class='ocrx_word' id='word_1_838' title='bbox 1987 5563 2076 5617; x_wconf 93' lang='lat' dir='ltr'><strong>sui</strong></span> <span class='ocrx_word' id='word_1_839' title='bbox 2150 5565 2609 5632; x_wconf 76' lang='lat' dir='ltr'><strong>pulchritudinem</strong></span> <span class='ocrx_word' id='word_1_840' title='bbox 2651 5567 2990 5637; x_wconf 83' lang='lat' dir='ltr'><strong>patefacere,</strong></span> <span class='ocrx_word' id='word_1_841' title='bbox 3047 5568 3306 5624; x_wconf 78' lang='lat' dir='ltr'><strong>felicitate</strong></span> <span class='ocrx_word' id='word_1_842' title='bbox 3351 5577 3559 5624; x_wconf 72' lang='lat' dir='ltr'><strong>naturae</strong></span> <span class='ocrx_word' id='word_1_843' title='bbox 3592 5574 3716 5620; x_wconf 84' lang='lat' dir='ltr'><strong>tan-</strong></span> 
     </span>
    </p>
   </div>
   <div class='ocr_carea' id='block_1_112' title="bbox 475 5653 3711 5730">
    <p class='ocr_par' dir='ltr' id='par_1_112' title="bbox 475 5653 3711 5730">
     <span class='ocr_line' id='line_1_112' title="bbox 475 5653 3711 5730; baseline -0.001 -17"><span class='ocrx_word' id='word_1_844' title='bbox 475 5675 639 5730; x_wconf 72' lang='lat' dir='ltr'><strong>quam</strong></span> <span class='ocrx_word' id='word_1_845' title='bbox 681 5659 734 5712; x_wconf 92' lang='lat' dir='ltr'><strong>in</strong></span> <span class='ocrx_word' id='word_1_846' title='bbox 782 5672 976 5728; x_wconf 86' lang='lat' dir='ltr'><strong>pompa</strong></span> <span class='ocrx_word' id='word_1_847' title='bbox 1022 5672 1145 5712; x_wconf 88' lang='lat' dir='ltr'><strong>sese</strong></span> <span class='ocrx_word' id='word_1_848' title='bbox 1186 5664 1552 5711; x_wconf 89' lang='lat' dir='ltr'><strong>ostentantem</strong></span> <span class='ocrx_word' id='word_1_849' title='bbox 1581 5672 1596 5709; x_wconf 89' lang='lat'><strong>:</strong></span> <span class='ocrx_word' id='word_1_850' title='bbox 1627 5662 1853 5710; x_wconf 86' lang='lat' dir='ltr'><strong>noverat</strong></span> <span class='ocrx_word' id='word_1_851' title='bbox 1893 5654 2036 5710; x_wconf 91' lang='lat' dir='ltr'><strong>enim</strong></span> <span class='ocrx_word' id='word_1_852' title='bbox 2076 5653 2346 5724; x_wconf 83' lang='lat' dir='ltr'><strong>ejusmodi</strong></span> <span class='ocrx_word' id='word_1_853' title='bbox 2389 5674 2500 5712; x_wconf 80' lang='lat' dir='ltr'><strong>rem</strong></span> <span class='ocrx_word' id='word_1_854' title='bbox 2535 5661 2778 5729; x_wconf 77' lang='lat' dir='ltr'><strong>gravium</strong></span> <span class='ocrx_word' id='word_1_855' title='bbox 2848 5659 3206 5715; x_wconf 72' lang='lat' dir='ltr'><strong>otiensiouum</strong></span> <span class='ocrx_word' id='word_1_856' title='bbox 3247 5676 3312 5716; x_wconf 87' lang='lat' dir='ltr'><strong>ac</strong></span> <span class='ocrx_word' id='word_1_857' title='bbox 3388 5660 3711 5716; x_wconf 88' lang='lat' dir='ltr'><strong>delictorum</strong></span> 
     </span>
    </p>
   </div>
   <div class='ocr_carea' id='block_1_113' title="bbox 476 5748 1632 5823">
    <p class='ocr_par' dir='ltr' id='par_1_113' title="bbox 476 5748 1632 5823">
     <span class='ocr_line' id='line_1_113' title="bbox 476 5748 1632 5823; baseline -0.007 -15"><span class='ocrx_word' id='word_1_858' title='bbox 476 5751 823 5808; x_wconf 90' lang='lat' dir='ltr'><strong>occasionem</strong></span> <span class='ocrx_word' id='word_1_859' title='bbox 853 5751 1125 5823; x_wconf 83' lang='lat' dir='ltr'><strong>plerisque</strong></span> <span class='ocrx_word' id='word_1_860' title='bbox 1155 5750 1396 5820; x_wconf 80' lang='lat' dir='ltr'><strong>praebere</strong></span> <span class='ocrx_word' id='word_1_861' title='bbox 1427 5748 1632 5803; x_wconf 84' lang='lat' dir='ltr'><strong>solere.</strong></span> 
     </span>
    </p>
   </div>
  </div>
