4092 6368
344 374 446 430 957

1272 384 1362 440 DE
1405 382 1560 439 VITA
1604 384 1663 438 S.
1697 379 2024 437 GREGORII
2062 380 2586 436 TllACMATUliGI.

3478 376 3585 438 938

426 491 513 553 Ὠς
546 491 611 545 ἄν
647 490 739 545 οὖν
781 495 916 564 μήτε
962 496 1124 551 πάθοι
1171 516 1224 551 τι
1261 499 1369 551 τῶν
1408 499 1739 570 ἀϐουλήτων,
1774 499 1907 568 μήτε

2081 493 2158 550 Ne
2213 496 2379 565 igitur
2420 498 2505 551 vel
2552 497 2769 567 sibiipsi
2819 486 3029 571 aliquid
3063 488 3341 554 accideret
3370 497 3583 567 impru-

343 582 553 646 πάθους
597 584 850 648 ὑπόθεσις
895 587 1196 660 ἀλλοτρίοις
1245 590 1541 661 ὀφθαλμοῖς
1586 587 1909 658 κατασταίη,

342 673 433 725 διὰ
476 674 634 725 τοῦτο
677 674 925 747 καθάπερ
962 694 1014 730 τι
1048 682 1385 749 προσωπεῖον
1418 678 1649 749 εἰδεχθὲς
1678 677 1774 750 τὴν
1818 680 1912 730 άν-

344 763 697 832 θρακοποιίαν
743 766 1003 829 ἑκουσίως
1050 769 1227 839 ἐαυτῷ
1268 768 1598 840 περιτίθησι,
1643 767 1710 820 δι’
1740 762 1808 838 ἦς
1853 767 1913 818 τδ

346 854 506 923 σῶμα
550 856 663 917 τοῖς
704 856 887 919 πόνοις
921 856 1057 928 πρὸς
1104 858 1302 931 ἀρετὴν
1332 860 1687 929 ἐγυμνάζετο,
1731 858 1827 911 καὶ⁴
1855 858 1914 910 τὸ

346 945 539 1006 κάλλος
579 944 657 1016 τῷ
691 946 847 1019 ῥύπῳ
895 950 1003 1002 τῶν
1045 950 1329 1020 ἀνθράκων
1367 950 1789 1015 ὲπεκαλύπτετο,
1824 949 1914 1001 καὶ

346 1037 463 1105 ἅμα
492 1033 553 1088 τὸ
583 1038 647 1089 ἐκ
679 1038 789 1090 τῶν
824 1039 1000 1091 πόνων
1030 1039 1177 1108 αὐτῷ
1205 1041 1623 1109 προσγινόμενον
1652 1040 1730 1103 είς
1771 1042 1916 1093 ἐντο-

346 1127 453 1180 λῶν
485 1129 785 1199 ὑπηρεσίαν
815 1128 1150 1200 ᾡκονόμητο.
1187 1130 1405 1201 Ἐπειδὴ
1440 1131 1617 1184 τοίνυν
1648 1133 1916 1202 μεταστή-

349 1237 447 1282 σας
496 1216 659 1273 αὑτὸν
687 1220 778 1272 τοῦ
830 1221 1122 1291 συνεδρίου,
1158 1222 1251 1273 καὶ
1283 1225 1457 1274 πάντα
1490 1220 1561 1273 τὰ
1607 1221 1727 1274 κατ’
1756 1222 1916 1275 αὑτὸν

350 1311 487 1381 μετὰ
520 1311 801 1381 ἀκριϐείας
844 1312 1093 1374 ἐπύθετο,
1138 1312 1227 1365 τὸν
1280 1314 1378 1382 μὲν
1410 1312 1593 1366 δίδωσι
1636 1314 1747 1374 τοῖς
1790 1313 1918 1382 περὶ

347 1403 506 1455 αὑτὸν
531 1402 899 1472 ἐντειλάμενος
921 1403 956 1455 ἀ
992 1403 1248 1473 πράττειν
1270 1404 1434 1474 ἐχρῆν
1453 1421 1467 1435 °
1494 1404 1652 1467 αὐτὸς
1676 1404 1731 1456 δὲ
1757 1404 1916 1459 πάλιν

348 1491 667 1544 καταλαϐὼν
694 1492 753 1543 τὸ
784 1492 1079 1563 συνέδριον,
1106 1493 1169 1544 ἐκ
1195 1494 1302 1545 τῶν
1332 1495 1390 1544 ἐν
1417 1493 1571 1565 χερσὶ
1594 1494 1719 1557 τοὺς
1751 1509 1920 1545 συνει·

347 1580 644 1649 λεγμένους
682 1580 958 1645 ἐπαίδευε,
996 1584 1121 1649 τους
1181 1582 1309 1652 περὶ
1344 1583 1441 1651 τῆς
1490 1582 1786 1654 ἱερωσύνης
1816 1583 1915 1635 αύ-

344 1672 456 1731 τοῖς
480 1669 671 1735 λόγους
710 1670 1158 1741 παρατιθέμενος,
1198 1672 1291 1725 καὶ
1323 1672 1412 1724 διὰ
1447 1674 1649 1726 τούτων
1680 1673 1769 1725 τὸν
1797 1674 1917 1726 κατ’

348 1759 547 1829 ἀρετὴν
575 1760 907 1829 ὑπογράφων
933 1761 1066 1831 βίον.
1103 1762 1211 1814 Καὶ
1237 1762 1422 1833 διῆγεν
1445 1765 1502 1815 ὲν
1524 1767 1636 1825 τοῖς
1658 1763 1917 1827 τοιούτοις

2012 586 2197 648 donli,
2243 588 2387 656 quod
2441 588 2644 641 factum
2689 590 2988 657 doluisset,
3031 593 3117 647 vel
3164 593 3360 649 alienis
3404 593 3583 647 oculis

2013 688 2180 728 casus
2210 682 2263 728 et
2294 674 2615 731 oﬂ‘ensionis
2646 682 2928 733 materiam
2957 681 3257 751 praeberet,
3294 682 3501 738 idcirco
3523 698 3583 738 se

2013 764 2343 818 carbonario
2372 765 2592 834 opificio
2622 767 2787 821 veluti
2820 779 3052 837 persona
3078 776 3315 839 quadam
3346 772 3581 827 deformi

2014 855 2270 908 consulto
2297 855 2643 921 circumdat,
2682 873 2792 927 quo
2821 866 2932 911 tam
2964 874 3166 929 corpus
3200 862 3480 918 laboribus
3513 864 3581 917 ad

2014 947 2277 1001 virtutem
2314 956 2689 1015 exerceretur,
2727 966 2891 1020 quam
2932 951 3289 1021 pulchritudo
3326 954 3583 1009 sordibus

2014 1040 2313 1092 carbonum
2357 1039 2561 1094 infecta
2601 1042 2983 1110 obtegeretur,
3029 1052 3084 1097 et
3123 1044 3286 1099 simul
3327 1046 3582 1114 pecunia,

2015 1146 2179 1197 quam
2212 1145 2275 1184 ex
2318 1131 2599 1187 laboribus
2636 1133 2947 1201 quaerebat,
2980 1134 3044 1187 ad
3075 1134 3453 1188 mandatorum
3488 1151 3585 1189 ex—

2017 1220 2361 1272 secutionem
2394 1220 2831 1289 dispensaretur.
2868 1210 3233 1292 Posteaquam
3262 1223 3426 1295 igitur
3459 1240 3585 1279 eum

2016 1327 2077 1362 ι·κ
2114 1311 2349 1364 concilio
2381 1311 2642 1375 abduxit,
2673 1328 2736 1367 ac
2769 1314 2837 1367 de
2868 1322 3014 1369 statu
3042 1316 3164 1385 ejus
3200 1325 3367 1385 atque
3394 1317 3588 1371 condi-

2017 1401 2169 1455 tione
2197 1402 2381 1455 omnia
2403 1403 2693 1473 diligenter
2718 1413 2998 1461 scrutatus
3039 1417 3093 1461 ct
3120 1408 3435 1464 sciscitatus
3464 1419 3549 1464 est
3568 1449 3585 1473 ,

2017 1489 2171 1544 illum
2203 1492 2422 1561 quidem
2453 1492 2822 1549 familiaribus
2849 1496 2966 1550 suis
2993 1496 3198 1561 tradit,
3224 1500 3447 1567 exsequi
3466 1498 3589 1568 jus-

2018 1582 2097 1636 sis
2136 1598 2257 1650 quze
2285 1598 2373 1638 res
2403 1584 2715 1653 postulabat
2741 1602 2754 1638 :
2789 1586 2905 1656 ipse
2932 1603 3061 1642 vero
3089 1588 3143 1641 in
3171 1589 3467 1643 concilium
3495 1606 3586 1643 re-

2016 1689 2210 1729 versus
2237 1690 2302 1729 ex
2324 1676 2579 1744 praesenti
2610 1676 3002 1731 deliberatione
3024 1688 3242 1748 sumpto
3264 1692 3589 1749 argumento

2018 1775 2376 1835 congregatos
2402 1766 2757 1832 instituebat,
2795 1768 2861 1823 de
2906 1769 3205 1823 sacerdotii
3247 1769 3426 1825 ollicio
3467 1787 3587 1827 ser-

346 1850 527 1918 λόγοις
557 1852 952 1922 παρακατέχων
986 1854 1075 1905 τὸν
1102 1852 1376 1922 σύλλογον,
1401 1854 1506 1917 ἕως
1531 1853 1918 1925 ἐκπληρώσανο

2025 1870 2210 1909 mones
2232 1856 2311 1910 eis
2336 1872 2647 1926 proponens
2668 1897 2682 1920 ,
2709 1872 2771 1912 ac
2795 1873 2891 1927 per
2918 1857 3019 1912 hos
3042 1859 3207 1913 vitam
3237 1873 3360 1914 cum
3387 1863 3591 1918 virtute

348 1948 439 2004 ‘cs;
488 1944 536 1994 οί
577 1941 975 2012 ὑπηρετοῦντες
1016 1943 1164 2014 αὐτῷ
1210 1944 1272 1996 τὸ
1314 1945 1780 2015 προστεταγμένον
1824 1946 1921 1998 έπ-

348 2032 601 2102 έστησαν,
627 2034 837 2103 ἔχοντες
862 2034 978 2105 μεθ’
1002 2036 1209 2089 ἑαυτῶν
1227 2036 1318 2089 τὸν
1332 2036 1695 2107 Ἀλέξανδρον,
1713 2036 1920 2109 λουτρῷ

348 2140 407 2175 τε
436 2124 533 2192 τὴν
563 2126 626 2177 ἐκ
668 2124 775 2177 τῶν
817 2125 1060 2179 ἀσϐόλων
1104 2127 1297 2198 ἀηδίαν
1330 2128 1795 2198 ἀποκλυσάμενον,
1828 2130 1921 2182 καὶ

349 2217 460 2277 τοῖς
488 2215 579 2267 τού
626 2218 861 2285 μεγάλου
895 2220 1126 2289 ίματίοις
1172 2221 1567 2289 ἐστολισμένον.
1606 2222 1788 2275 Ταῦτα
1814 2222 1920 2294 γὰρ

348 2301 416 2374 ἦν
455 2307 636 2369 αὐτοῖς
664 2308 1038 2379 ἐντειλάμενος
1060 2312 1300 2382 ποιῆσαι.
1333 2312 1556 2366 Πάντων
1579 2312 1635 2366 δὲ
1668 2313 1803 2383 πρὸς
1832 2314 1921 2366 τὸν

364 2393 710 2466 Ἀλέξανδρον
745 2398 1204 2468 ὲπιστραφέντων,
1246 2402 1338 2452 καὶ
1366 2400 1749 2467 θαυμαστικῶς
1786 2402 1921 2472 πρὸς

349 2485 411 2536 τὸ
445 2487 767 2556 φαινόμενον
816 2489 1196 2560 διακειμένων,
1230 2490 1420 2545 Οὐδὲν
1450 2491 1659 2545 καινὸν
1699 2495 1922 2547 πεπόν-

351 2578 513 2639 θατε,
560 2579 694 2646 φησι
738 2579 874 2649 πρδς
907 2580 1103 2644 αὐτοὺς
1144 2583 1173 2634 ό
1211 2581 1549 2646 διδάσκαλος,
1592 2584 1920 2653 ὀφθαλμοῖς

349 2664 775 2731 ἀπατηθέντες,
823 2667 920 2719 καὶ
955 2667 1027 2736 τῇ
1056 2671 1336 2738 αἰσθήσει
1383 2673 1532 2741 μόνῃ
1562 2673 1675 2739 τὴν
1721 2674 1922 2741 κρίσιν

353 2754 459 2807 τοῦ
484 2753 750 2821 κάλλους
769 2756 1213 2827 ἐπιτρέψαντες.
1245 2763 1555 2831 figas!qu
1580 2764 1689 2833 γὰρ
1721 2764 1922 2832 κριτή-

351 2862 484 2906 ριον
498 2844 609 2912 τῆς
634 2845 753 2899 τῶν
770 2848 960 2901 ὄντων
975 2850 1258 2917 ἀληθείας
1278 2852 1315 2918 ἠ
1332 2853 1635 2920 αἵσθησις,
1649 2852 1924 2921 τὴνπρὸς

354 2935 421 2988 τὸ
443 2936 636 3001 βάθος
670 2938 781 3005 τῆς
812 2938 1079 3005 διανοίας
1131 2941 1374 2996 εἴσοδον
1406 2942 1479 2996 δι’
1522 2943 1743 3011 ἑαυτῆς
1778 2945 1925 2998 ἀπο-

355 3029 665 3083 κλείουσα.
697 3030 843 3099 Ἅμα
892 3030 961 3084 δὲ
1006 3032 1101 3085 καί
1132 3031 1292 3097 αὐτῷ
1336 3033 1416 3099 τῷ
1462 3033 1573 3102 τῆς
1616 3037 1925 3100 εὐσεϐείας

352 3117 543 3187 ἐχθρῷ
583 3120 816 3187 δαίμονι
858 3122 1034 3177 τοῦτο
1072 3124 1257 3192 φίλον
1284 3118 1363 3195 ἦν
1399 3126 1635 3191 πάντως
1664 3127 1921 3198 ἀργῆσαι

356 3212 418 3262 τὸ
451 3209 558 3278 τῆς
582 3211 835 3280 ἐκλογῆς
862 3214 1083 3280 σκεῦος
1104 3213 1177 3282 τῇ
1198 3216 1409 3284 ἀγνοίᾳ
1433 3218 1923 3286 συγκαλυπτὸμε-

354 3317 485 3365 νον,
501 3301 656 3369 μηδὲ
678 3303 996 3371 παρελθεῖν
1012 3308 1097 3369 εἰς
1118 3304 1311 3373 μέσον
1329 3306 1534 3373 ἄνδρα,
1558 3306 1669 3375 τῆς
1688 3308 1923 3361 ἐκείνου

355 3388 718 3457 δυναστείας
764 3396 1119 3461 καθαιρέτην
1169 3396 1481 3464 ἐσόμενον.
1522 3395 1706 3449 Ταῦτα
1756 3397 1927 3450 εἰπὼθ

358 3482 624 3550 προσάγει
652 3482 733 3553 τῷ
767 3484 886 3554 Θεῷ
913 3484 1000 3538 διὰ
1021 3485 1122 3554 τῆς
1158 3486 1456 3557 ἱερωσύνης
1481 3486 1571 3538 τὸν
1596 3486 1763 3557 ἄνδρα
1786 3489 1926 3542 κατά

357 3572 447 3625 τὸν
480 3575 861 3645 νενομισμένον
889 3577 1089 3646 τρόπον
1116 3577 1409 3642 τελειώσας
1450 3582 1514 3650 τῇ
1550 3580 1747 3651 χάριτι.
1782 3581 1919 3633 Πάν-

356 3682 465 3717 των
490 3666 547 3717 δὲ
588 3667 722 3735 πρὸς
748 3666 839 3719 τὸν
865 3667 985 3721 νέον
1028 3669 1176 3740 ἱερέα
1212 3670 1643 3734 ἀποϐλεπόντων,
1685 3689 1926 3743 προτρα-

358 3755 482 3817 πείς
523 3772 643 3808 τινα
690 3758 824 3828 πρὸς
866 3758 965 3829 τὴν
1016 3759 1309 3829 ἐκκλησίαν
1363 3759 1518 3828 λόγον
1567 3762 1925 3831 ποιήσασθαι,

358 3842 559 3907 ἔδειξεν
598 3845 757 3908 εὐθὺς
786 3848 843 3899 ὲν
872 3847 1173 3917 προοιμίοις
1195 3847 1293 3917 τῆς
1317 3849 1492 3921 ἀρχῆς
1525 3850 1555 3901 ὁ
1588 3849 1928 3922 Ἀλέξανδρος

359 3934 625 4003 ἄψευστον
663 3936 750 3987 ἐπ’
792 3934 939 4006 αὑτῷ
966 3937 1060 3990 τοῦ
1092 3938 1328 4007 μεγάλου
1359 3940 1657 4010 Γρηγορίου
1686 3941 1781 4012 τὴν
1811 3942 1930 4012 κρί-

361 4042 465 4080 σιν.
492 4021 600 4078 Ἦν
630 4027 737 4098 γάρ
782 4027 931 4097 αὑτῷ
975 4028 1187 4099 πλήρης
1224 4030 1463 4094 διανοίας
1504 4034 1531 4085 ό
1563 4032 1738 4101 λόγος,
1772 4027 1931 4104 ἦττον

358 4114 437 4185 τῷ
484 4116 634 4170 ἄνθει
675 4119 1187 4190 κεκαλλωπισμένος
1235 4122 1335 4191 τῆς
1388 4122 1604 4187 λέξεως.
1642 4123 1805 4176 Ὅθεν
1848 4140 1931 4186 τις

359 4207 468 4259 τῶν
505 4208 637 4259 νέων
670 4209 948 4279 ἀγέρωχος
992 4214 1056 4264 ἐκ
1087 4212 1187 4281 τῆς
1230 4212 1466 4275 Ἀτθίδος
1505 4213 1688 4276 αὐτοῖς
1729 4214 1929 4282 ἐπιχω-

366 4298 586 4368 ριά-ζων,
617 4297 677 4349 τὸ
720 4301 951 4363 ἀκαλλὲς
979 4301 1077 4369 τῆς
1108 4302 1302 4368 λέξεως
1339 4303 1693 4371 ὑπεγέλασεν,
1725 4304 1805 4356 ὅτι
1857 4302 1931 4373 μὴ

359 4389 431 4456 τῇ
466 4387 752 4457 περιεργίᾳ.
780 4391 846 4458 τῇ
887 4390 1106 4461 Ἀττικῇ
1138 4388 1543 4444 κεκαλλὼπιστο
1561 4408 1575 4422 ·
1598 4392 1656 4444 ὃν
1686 4408 1848 4459 φασιν
1869 4394 1932 4443 ὲκ

2021 1944 2377 2014 conjunctam
2430 1948 2812 2016 praescribens.
2873 1948 3268 2005 Perseverabat
3307 1961 3491 2007 autem
3530 1953 3591 2008 in

2020 2032 2292 2102 ejusmodi
2335 2037 2681 2091 sermonibus
2711 2047 3044 2094 conventum
3082 2040 3369 2108 detinens,
3407 2043 3590 2115 quoad

2021 2126 2270 2179 exsecuti
2302 2125 2587 2187 mandata,
2625 2126 2718 2196 qui
2766 2144 2984 2196 operam
3036 2131 3085 2184 ei
3137 2132 3447 2197 navahant,
3495 2147 3591 2188 su-

2022 2223 2427 2285 pervenerunt,
2466 2232 2651 2271 secum
2684 2217 3019 2274 adducentes
3053 2219 3421 2276 Alexandrum
3444 2262 3460 2289 ,
3493 2225 3590 2293 qui
3624 2280 3636 2296 ,

2023 2317 2075 2361 et
2140 2308 2365 2361 lavacro
2422 2307 2671 2379 fuliginis
2710 2309 3169 2377 injucunditatem
3208 2312 3589 2380 absterserat,

2021 2408 2076 2453 et
2117 2400 2299 2468 magni
2340 2399 2501 2455 istius
2540 2400 2784 2455 vestibus
2825 2400 3053 2457 indutus
3087 2412 3143 2457 et
3181 2412 3410 2460 ornatus
3449 2415 3588 2460 erat.

2023 2488 2149 2542 Haec
2187 2490 2331 2543 enim
2371 2503 2568 2543 curare
2598 2488 2741 2558 jussi
2781 2500 2960 2545 erant.
3002 2490 3269 2549 Omnibus
3307 2502 3491 2551 autem
3534 2497 3589 2551 in

2021 2578 2392 2631 Alexandrum
2429 2580 2712 2633 conversis
2734 2619 2748 2641 ,
2783 2586 2838 2632 rt
2871 2581 2934 2633 ad
2974 2597 3166 2635 novam
3196 2599 3316 2638 eam
3352 2586 3589 2654 speciem

2024 2667 2388 2721 admiratione
2422 2666 2639 2733 defixis,
2677 2666 2834 2721 Nihil
2863 2670 3012 2732 novi,
3049 2669 3224 2739 inquit
3249 2672 3314 2725 ad
3348 2688 3443 2728 eos
3473 2688 3592 2726 ma-

2024 2758 2215 2824 gister.
2247 2756 2440 2810 accidit
2470 2758 2610 2812 vobis
2636 2799 2651 2822 ,
2684 2760 2731 2811 si
2761 2759 2926 2813 oculis
2954 2759 3153 2829 decepti
3185 2764 3313 2816 estis
3335 2802 3349 2824 ,
3387 2773 3436 2817 et
3471 2781 3593 2818 sen-

2024 2849 2110 2901 sui
2141 2849 2243 2902 soli
2264 2848 2530 2916 judicium
2577 2849 2987 2916 pulchritudinis
3018 2852 3353 2919 permisistis.
3390 2852 3595 2909 Fallax

2023 2941 2162 2991 enim
2204 2948 2253 2992 et
2305 2941 2560 2993 incertum
2611 2956 2784 2992 rerum
2828 2941 3061 2995 veritatis
3094 2941 3358 3010 judicium
3409 2961 3593 2999 sensus

2024 3039 2101 3081 est
2123 3067 2136 3085 ,
2171 3026 2372 3080 aditum
2398 3043 2487 3094 per
2518 3044 2572 3080 se
2600 3027 2669 3080 ad
2694 3028 3109 3096 profunditatem
3140 3032 3329 3085 mentis
3357 3042 3407 3085 et
3438 3033 3597 3091 intel-

2027 3118 2251 3188 ligentiae
2276 3116 2623 3185 prazrludens.
2656 3117 2829 3173 Simul
2856 3128 3030 3173 autem
3059 3122 3218 3173 etiam
3248 3122 3460 3190 pietatis
3489 3122 3596 3177 ini-

2026 3210 2161 3260 mico
2184 3207 2412 3260 du‘moni
2434 3222 2651 3273 prorsus
2678 3208 2733 3261 id
2760 3209 2935 3262 studio
2957 3220 3069 3263 erat
3090 3252 3105 3276 ,
3135 3221 3191 3263 ut
3216 3229 3303 3265 eas
3326 3214 3594 3268 electionis

2025 3299 2361 3368 ignoratione
2412 3306 2737 3361 contectum,
2793 3300 3020 3352 otiosum
3066 3309 3115 3353 et
3174 3302 3363 3356 inutile
3416 3315 3592 3369 esset,

2026 3404 2125 3441 neu
2154 3387 2393 3455 prodiret
2422 3387 2474 3439 in
2503 3386 2733 3441 medium
2762 3388 2860 3451 vir,
2893 3390 2982 3456 qui
3024 3390 3193 3458 ipsius
3235 3393 3595 3461 principatum

2024 3494 2301 3532 eversurus
2331 3488 2487 3533 esset.
2522 3479 2647 3534 llmc
2678 3480 2897 3534 locutus
2918 3522 2931 3541 ,
2967 3494 3090 3534 cum
3123 3497 3245 3536 eum
3272 3482 3429 3551 juxta
3460 3500 3597 3540 con-

2027 3577 2243 3622 suetum
2278 3583 2488 3623 morem
2536 3570 2787 3638 ritusque
2819 3571 3097 3626 solemncs
3155 3570 3220 3624 ad
3261 3572 3363 3627 hoc
3398 3589 3597 3629 munus

2028 3660 2284 3717 idoneum
2318 3660 2624 3723 cli‘ecissct.
2655 3677 2752 3731 per
2780 3661 3149 3717 sacerdotium
3178 3661 3290 3718 Deo
3314 3664 3492 3718 virum
3521 3665 3599 3719 di-

2028 3760 2138 3805 cat.
2178 3751 2448 3807 Omnibus
2484 3761 2666 3808 autem
2698 3768 2906 3807 novum
2948 3752 3292 3811 sacerdotem
3335 3756 3600 3811 intuenti-

2030 3844 2169 3907 bus,
2234 3850 2461 3915 rogatns
2514 3854 2574 3898 ut
2624 3845 2864 3915 aliquam
2921 3845 2989 3899 ad
3036 3846 3325 3901 ecclesiam
3375 3847 3601 3903 haberet

2030 3934 2374 3998 orationem,
2413 3935 2599 3989 statim
2649 3935 2704 3988 in
2753 3935 2914 3988 initio
2956 3950 3067 3989 suae
3107 3936 3600 3992 administrationis

2030 4026 2344 4080 Alexander
2378 4024 2657 4089 ostendit,
2694 4024 2840 4078 haud
2872 4025 3073 4079 falsum
3112 4026 3166 4078 in
3202 4041 3323 4080 sese
3348 4026 3598 4094 Gregorii

2027 4117 2298 4186 judicium
2340 4115 2528 4170 fuisse.
2580 4114 2707 4169 Erat
2739 4116 2882 4169 enim
2924 4115 3100 4169 oratio
3135 4115 3254 4182 ejus
3289 4116 3598 4187 intelligen-

2032 4210 2124 4260 tiae
2164 4206 2677 4275 sententiarumque
2728 4206 2922 4274 plena,
2979 4205 3201 4259 dicendi
3233 4204 3459 4262 floribus
3496 4208 3600 4261 mi-

2035 4316 2139 4353 nus
2196 4308 2481 4353 exornata.
2545 4295 2701 4351 Unde
2734 4297 2988 4365 petulans
3039 4298 3262 4367 quidam
3313 4314 3382 4353 ex
3421 4298 3601 4353 Attica

2035 4390 2358 4442 adolescens
2396 4387 2541 4456 apud
2575 4387 2699 4440 illos
2726 4403 2893 4455 agens
2926 4387 3259 4456 incomptam
3296 4388 3598 4443 dictionem

360 4476 639 4546 θ;ιοτέρας
677 4477 848 4546 ὅψεως
892 4480 1341 4549 σωφρονισθῆναι,
1376 4478 1548 4531 ίδόντα
1590 4479 1924 4549 περιστερῶν

2037 4479 2267 4539 derisit,
2302 4480 2445 4546 quod
2479 4493 2589 4531 non
2618 4492 2682 4531 ea
2704 4517 2718 4541 ,
2754 4492 2918 4546 quam
2952 4478 3117 4531 Attici
3148 4479 3202 4531 in
3234 4479 3467 4533 dicendo
3508 4481 3604 4534 ad-

364 4569 563 4637 ἀγέλην
588 4570 852 4639 ἀμηχάνῳ
880 4572 986 4623 τινὶ
1004 4572 1411 4641 διαλάμπουσαν
1436 4570 1637 4634 κάλλει,
1674 4570 1764 4623 καί
1786 4586 1930 4633 τινος

363 4660 660 4730 ἀκηκοέναι
710 4660 976 4729 λέγοντος,
1048 4662 1393 4733 Ἀλεξάνδρου
1450 4661 1545 4725 τὰς
1602 4661 1929 4732 περιστερὰς

365 4746 504 4803 εἶναι
528 4750 747 4814 ταύτας,
771 4750 837 4815 ἃς
864 4754 921 4804 ὲν
948 4751 1140 4818 γέλωτι
1174 4754 1377 4815 ἐκεῖνος
1406 4752 1712 4821 πεποίηται.
1734 4751 1797 4803 Τί
1815 4751 1933 4803 τού-

366 4860 474 4896 των
500 4843 566 4896 ἀν
600 4860 684 4905 τις
716 4843 823 4913 πρὸ
868 4843 959 4895 τοῦ
1000 4844 1184 4914 ἑτέρου
1230 4844 1558 4914 θαυμάσειε;
1601 4844 1661 4897 τὸ
1696 4843 1771 4914 μὴ
1808 4843 1931 4895 δυσ-

365 4934 651 5004 ωπηθῆναι
697 4935 787 4987 τὸν
837 4934 1005 5003 ἀνδρα
1053 4935 1162 4986 τῶν
1221 4935 1544 5004 ἀξιωμάτων
1589 4936 1688 5006 τὴν
1733 4934 1930 5004 ψῆφον,

366 5024 459 5076 καὶ
517 5025 591 5094 μὴ
648 5025 1088 5095 συναρπασθῆναι
1152 5025 1286 5095 πρὸς
1326 5024 1425 5087 τὰς
1473 5024 1777 5095 μαρτυρίας
1824 5024 1933 5076 τῶν

367 5117 709 5187 προεχόντων
732 5133 746 5147 ⁸
780 5117 813 5185 ἢ
849 5116 1048 5185 μᾶλλον
1072 5114 1133 5167 τὸ
1169 5115 1443 5185 θαυμάσαι
1497 5115 1584 5167 τὸν
1620 5116 1931 5184 ἐγκεκρυμ-

372 5207 529 5273 μένον
559 5208 669 5267 τοῖς
693 5205 917 5275 ἄνθραξι
943 5205 1189 5271 πλοῦτον,
1222 5199 1267 5273 ᾧ
1298 5206 1634 5276 παραχρῆμα
1667 5207 1816 5275 παρὰ
1839 5206 1933 5257 τοῦ

367 5298 502 5350 Θεοῦ
546 5298 580 5367 ἡ
628 5298 729 5367 τῆς
770 5296 938 5369 ὀρθῆς
981 5296 1213 5367 κρίσεως
1263 5295 1533 5365 μαρτυρία
1572 5294 1659 5347 διὰ
1700 5296 1798 5365 τῆς
1841 5295 1934 5347 τοῦ

372 5390 598 5458 ῥήτορος
639 5387 1072 5457 ἐπηκολούθησεν
1103 5386 1310 5455 ὅψεως;
1357 5386 1509 5454 Ἐμοὶ
1552 5386 1651 5455 μὲν
1698 5386 1806 5458 γὰρ
1851 5386 1935 5454 ἐφ.

371 5478 563 5531 ἑαυτοῦ
584 5477 785 5530 τούτων
812 5478 1070 5548 ἑκάτερον
1096 5476 1330 5530 τοιοῦτον
1356 5471 1489 5528 εἶναι
1514 5476 1677 5539 δοκεῖ,
1707 5474 1782 5538 ὡς
1804 5475 1938 5545 πρὸς

372 5569 574 5638 ἄλληλα
623 5568 720 5638 μὲν
758 5570 901 5640 ἔχειν
948 5570 1047 5639 τὴν
1085 5568 1343 5638 ἅμιλλαν·
1397 5568 1613 5620 πάντων
1655 5566 1713 5618 δὲ
1742 5565 1936 5637 μικροῦ

372 5660 481 5712 δεῖν
522 5660 633 5712 τῶν
670 5660 760 5711 ἐπὶ
811 5660 1048 5728 θαύματι
1091 5658 1575 5729 μνημονευομένων
1617 5654 1934 5725 πρωτεύειν.

375 5754 449 5806 Τό
475 5770 534 5805 τε
568 5751 676 5823 γάρ
710 5752 990 5821 ἀντιϐῆναι
1022 5754 1087 5821 τῇ
1128 5752 1235 5802 τῶν
1268 5749 1601 5821 προεχόντων
1648 5748 1815 5817 ὁρμῇ,
1843 5747 1940 5817 τῆς

690 5846 959 5904 Ρλτιιοιι.
1006 5848 1122 5904 (in.
1174 5845 1223 5903 Χ
1240 5844 1387 5903 LVI.

2033 4570 2313 4631 biberent,
2340 4576 2530 4621 exacta
2557 4577 2720 4636 atquc
2747 4582 3153 4637 supervacanea
3180 4583 3311 4621 cura
3339 4575 3604 4622 exornata

2030 4667 2207 4723 esset,
2236 4674 2395 4728 quem
2432 4659 2585 4711 aiunt
2612 4658 2797 4711 divina
2828 4658 3063 4728 quadam
3097 4659 3304 4713 visione
3345 4659 3607 4713 emenda-

2031 4762 2147 4805 tum
2198 4766 2352 4815 esse,
2403 4766 2527 4804 cum
2583 4732 2965 4821 columbarum
3019 4765 3236 4819 gregem
3294 4750 3606 4805 incredibili

2032 4843 2270 4911 quadam
2301 4841 2719 4912 pulchritudine
2755 4842 3019 4895 nitentem
3049 4840 3399 4910 conspicatus
3427 4851 3604 4905 esset,

2032 4945 2083 4987 ct
2116 4933 2405 5003 quemdam
2434 4933 2772 4996 audivisset,
2815 4934 2906 5000 qui
2944 4931 3184 4994 diceret,
3229 4931 3327 4983 has
3359 4945 3481 4986 csse
3515 4948 3609 4983 co-

2035 5027 2248 5079 lumbas
2281 5025 2613 5086 Alexandri,
2638 5039 2777 5093 quas
2809 5024 2899 5077 ille
2933 5022 3243 5077 derisisset.
3284 5021 3475 5076 Utrum
3509 5023 3610 5077 ho-

2037 5132 2155 5168 rum
2206 5115 2380 5184 magis
2424 5114 2625 5182 aliquis
2668 5113 3011 5165 admiretur?
3045 5113 3189 5181 quod
3234 5112 3317 5165 vir
3361 5113 3450 5166 ille
3498 5131 3607 5167 non

2037 5215 2218 5259 motus
2250 5214 2333 5259 est
2381 5188 2871 5273 suffragio'eorum
2896 5242 2911 5265 ,
2948 5202 3039 5272 qui
3089 5202 3352 5273 dignitate
3382 5213 3609 5273 praesta-

2037 5297 2200 5357 bant,
2248 5310 2423 5364 neque
2472 5294 2635 5348 simul
2682 5293 2748 5346 ad
2796 5293 3110 5345 testimonia
3156 5294 3484 5363 Optimatum
3548 5311 3610 5348 ac

2038 5386 2345 5454 principum
2401 5384 2645 5437 virorum
2701 5393 2890 5453 raptus
2931 5383 3061 5438 est?
3098 5400 3165 5437 an
3205 5385 3383 5454 magis
3435 5386 3611 5439 admi-

2038 5478 2148 5530 rari
2187 5476 2446 5529 convenit
2486 5476 2537 5528 in
2579 5475 2921 5529 carbonibus
2961 5475 3316 5529 absconditas
3351 5475 3569 5529 divitias
3595 5514 3609 5536 .

2038 5581 2177 5636 quas
2216 5566 2402 5620 statim
2454 5581 2485 5619 a
2527 5564 2638 5621 Deo
2685 5566 2894 5620 editum
2936 5566 3075 5621 recti
3118 5566 3312 5635 judicii
3364 5568 3604 5620 testimo-

2041 5657 2192 5709 nium
2227 5671 2326 5724 per
2358 5654 2622 5710 visionem
2660 5656 2900 5709 oratoris
2933 5667 3294 5710 consecutum
3323 5656 3449 5709 est?
3476 5653 3610 5706 Nam

2042 5748 2173 5802 mihi
2211 5746 2433 5817 quidem
2487 5748 2681 5803 horum
2715 5759 3010 5817 utrumque
3064 5748 3120 5803 in
3168 5761 3291 5801 sese
3342 5744 3611 5810 ejusmodi

3300 5836 3378 5894 30
