4092 6368
437 347 542 404 939

1684 331 1740 386 S.
1785 324 2111 386 GREGORII
2149 324 2240 383 NY
2250 322 2445 384 S'SENI

3588 328 3695 384 9ηίο

435 478 563 519 esse
602 459 836 520 videtur,
869 463 928 510 ut
967 457 1113 512 inter
1153 470 1212 511 se
1259 453 1480 524 quidem
1530 453 1684 522 paria
1737 452 1889 515 sint,
1949 465 2012 505 ac

2128 451 2382 521 Ξιτρέπτου
2417 450 2510 501 καὶ
2542 447 2752 518 ὑψηλῆς
2781 447 3019 510 διανοίας
3055 447 3454 519 ἐναργέστατον
3487 449 3696 516 ἐγίνετο

445 553 604 624 quasi
657 551 726 606 de
765 547 1078 619 principatu
1115 549 1394 601 certamen
1448 544 1652 599 habere
1699 543 2015 608 videantur,
2068 553 2070 555 '

442 648 586 700 inter
615 643 798 698 omnia
835 648 1016 695 autem
1049 649 1143 704 ea,
1177 654 1299 708 quae
1333 636 1556 691 nomine
1589 636 1840 690 miraculi
1876 635 2017 690 cele-

443 738 698 798 brantur,
738 733 944 802 primas
980 730 1375 801 propemodum
1411 735 1654 785 teneant.
1694 727 1830 782 Nam
1870 727 2017 798 quod

444 826 795 897 optimatium
848 821 1052 878 studiis
1110 821 1436 878 adversatus
1493 827 1610 882 est,
1668 820 2018 885 constantis,

446 918 580 973 recti
626 900 788 984 atque
833 913 1036 969 excelsi
1083 913 1254 967 animi
1309 909 1825 966 manifestissimum
1872 909 2020 964 indi-

444 1009 589 1063 cium
624 1014 780 1062 erat:
816 1019 846 1058 a
880 1018 990 1075 quo
1016 1003 1233 1069 omnia,
1270 1018 1390 1073 qua:
1428 1017 1526 1072 per
1556 1002 1819 1056 mundum
1857 1016 2023 1072 appa-

447 1107 606 1162 rent,
653 1112 719 1152 ex
762 1110 922 1166 mque
963 1094 1441 1164 despiciebantur,
1491 1093 1608 1148 sive
1657 1095 1725 1148 ad
1770 1092 2024 1163 magniﬁ-

447 1189 681 1244 centiam
717 1194 882 1256 atque
917 1184 1303 1256 splendorem,
1344 1183 1462 1238 sive
1500 1182 1666 1238 etiam
1701 1183 1768 1237 ad
1803 1183 2025 1237 humili-

449 1289 616 1334 tatem
645 1286 702 1333 et
738 1275 1137 1333 obscuritatem
1168 1275 1435 1329 accedere
1472 1272 1832 1328 viderentur:
1866 1289 2024 1328 cum-

451 1389 561 1442 que
620 1370 724 1426 soli
780 1368 974 1423 virtuti
1030 1366 1240 1437 primas
1301 1365 1608 1431 tribueret,
1667 1371 1723 1419 et
1770 1363 2025 1418 vitiosam

451 1467 619 1518 vitam
652 1462 824 1517 solam
855 1459 1212 1530 reﬁciendam
1243 1473 1366 1514 esse
1387 1457 1695 1527 judicaret,
1728 1471 1828 1526 pro
1853 1456 2027 1510 nihilo

459 1547 784 1613 intuebatur
827 1556 1048 1619 omnia,
1094 1567 1440 1622 quaecunque
1477 1565 1575 1619 per
1619 1551 1724 1604 hoc
1763 1550 2025 1603 smculum

451 1646 536 1700 vel
569 1645 751 1714 aliquo
783 1644 967 1698 studio
987 1682 1001 1706 ,
1034 1643 1119 1696 vel
1153 1640 1561 1710 contemptione
1588 1639 1752 1710 digna
1774 1639 2030 1708 judican-

453 1745 565 1790 tur.
604 1732 760 1799 Quod
792 1732 1052 1786 nimirum
1082 1730 1249 1785 etiam
1285 1738 1416 1782 tunc
1452 1727 1653 1784 fecisse
1685 1728 2030 1783 demonstra-

2071 553 2075 555 '
2119 541 2436 612 γνὼρισμα’
2471 533 2517 608 ᾧ
2559 542 2735 593 πάντα
2762 540 2832 593 τὰ
2866 539 3006 592 κατὰ
3038 539 3128 590 τὸν
3157 538 3360 607 κόσμον
3400 539 3698 610 φαινόμενα
3754 560 3758 562 ·

2119 635 2177 686 ἐν
2204 633 2282 703 τῷ
2309 632 2478 702 ὁμοίῳ
2509 630 2841 701 καθεωρᾶτο,
2873 631 2982 682 εἴτε
3026 628 3161 701 πρὸς
3191 629 3254 681 τὸ
3291 627 3478 699 μεῖζόν
3502 647 3560 682 τε
3601 632 3697 684 καὶ

2120 723 2602 796 περιφανέστερον,
2644 722 2752 775 εἴτε
2796 721 2890 774 καὶ
2935 721 3070 793 πρὸς
3097 723 3157 774 τὸ
3193 721 3447 775 ταπεινόν
3492 739 3552 774 τε
3605 723 3700 774 καὶ

2121 814 2324 884 ἀφανὲς
2354 814 2568 876 οἰκείως
2628 809 2742 884 εἶχε
2763 829 2776 841 ⁸
2815 814 2952 886 μόνῃ
2995 813 3052 865 δὲ
3081 813 3260 884 νέμων
3289 817 3354 884 τῇ
3400 815 3567 884 ἀρετῇ
3601 815 3700 886 τὴν

2124 905 2473 976 προτίμησιν,
2521 905 2615 959 καὶ
2663 905 2830 975 μόνην
2879 904 2976 975 τὴν
3029 906 3087 957 ἐν
3121 905 3286 975 κακίᾳ
3325 904 3470 975 ζωὴν
3499 905 3700 977 κρίνων

2123 996 2449 1068 ἀπόϐλητον,
2475 997 2594 1051 ἀντ’
2622 995 2832 1059 οὐδενὸς
2865 994 3010 1068 ἐώρα
3052 996 3120 1050 τὰ
3169 997 3367 1061 πάντα,
3418 997 3518 1050 ὅσα
3559 997 3701 1051 κατά

2123 1088 2215 1140 τὸν
2249 1086 2360 1157 βίον
2390 1085 2423 1156 ἢ
2471 1086 2705 1157 σπουδῆς
2735 1103 2900 1151 τινος,
2943 1087 2976 1157 ἢ
3008 1086 3230 1157 ἀτιμίας
3267 1087 3394 1152 ἀξια
3431 1088 3697 1158 κρίνεται.

2130 1181 2196 1232 Ὃ
2220 1178 2283 1250 δὴ
2315 1177 2411 1232 καὶ
2441 1179 2560 1232 τότε
2592 1176 2909 1248 πεποιηκὼς
2943 1179 3329 1231 ἐπιδείκνυται.
3381 1177 3566 1249 Ζητῶν
3591 1178 3700 1248 γὰρ

2123 1269 2214 1322 τὸν
2236 1269 2314 1340 τῷ
2337 1267 2456 1337 Θεῷ
2487 1268 2880 1340 κεχαρισμένον
2907 1267 3001 1321 καὶ
3033 1267 3182 1331 ἀξιον
3204 1267 3407 1338 εὑρεῖν,
3437 1266 3536 1320 οὑκ
3557 1267 3703 1333 ἀξιό-

2125 1375 2315 1411 πιστον
2347 1360 2428 1420 είς
2461 1357 2766 1429 μαρτυρίαν
2804 1358 2954 1428 ᾠήθη
2990 1357 3217 1410 πλοῦτον
3245 1356 3575 1428 παραλαϐεῖν
3608 1356 3703 1408 καὶ

2125 1452 2362 1522 ἀξίωμα,
2389 1453 2482 1505 καὶ
2504 1451 2603 1514 τὰς
2626 1449 2766 1504 κατά
2786 1449 2876 1503 τὸν
2897 1450 3099 1520 κόσμον
3118 1449 3305 1502 τοῦτον
3324 1447 3702 1519 περιφανείας,

2128 1535 2202 1595 ὧν
2241 1542 2393 1595 οὑδὲν
2440 1543 2498 1594 ἐν
2541 1543 2654 1605 τοῖς
2699 1539 2807 1592 τῶν
2858 1537 3077 1606 ἀγαθῶν
3115 1538 3436 1606 καταλόγοις
3479 1537 3509 1588 ὁ
3561 1535 3703 1598 θεῖος

2128 1633 2551 1705 ἀπηριθμήσατο
2591 1631 2767 1699 λόγος.
2819 1632 2895 1685 Οὑ
2935 1631 3093 1684 τοῦτο
3139 1632 3298 1702 μόνον
3343 1631 3522 1684 τοίνυν
3557 1632 3704 1683 ἐστὶν

2131 1725 2350 1779 ἐπαίνου
2375 1742 2433 1778 τε
2463 1725 2556 1777 καὶ
2597 1723 2875 1796 θαύματος
2907 1723 3076 1788 ἀξιον,
3110 1723 3171 1776 τὸ
3207 1724 3280 1795 μὴ
3315 1722 3577 1794 προέσθαι
3605 1721 3705 1784 τὰς

450 1833 561 1880 ιιιι·.
591 1823 729 1879 Cum
765 1824 913 1878 enim
949 1822 1110 1877 daret
1151 1835 1373 1889 operam
1396 1861 1412 1887 ,
1446 1828 1507 1873 ut
1551 1819 1662 1875 Deo
1703 1830 1921 1890 gratum
1964 1835 2028 1875 ac

2128 1817 2237 1871 τῶν
2278 1815 2711 1870 δυναστευόντων
2759 1814 3023 1878 σπουδάς·
3067 1814 3203 1868 ἀλλά
3236 1815 3328 1868 καὶ¹
3357 1813 3444 1867 διά
3472 1814 3580 1868 τῶν
3607 1815 3705 1880 ἐφ-

451 1917 676 1988 dignum
705 1915 1010 1977 inveniret,
1041 1927 1152 1966 non
1195 1911 1420 1967 divitias
1441 1953 1456 1978 ,
1505 1927 1614 1966 non
1663 1910 1989 1981 dignitatem
2013 1952 2028 1977 ,

2128 1908 2257 1978 εξῆς
2292 1906 2454 1969 αὑτὸς
2506 1905 2696 1960 ἑαυτὸν
2753 1904 3128 1976 ὑπερϐάλλειν.
3160 1906 3217 1958 '0
3257 1905 3363 1976 γὰρ
3413 1906 3574 1975 μόνον
3609 1904 3708 1975 τὴν

453 2021 563 2061 non
599 2004 763 2074 hujus
791 2003 982 2057 mundi
1019 2002 1378 2072 splendores,
1413 2015 1648 2070 quarum
1685 2015 1867 2055 rerum
1897 2000 2028 2055 nihil

2129 1999 2355 2064 ἀναξίαν
2387 1998 2746 2069 ἀπωσάμενος
2766 1997 2966 2069 ψῆφον,
2997 1997 3072 2068 μὴ
3099 1997 3353 2068 προσθεὶς
3374 1997 3429 2050 δέ
3457 1999 3524 2068 τῇ
3549 1997 3708 2068 χρείᾳ

455 2096 510 2150 ἰιι
534 2094 862 2150 recensione
884 2093 1154 2148 bonorum
1173 2107 1202 2145 a
1227 2092 1411 2146 divina
1437 2090 1719 2160 Scriptura
1741 2105 2028 2146 enumera-

2129 2090 2188 2142 τὸ
2212 2089 2417 2153 λεῖπον,
2447 2089 2508 2142 τὸ
2549 2089 2646 2158 μὲν
2703 2089 2874 2142 κακὸν
2908 2086 3168 2150 ἐκώλυσε,
3193 2088 3255 2142 τὸ
3284 2088 3342 2142 δὲ
3378 2088 3580 2156 ἀγαθὸν
3609 2089 3709 2142 οὑκ

455 2195 565 2251 ι’νιυ,
588 2200 678 2241 res
703 2183 929 2239 idoneas
951 2183 1181 2253 putabat
1201 2197 1337 2251 quas
1361 2181 1428 2236 ad
1452 2181 1824 2250 testimonium
1844 2181 2028 2236 admit-

2131 2181 2403 2250 ἐποίησεν.
2461 2179 2519 2232 'O
2556 2179 2614 2232 δὲ
2651 2180 2786 2250 πρὸς
2830 2178 2909 2250 τῷ
2952 2178 3027 2250 μὴ
3066 2179 3353 2234 συνθέσθαι
3381 2181 3460 2249 τῷ
3503 2180 3708 2252 χείρονι

455 2285 527 2332 te.
543 2287 614 2330 et.
639 2275 758 2329 Non
784 2274 952 2344 igitur
973 2273 1080 2327 hoc
1102 2273 1280 2328 solum
1301 2279 1406 2335 est,
1427 2271 1571 2342 quod
1596 2280 1650 2326 et
1678 2271 1836 2326 laude
1858 2279 1913 2326 et
1932 2270 2028 2325 ad-

2129 2272 2225 2325 xa‘t
2256 2272 2316 2324 τὸ
2349 2271 2511 2325 καλὸν
2564 2270 2822 2342 ἐξευρὼν,
2865 2271 2933 2324 δι’
2960 2273 3287 2342 ἀμφοτέρων
3329 2271 3610 2326 ἐτελείωσε
3649 2273 3711 2325 τὸ

462 2367 763 2422 miratione
798 2364 1022 2435 dignum
1059 2363 1160 2427 sit,
1203 2362 1346 2432 quod
1383 2363 1590 2432 respuit
1624 2361 1804 2417 studia
1831 2363 2028 2433 princi-

2130 2362 2354 2431 ἀγαθὸν,
2379 2360 2504 2414 οὔτε
2534 2361 2610 2432 τῷ
2635 2361 2790 2433 κακῷ
2818 2363 3180 2434 συγχωρήσας
3204 2362 3304 2434 τὴν
3334 2364 3588 2434 πάροδον,
3615 2364 3710 2417 καὶ

459 2472 587 2526 pum
609 2469 826 2510 :verum
850 2454 1012 2508 etiam
1035 2451 1180 2522 quod
1205 2467 1301 2521 per
1319 2465 1403 2516 ea,
1427 2466 1547 2520 qua:
1570 2458 1864 2504 consecuta
1883 2457 2028 2512 sunt,

2129 2453 2190 2506 τὸ
2217 2453 2381 2506 καλὸν
2430 2453 2798 2521 προσαγαγὼν
2846 2456 2924 2518 είς
2967 2456 3249 2525 ἐνέργειαν
3273 2470 3288 2486 ο
3319 2455 3396 2518 ὡς
3426 2456 3566 2509 κατά
3598 2457 3710 2524 άμ-

459 2549 639 2617 seipse
659 2547 957 2615 superavit.
978 2541 1114 2596 Nam
1129 2543 1223 2612 qui
1242 2542 1480 2611 ineptam
1499 2555 1561 2594 ac
1581 2540 1760 2594 minus
1783 2539 2028 2594 idoneam

2132 2542 2335 2613 φότερα
2368 2541 2622 2610 γενέσθαι
2661 2543 2759 2614 τὴν
2799 2544 3119 2616 εὐεργεσίαν
3147 2543 3239 2598 τοῦ
3281 2545 3518 2616 μεγάλου
3567 2546 3711 2616 Γρηη-

461 2637 790 2694 sententiam
820 2634 1087 2690 duntaxat
1112 2632 1326 2701 rejicit,
1352 2645 1530 2700 neque
1576 2629 1765 2699 adjicit
1797 2629 1848 2684 id
1880 2629 2025 2699 quod

463 2745 554 2784 res
576 2727 774 2796 poscit,
791 2725 994 2780 malutu
1016 2722 1234 2794 quidem
1251 2720 1736 2792 prohibet,bonum
1762 2735 1893 2775 vero
1917 2736 2028 2776 non

461 2818 704 2875 conficit.
724 2817 793 2870 At
817 2816 910 2886 qui
935 2822 1299 2885 praeterquam
1322 2811 1468 2881 quod
1492 2826 1600 2864 non
1625 2811 1905 2866 consentit
1926 2811 2022 2865 de-

2133 2631 2314 2702 γορίου
2351 2634 2416 2691 ἐν,
2450 2634 2514 2702 τῇ
2561 2633 2732 2695 πόλει,
2770 2633 2830 2688 τό
2859 2652 2916 2687 τε
2947 2635 3089 2688 κατά
3125 2636 3348 2703 ἄγνοιαν
3382 2637 3511 2706 παρ’
3532 2633 3711 2688 αὑτῶν

2135 2722 2618 2793 πλημμελούμενον
2649 2724 3094 2794 ἐπιστρέψαντος,
3128 2725 3222 2778 καὶ
3239 2725 3301 2779 τὺ
3329 2725 3712 2796 κεκρυμμένον

2130 2816 2261 2884 παρ’
2295 2816 2480 2878 αὑτοῖς
2509 2814 2712 2884 ἀγαθὸν
2741 2815 2810 2868 δι’
2832 2815 3029 2868 ἐαυτοῦ
3063 2815 3498 2885 φανερώσαντος.

460 2909 672 2970 teriori,
717 2907 880 2961 etiam
920 2906 1128 2960 bonum
1174 2903 1414 2966 invenit,
1461 2914 1557 2970 per
1598 2908 1835 2972 utraque
1867 2901 2072 2956 bonum
2114 2903 2363 2972 perﬁcit,
2409 2904 2538 2959 dum
2582 2921 2761 2975 neque
2804 2907 2947 2961 malo
2990 2905 3200 2960 aditum
3231 2908 3358 2972 dat,
3409 2914 3464 2962 et
3504 2909 3712 2964 bonum

461 3000 526 3054 ad
569 2998 824 3053 effectum
858 2995 1156 3066 producit:
1199 2997 1335 3047 adeo
1381 3001 1439 3044 ut
1482 2999 1715 3059 utraque
1763 2992 1976 3047 ratione
2021 2992 2344 3048 beneficium
2399 2996 2579 3065 magni
2621 2993 2868 3062 Gregorii
2907 2996 3120 3050 civitati
3173 2997 3496 3068 contigerit,
3526 2999 3618 3068 qui
3656 3007 3715 3052 et

460 3091 707 3180 id~quod
761 3105 858 3160 per
905 3086 1269 3160 ignorantiam
1317 3086 1387 3140 ab
1430 3084 1499 3140 iis
1542 3084 1982 3154 delinquebatur,
2021 3088 2300 3152 averterit,
2347 3095 2401 3142 et
2441 3088 2647 3143 bonum
2693 3089 2837 3160 apud
2888 3103 2985 3144 eos
3028 3088 3410 3144 absconditum
3452 3105 3549 3160 per
3589 3105 3716 3146 sese

460 3183 796 3257 patefecerit.

532 3280 666 3336 Cum
699 3284 880 3333 autem
915 3274 1096 3329 omnia
1125 3287 1322 3344 magno
1355 3272 1433 3326 illi
1459 3272 1577 3326 viro
1609 3271 1816 3328 auxilio
1845 3273 2023 3328 sancti

2197 3275 2420 3329 Πάντων
2453 3275 2508 3328 δὲ
2544 3275 2685 3330 κατά
2735 3274 2963 3347 γνώμην
3009 3273 3121 3327 τοῦ)
3143 3273 3382 3345 μεγάλου
3428 3289 3715 3345 προκεχω-

462 3371 705 3441 Spiritus
735 3383 802 3422 ex
843 3365 1118 3422 sententia
1166 3363 1565 3428 successerint,
1617 3378 1726 3418 non
1768 3363 2036 3434 intempe-

462 3463 662 3520 stivum
685 3459 870 3522 fuerit,
894 3459 1058 3514 etiam
1089 3455 1458 3510 accessorium
1491 3470 1631 3526 opus
1654 3455 1864 3511 itineris
1887 3470 2036 3510 com-

461 3565 790 3612 memorare,
831 3563 943 3618 quo
984 3563 1079 3618 per
1130 3547 1316 3600 omnia
1356 3545 1557 3616 gratia,
1605 3561 1726 3614 qua:
1761 3545 1880 3600 viro
1929 3561 2033 3600 una

465 3640 682 3705 aderat,
715 3639 1063 3693 ostendatur.
1095 3636 1360 3702 Quoniam
1400 3634 1547 3689 enim
1577 3635 1834 3690 omnibus
1855 3635 2035 3704 palam

463 3737 605 3793 erat,
646 3727 794 3797 quod
831 3729 934 3782 hoc
964 3737 1092 3782 ante
1131 3725 1316 3780 omnia
1357 3725 1462 3780 sibi
1489 3724 1675 3780 studio
1702 3724 1945 3788 haberet,
1979 3734 2037 3778 ut

461 3824 525 3880 in
550 3819 808 3876 omnibus
837 3819 1004 3872 rebus
1035 3816 1101 3869 ad
1121 3817 1397 3886 egentium
1423 3813 1863 3870 consolationem
1897 3830 2038 3885 pra:-

463 3920 555 3971 διο
595 3918 744 3967 esset
776 3928 791 3964 :
824 3910 934 3964 duo
968 3907 1188 3978 quidam
1231 3905 1467 3971 llehraai,
1499 3907 1614 3963 sive
1651 3907 1864 3961 lucrum
1907 3921 2035 3975 spe—

464 4011 704 4066 ctantcs,
747 3999 863 4055 sive
907 3997 1370 4066 vituperationem
1425 3995 1717 4066 quamdam
1773 3995 2034 4050 adversus

462 4094 664 4155 virum,
709 4097 770 4144 ut
816 4089 911 4159 qui
965 4087 1144 4142 fraudi
1198 4102 1263 4141 ac
1321 4085 1631 4156 deccptioni
1690 4096 2034 4155 opportunus

463 4191 632 4246 esset,
674 4188 983 4250 quaerentes
1038 4179 1161 4248 ejus
1204 4179 1439 4232 reditum
1489 4177 1804 4232 observant.
1856 4177 2035 4245 Atque

461 4271 657 4324 horum
707 4285 852 4322 unus
901 4267 1146 4336 quidem,
1195 4267 1290 4337 qui
1341 4273 1592 4321 mortuus
1645 4281 1765 4321 esse
1812 4266 2034 4321 videba—

465 4371 572 4422 tur,
601 4361 800 4429 supino
835 4359 1021 4413 habitu
1063 4366 1321 4412 extensus
1355 4373 1449 4426 per
1482 4367 1850 4412 transversam
1888 4355 2032 4411 viam

464 4450 738 4518 publicam
774 4450 1055 4518 projectus
1083 4455 1244 4514 erat;
1285 4449 1425 4503 alter
1451 4463 1580 4503 vero
1609 4447 1885 4517 jacentem
1925 4447 2033 4502 sci-

461 4541 588 4594 licet
637 4538 954 4608 deplorans,
1008 4537 1426 4592 lamentantium
1471 4553 1636 4593 voces
1683 4539 2031 4605 imitabatur,

2138 3365 2380 3437 ρηκότων
2396 3367 2460 3436 τῇ
2488 3365 2771 3436 συμμαχίᾳ
2785 3365 2880 3419 τοῦ
2904 3365 3060 3434 ἁγίου
3086 3363 3222 3419 [Ινεύ
3232 3381 3416 3434 ματος,
3440 3365 3539 3418 οὑκ
3553 3365 3715 3419 ἀκαι-

2141 3466 2230 3526 ρον
2275 3457 2341 3511 ἂν
2379 3456 2488 3526 εἴη,
2519 3456 2611 3509 καὶ⁹
2643 3456 2705 3509 τὸ
2728 3457 2826 3528 τῆς
2869 3456 2990 3509 ὁδοῦ
3022 3456 3299 3528 πάρεργον
3327 3455 3710 3527 διηγήσασθαι,

2135 3548 2212 3611 ὡς
2258 3546 2324 3600 ἂν
2371 3547 2460 3600 διά
2504 3548 2719 3601 πάντων
2758 3550 2792 3618 ἡ
2839 3547 3200 3619 συμπαροῦσα
3230 3546 3308 3618 τῷ
3355 3549 3512 3621 ἀνδρὶ
3553 3549 3714 3619 χάρις

2137 3637 2499 3692 ἐπεδείκνυτο.
2546 3638 2766 3710 Ἐπειδὴ
2816 3639 2926 3709 γὰρ
2977 3637 3149 3691 ἅπασι
3192 3638 3458 3709 πρόδηλον
3496 3634 3585 3709 ἦν,
3625 3640 3712 3692 ὅτι

2135 3727 2291 3781 τοῦτο
2316 3728 2422 3800 πρὸ
2443 3730 2658 3784 πάντων
2678 3729 2755 3801 τῷ
2775 3729 2928 3799 ἀνδρὶ
2951 3729 3281 3783 ἐσπούδαστο
3303 3730 3362 3782 τὸ
3377 3730 3554 3784 πάντα
3575 3730 3717 3800 πρὸς

2134 3818 2234 3890 τὴν
2259 3819 2370 3874 τῶν
2416 3821 2684 3892 δεομένων
2735 3821 3087 3892 παραμυθίαν
3134 3820 3386 3890 βλέπειν’
3421 3823 3529 3876 εἴτε
3574 3823 3711 3892 πρὸς

2135 3912 2323 3982 κέρδος
2345 3912 2578 3985 ὁρῶντες
2610 3913 2675 3965 ἐκ
2698 3912 2808 3965 τῶν
2842 3912 3106 3984 Ἐϐραίων
3135 3913 3229 3966 δὺο
3255 3915 3418 3980 τινὲς,
3448 3915 3556 3968 εῖτε
3587 3914 3713 3968 τινὰ

2139 4002 2325 4073 μῶμον
2345 4001 2487 4056 κατά
2501 4002 2595 4056 τοῦ
2618 4004 2808 4076 ἀνδρὸς
2833 4003 3190 4069 ἐπινοοῦντες,
3216 4004 3292 4068 ὡς
3315 4004 3550 4066 εὐκόλως
3576 4005 3714 4074 πρὸς

2134 4092 2194 4145 τὸ
2222 4093 2592 4156 ἐξαπατᾶσθαι
2618 4094 2982 4164 διακειμένου,
3009 4095 3529 4166 παραφυλάσσουσιν
3544 4094 3711 4148 αὑτοῦ

2133 4181 2232 4252 τὴν
2263 4182 2540 4236 ἐπάνοδον.
2579 4184 2688 4236 Καὶ
2719 4184 2924 4238 τούτων
2954 4187 2982 4239 ὁ
3015 4187 3132 4256 μὲν,
3162 4187 3414 4240 τεθνάναι
3441 4185 3615 4252 δόξας,
3649 4188 3713 4240 ἐν

2133 4270 2308 4338 ὑπτίῳ
2342 4271 2636 4342 τεταμένος
2665 4272 2742 4342 τῷ
2788 4275 3048 4345 σχήματι,
3080 4275 3220 4328 κατά
3247 4274 3309 4328 τὸ
3355 4275 3582 4343 πλάγιον
3607 4276 3710 4344 τῆς

2133 4360 2405 4433 λεωφόρου
2450 4362 2768 4433 προέκειτο·
2809 4365 2837 4416 ὁ
2869 4362 2927 4417 δέ
2957 4365 3144 4435 ἕτερος
3189 4365 3514 4418 ἐπικωκύων
3549 4364 3713 4435 δῆθεν

2132 4451 2209 4522 τῷ
2241 4452 2478 4522 κειμένῳ
2501 4454 2598 4517 τὰς
2627 4454 2734 4508 τῶν
2762 4454 3102 4524 θρηνούντων
3137 4455 3321 4524 φωνὰς
3355 4455 3709 4527 ὑπεκρίνατο,

2133 4540 2228 4592 καὶ
2272 4541 2534 4612 παριόντα
2580 4543 2672 4594 τὸν
2708 4545 2880 4614 μέγαν
2926 4545 3207 4609 ἐπεϐοᾶτο,
3254 4547 3448 4614 λέγων,
3495 4547 3712 4617 ἀθρόως

461 4644 524 4681 ac
558 4636 973 4697 praetereuntem
1008 4643 1262 4697 magnum
1304 4628 1454 4682 illum
1483 4627 1659 4680 virum
1702 4628 2028 4683 inclamabat

2136 4633 2460 4701 συσχεθέντα
2499 4634 2711 4706 θανάτῳ
2738 4636 2830 4688 τὸν
2861 4635 3094 4690 δείλαιον
3121 4638 3327 4698 τοῦτον,
3366 4638 3567 4709 γυμνὸν
3593 4641 3712 4691 κεῖ--

461 4721 655 4776 diccns
685 4739 696 4773 :
733 4719 976 4789 Repente
1012 4727 1189 4773 morte
1216 4726 1506 4788 correptus
1533 4719 1620 4774 hic
1651 4719 1820 4774 miser
1850 4719 2028 4773 nudus

2131 4720 2252 4774 σθαι
2287 4722 2378 4774 καὶ⁵
2434 4725 2570 4794 πρὸς
2613 4726 2791 4796 ταφὴν
2833 4727 3237 4798 ἀπαράσκευον.
3285 4729 3492 4782 Ἐδείτσ
3527 4731 3711 4783 τοίνυν

455 4811 623 4880 jacet,
673 4811 834 4881 eique
869 4809 1022 4866 deest
1053 4820 1350 4878 apparatus
1399 4809 1465 4862 ad
1513 4810 1874 4878 sepulturam.
1917 4808 2028 4862 Ro-

2128 4812 2222 4863 τοῦ
2253 4814 2487 4881 μεγάλου
2522 4817 2595 4885 μὴ
2627 4817 2886 4887 περιιδεῖν
2917 4819 3004 4871 ἐπ’
3028 4820 3172 4890 αὑτῷ
3205 4821 3302 4890 τὴν
3329 4821 3480 4874 ὁσίαν
3507 4821 3707 4892 ψυχὴν.

457 4902 621 4971 gabat
661 4901 828 4972 igitur
877 4915 1133 4969 magnum
1185 4899 1351 4953 istum
1386 4901 1585 4963 virum,
1623 4915 1690 4953 ne
1735 4899 2028 4969 negligeret

2128 4904 2241 4956 ἀλλ’
2270 4901 2446 4957 οἶκτόν
2485 4923 2605 4958 τινα
2651 4908 2750 4977 τῆς
2798 4910 2988 4972 πενίας
3031 4911 3261 4964 λαϐόντα
3307 4916 3608 4984 παρασχεῖν
3639 4915 3708 4966 ἐκ

456 4996 510 5048 ἱιι
542 4994 778 5064 eojusta
818 5001 1186 5054 mortuorum,
1220 4992 1315 5046 sed
1359 4992 1613 5046 misertus
1645 4992 1832 5060 aliquo
1867 4992 2028 5046 modo

2128 4993 2234 5046 τῶν
2263 4995 2488 5048 ἐνόντων
2515 4997 2607 5049 τὸν
2637 4997 2863 5068 ἔσχατον
2888 5001 3094 5072 κόσμον
3120 5002 3477 5072 ἐπιϐληθῆναι
3503 5003 3579 5073 τῷ
3603 5002 3710 5055 σώ-

454 5086 816 5155 pauperlatis,
857 5087 1124 5155 prmberet
1167 5100 1233 5138 ex
1289 5084 1356 5138 iis
1407 5085 1571 5138 rebus
1608 5100 1729 5154 qua:
1764 5093 2024 5154 suppete-

416 5185 596 5240 lrent,
647 5189 756 5244 quo
803 5185 1078 5229 extremus
1127 5179 1356 5228 ornatus
1415 5174 1629 5242 corpori
1686 5173 2019 5242 injiceretur.

455 5266 548 5318 llle
578 5265 796 5334 quidem
844 5265 959 5322 hate
1000 5274 1053 5319 et
1100 5265 1228 5318 talia
1263 5265 1454 5320 dicens
1505 5265 1887 5334 supplicabat;
1935 5265 2023 5319 hic

455 5370 581 5408 vero
635 5356 770 5410 nihil
820 5363 1114 5410 cunctatus
1156 5372 1323 5426 super
1363 5357 1635 5426 jaCentem
1691 5356 1894 5424 injecta
1941 5356 2025 5411 di-

455 5445 655 5517 ploide,
705 5459 813 5514 qua
872 5447 1248 5501 circumdatus
1295 5456 1430 5513 erat,
1481 5447 1583 5502 iter
1643 5463 1799 5502 suum
1861 5463 2025 5518 porro

422 5561 424 5563 >
455 5537 908 5609 prosequebatur.
950 5537 1056 5592 Sed
1091 5549 1444 5609 posteaquam
1478 5538 1725 5608 digresso
1761 5541 1875 5604 illo,
1923 5541 2025 5595 soli

457 5639 605 5686 erant
639 5646 668 5684 a
718 5631 922 5700 quibus
955 5629 1028 5683 ita
1067 5631 1292 5686 dclttsus
1333 5638 1470 5694 erat,
1519 5639 1724 5685 mutata
1766 5631 1819 5685 in
1854 5631 2022 5687 risum

2137 5100 2284 5153 ματι.
2303 5083 2362 5136 Ὀ
2387 5083 2484 5154 μὲν
2521 5085 2692 5140 ταῦτα
2724 5089 2818 5142 καὶ
2848 5090 2918 5143 τά
2947 5091 3168 5144 τοιαῦτα
3193 5091 3387 5160 λέγων,
3424 5091 3660 5146 ἱκέτευεν
3690 5109 3707 5124 ·

2133 5178 2161 5228 ὁ
2185 5176 2240 5228 δὲ
2275 5177 2543 5247 μελλήσας
2565 5179 2738 5243 οὐδὲν,
2761 5181 2860 5250 τὴν
2883 5183 3270 5253 περικειμένην
3294 5183 3440 5253 αὐτῷ
3463 5183 3710 5236 διπλοΐδα

2133 5266 2406 5319 ἐπιϐαλὼν
2447 5269 2526 5338 τῷ
2574 5270 2832 5342 κειμένῳ,
2869 5273 2960 5325 τοῦ
3017 5275 3206 5344 πρόσω
3254 5276 3354 5344 τῆς
3401 5274 3711 5344 ὁδοιπορίας

2133 5360 2324 5428 εἴχετο.
2366 5361 2517 5414 Ἐπεὶ
2542 5361 2598 5414 δὲ
2632 5363 2916 5427 διαϐάντος
2942 5365 3168 5430 ἐκείνου,
3204 5366 3288 5434 ἐφ’
3323 5366 3532 5420 ἑαυτῶν
3565 5361 3712 5437 ἦσαν

2130 5452 2177 5501 οί
2217 5449 2389 5504 ταῦτα
2443 5453 2560 5506 κατ’
2595 5453 2760 5506 αὑτοῦ
2800 5455 3108 5520 παίξαντες,
3145 5456 3467 5526 μεταϐαλὼν
3497 5459 3526 5511 ὁ
3564 5457 3714 5512 ἀπα-

2125 5539 2262 5592 τεὼν
2285 5542 2490 5606 ἐκεῖνος
2516 5545 2610 5596 τὸν
2639 5546 3107 5615 ἐσχηματισμένον
3138 5547 3333 5617 θρῆνον
3364 5550 3444 5612 είς
3472 5549 3706 5617 γέλωτα,

2124 5631 2495 5688 διανίστασθαι
2529 5634 2607 5704 τῷ
2649 5637 2884 5706 κειμένῳ
2928 5638 3346 5708 παρεκελεύετο,
3391 5642 3482 5711 ὑφ’
3515 5643 3711 5713 ἡδονῆς

458 5726 709 5779 simulata
760 5722 1150 5779 lanientatioue
1198 5723 1462 5791 impostor
1511 5722 1601 5776 ille
1642 5722 1913 5791 jacentcm
1963 5731 2022 5778 ut

2128 5723 2200 5795 τῷ
2223 5726 2286 5778 ἐκ
2315 5725 2412 5795 τῆς
2445 5725 2659 5798 ἀπάτης
2698 5727 2881 5792 αὑτοῖς
2919 5732 3340 5804 προσγενομένῳ
3375 5733 3554 5809 κέρδει
3583 5735 3706 5789 ἐπι-
