4092 6368
352 390 449 447 Βιὶὶ

1287 383 1374 440 Diti
1412 385 1572 441 VITA
1615 384 1675 442 S.
1717 381 2047 443 GREGOBII
2084 380 2616 448 THAUMATURGI.

3504 400 3614 459 ΜΞ

353 500 668 570 καγχάζων.
712 494 771 551 Ὁ
799 495 858 550 δὲ
896 489 965 566 ἦν
998 495 1057 548 ἐν
1094 494 1265 566 ὁμοίῳ
1310 494 1388 566 τῷ
1434 498 1673 566 σχήματι
1709 497 1926 568 μηδενὸς

2040 506 2308 568 surgeret,
2339 499 2687 568 hortabatur,
2712 517 2823 573 pra:
2844 503 3045 572 gaudio
3074 505 3146 561 ob
3169 507 3387 563 lucrum
3419 508 3612 567 fraude

351 593 567 650 ἀκούων
593 590 702 644 τῶν
729 588 1060 658 λεγομένων.
1085 586 1194 640 Τοῦ
1222 586 1278 640 δὲ
1311 588 1657 659 γεγωνοτέρᾳ
1684 590 1751 659 τῇ
1780 592 1930 660 φωνῇ

354 680 718 756 κεχρημένου,
744 680 838 733 καὶ
860 679 976 746 ἅμα
998 677 1077 749 τῷ
1098 677 1611 749 ποδὶδιεγείροντος,
1634 678 1785 733 οὐδὲν
1804 678 1934 749 μᾶλ-

353 775 443 827 λον
480 775 509 826 ὁ
546 772 818 841 κείμενος,
846 767 969 822 οὔτε
997 768 1096 837 τῆς
1135 770 1320 837 φωνῆς
1346 770 1635 838 ιπήκουεν,
1674 769 1797 823 οὕτε
1834 770 1933 839 τῆς

354 863 569 932 πληγῆς
594 860 931 932 ἐπῃσθάνετο
950 876 963 889 ·
992 859 1108 913 ἀλλ’
1134 855 1203 930 ἦν
1234 859 1434 930 ὁμοίως
1467 860 1826 931 ὲκτεταμένος
1855 862 1933 931 τῷ

357 956 617 1026 σχήματι.
649 952 861 1023 Νεκρὸς
902 952 1011 1022 γὰρ
1034 946 1103 1022 ἦν
1129 950 1264 1021 ὁμοῦ
1297 953 1362 1022 τῇ
1410 952 1633 1023 ἰπιϐολῇ
1668 953 1759 1006 τοῦ
1801 956 1933 1023 ίμα-

352 1044 499 1111 dou,
528 1044 670 1097 κατὰ
695 1043 950 1114 ἀλήθειαν
980 1045 1037 1096 έν
1062 1041 1139 1112 τῷ
1165 1042 1381 1113 Θανάτῳ
1413 1044 1723 1114 γενόμενος,
1749 1044 1809 1096 ὃν
1838 1045 1933 1097 ἐπὶ

350 1139 419 1208 τῇ
469 1136 655 1208 ἀπάτῃ
710 1134 806 1189 τοῦ
862 1135 1102 1206 μεγάλου
1150 1134 1620 1205 καθυπεκρίνετο·
1666 1136 1805 1190 ῶστε
1856 1135 1931 1206 μὴ

350 1227 654 1298 ψευσθῆναι
704 1226 796 1279 τὸν
836 1225 931 1278 τοῦ
983 1224 1119 1279 Θεοῦ
1161 1225 1468 1296 ἄνθρωπον,
1502 1224 1615 1278 ἀλλ’
1656 1219 1719 1279 οὗ
1774 1226 1933 1296 χάριν

352 1316 507 1386 ὲδόθη
545 1317 675 1383 παρ’
706 1313 870 1367 αύτοῧ
906 1314 968 1367 τὸ
1011 1314 1246 1385 ἱμάτιον,
1290 1316 1348 1366 ὲν
1376 1314 1552 1385 τούτῳ
1576 1317 1689 1378 τοῖς
1711 1314 1932 1368 λαϐοῦσι

350 1406 605 1477 γενέσθαι
648 1407 941 1477 χρήσιμον.
975 1405 1038 1458 Εἰ
1077 1405 1134 1458 δὲ
1164 1405 1488 1478 σκυθρωπὸν
1516 1402 1655 1460 εἶναι
1700 1407 1934 1461 δοκεῖτὸ

351 1498 589 1553 τοιοῦτον
617 1498 776 1570 ἔργον
802 1498 898 1569 τῆς
921 1497 1015 1551 τοῦ
1051 1497 1285 1568 μεγάλου
1320 1497 1555 1562 πίστεώς
1584 1516 1644 1552 τε
1670 1500 1763 1553 καὶ
1784 1500 1933 1555 δυνά·

353 1607 521 1660 μεως,
541 1587 828 1653 ξενιζέσθω
844 1588 1053 1659 μηδεὶς,
1079 1589 1215 1656 πρὸς
1239 1588 1329 1642 τὸν
1354 1588 1526 1659 μέγαν
1544 1589 1747 1661 Πέτρον
1767 1591 1928 1660 ὁρῶν.

350 1680 462 1731 Καὶ
490 1678 599 1750 γάρ
615 1675 843 1742 ἐκεῖνος,
866 1679 927 1733 ού
949 1677 1017 1731 δι’
1045 1672 1119 1732 ὧν
1150 1679 1435 1749 εὐηργέτει
1469 1680 1738 1751 μόνοντὴν
1765 1698 1934 1752 προσ-

350 1769 520 1824 οῦσαν
577 1769 922 1823 ἐπεδείκνυτο
952 1770 1204 1841 δύναμιν,
1241 1770 1332 1823 τὸν
1376 1772 1441 1823 ὲκ
1474 1773 1735 1842 γεννητῆς
1760 1772 1931 1843 χωλὸν

2038 588 2327 662 quaesitum
2381 591 2744 645 cachinnans.
2808 594 2878 647 At
2930 595 3070 649 alter
3134 605 3253 652 erat
3304 598 3357 652 in
3420 601 3611 655 eodem

2036 680 2250 743 habitu,
2300 680 2437 735 nihil
2503 682 2805 739 exaudiens
2847 699 3037 739 eorum
3092 701 3215 756 quas
3260 688 3610 745 dicebantur.

2035 767 2175 823 Cum
2220 777 2403 823 autem
2449 769 2540 825 ille
2588 771 2825 827 clariore
2870 788 3003 829 voce
3034 782 3301 840 uteretur.
3355 794 3417 833 ac
3448 780 3613 834 simul

2035 858 2171 928 pede
2204 860 2431 915 trudens
2466 875 2591 915 eum
2621 862 2865 917 excitare
2897 865 3186 929 niteretur,
3236 869 3410 923 nihilo
3438 873 3613 942 magis

2033 951 2127 1020 qui
2163 950 2382 1019 jacebat
2402 951 2485 1005 vel
2524 966 2710 1005 vocem
2762 955 3111 1020 exaudiebat,
3145 959 3228 1012 vel
3277 958 3445 1015 ictum
3483 972 3616 1018 sen-‘

2033 1043 2234 1107 tieliat,
2281 1043 2375 1097 sed
2415 1044 2471 1097 in
2515 1044 2709 1098 eodem
2757 1045 2944 1099 habitu
2977 1046 3241 1105 extensus
3281 1060 3418 1105 erat.
3465 1053 3610 1109 Mor-

2034 1144 2162 1187 tuus
2208 1133 2356 1187 enim
2402 1144 2554 1194 erat,
2597 1146 2747 1198 cum,
2783 1134 2945 1189 simul
2975 1148 3138 1206 atque
3174 1140 3398 1210 pallium
3446 1159 3612 1213 super

2033 1239 2157 1279 eum
2200 1223 2460 1293 injectum
2506 1234 2649 1289 erat,
2701 1242 2825 1281 vera
2866 1236 3063 1295 morte,
3100 1246 3264 1300 quam
3305 1232 3609 1304 decipiendi

2032 1316 2217 1387 magni
2247 1316 2395 1373 illius
2425 1332 2593 1373 causa
2612 1320 2988 1385 simulaverat,
3012 1328 3300 1393 Correptus
3332 1327 3615 1395 exspiras-

2033 1420 2139 1475 set,
2171 1408 2307 1465 adeo
2350 1418 2409 1464 ut
2455 1411 2620 1467 homo
2674 1408 2765 1467 ille
2819 1412 3040 1469 divinus
3096 1415 3241 1471 haud
3288 1415 3462 1475 falsus
3514 1421 3612 1486 sit,

2033 1502 2131 1558 sed
2173 1502 2335 1572 cujus
2388 1502 2465 1559 rei
2518 1504 2691 1574 gratia
2727 1504 2953 1573 pallium
3016 1507 3086 1560 ab
3133 1521 3199 1562 eo
3236 1507 3422 1562 datum
3467 1519 3608 1573 erat.

2033 1595 2100 1650 ad
2146 1595 2289 1650 hanc
2322 1610 2435 1649 rem
2483 1596 2533 1649 ei
2580 1597 2673 1665 qui
2721 1597 3045 1667 accepisset,
3081 1600 3207 1653 usui
3252 1608 3417 1655 esset.
3453 1600 3607 1666 Quod

2035 1687 2082 1742 si
2105 1688 2362 1741 acerbum
2392 1694 2446 1741 et
2472 1692 2629 1741 atro:
2664 1687 2935 1757 ejusmodi
2970 1688 3186 1745 facinus
3218 1706 3428 1762 magum
3463 1692 3611 1747 illius

2033 1788 2087 1830 et
2116 1777 2239 1832 tldei
2275 1786 2330 1833 et
2359 1780 2618 1849 potentiae
2660 1795 2784 1835 esse
2824 1780 3061 1845 videtur,
3104 1797 3266 1836 nemo
3293 1784 3450 1855 quasi
3497 1800 3610 1839 rem

347 1865 608 1936 τρέχοντα
646 1863 723 1934 τῷ
770 1863 886 1934 λαῷ
929 1863 1187 1919 δεικνύων
1242 1866 1335 1918 καὶ
1382 1865 1746 1937 διαλλόμενον,
1793 1869 1926 1939 ἢτῇ

2033 1883 2227 1923 novatn
2262 1869 2513 1932 miretur,
2548 1869 2643 1925 sed
2684 1870 2751 1925 ad
2782 1885 3040 1941 magnum
3083 1872 3233 1926 illiilli
3265 1871 3487 1928 Petrum
3527 1892 3615 1929 re-

350 1957 480 2027 σκιᾷ
508 1954 603 2009 τοῦ
635 1952 763 2009 ἰδίου
794 1954 1045 2025 σώματος
1078 1954 1344 2026 ἰατρεύων
1365 1956 1475 2009 τῶν
1505 1956 1932 2028 ἀρρωστούντων

346 2048 417 2100 τὰ
451 2046 618 2115 πάθη,
686 2041 767 2109 οἷς
812 2046 878 2099 ἂν
923 2046 1171 2115 ἐπήγαγε
1225 2046 1366 2100 κατὰ
1413 2047 1513 2118 τὴν
1556 2045 1790 2116 πάροδον
1837 2045 1930 2098 τοῦ

346 2138 642 2194 ἀποστόλου
689 2138 779 2191 διὰ
836 2138 1063 2205 πλαγίου
1114 2137 1193 2208 τῷ
1246 2136 1458 2209 σώματι
1512 2136 1866 2208 προσϐάλλων
1903 2139 1932 2190 ὁ

344 2230 530 2300 ἥλιοςο
559 2228 696 2283 ἀλλὰ
741 2230 837 2283 καὶ
879 2229 975 2282 τοῦ
1018 2229 1260 2283 Ἀνανίου
1292 2228 1429 2300 πρὸς
1482 2228 1580 2298 τὴν
1618 2227 1931 2281 ἐνοικοῦσαν

345 2321 425 2392 τῷ
475 2320 757 2391 άποστόλῳ
805 2319 1035 2391 δύναμιν
1078 2319 1560 2390 καταφρονητικῶς
1600 2318 1931 2383 διατεθέντος

346 2412 695 2477 καταδικάζει
721 2411 813 2465 τὸν
839 2412 1065 2467 θάνατον
1085 2429 1098 2445 ·
1121 2410 1197 2473 ὡς
1224 2409 1309 2475 ἂν,
1342 2407 1516 2480 οἶμαι,
1541 2410 1623 2479 τῷ
1644 2412 1765 2466 κατ’
1792 2413 1931 2464 exsl-

344 2523 434 2559 νον
474 2504 622 2575 φόϐῳ
655 2505 765 2557 πᾶν
792 2508 854 2557 τὸ
883 2501 1261 2573 καταφρονοῦν
1289 2503 1347 2555 ἐν
1390 2502 1469 2573 τῷ
1506 2502 1621 2574 λαῷ
1655 2503 1928 2573 σωφρονέ-

346 2611 537 2668 στερον
566 2596 789 2665 γένηται
821 2594 899 2665 τῷ
930 2594 1147 2666 φοϐερῷ
1176 2593 1555 2664 ὑποδείγματι,
1588 2594 1727 2665 πρὸς
1764 2594 1826 2647 τὸ
1853 2595 1929 2666 μὴ

345 2691 456 2751 τοῖς
511 2688 694 2750 αὐτοῖς
736 2686 1057 2755 ἐγγενέσθαι
1108 2684 1650 2756 παιδαγωγούμενον.
1688 2684 1929 2747 Εἰκότως

344 2781 521 2833 τοίνυν
561 2782 589 2833 ό
623 2780 867 2851 μιμητὴς
900 2778 994 2831 τοῦ
1036 2778 1243 2847 Πέτρου
1290 2777 1379 2830 διὰ
1406 2775 1616 2830 πολλῶν
1648 2774 1755 2828 τῶν
1788 2772 1929 2827 κατά

345 2873 441 2935 τὰς
482 2871 804 2943 εὐεργεσίας
851 2870 1147 2941 θαυμάτων
1187 2867 1369 2934 δείξας
1407 2866 1468 2922 τὸ
1519 2867 1619 2938 τῆς
1646 2867 1928 2937 δυνάμεως

346 2962 595 3032 μέγεθος,
633 2963 726 3016 καὶ
756 2962 847 3016 τὸν
879 2961 1021 3015 κατὰ
1051 2960 1146 3014 τοῦ
1180 2958 1495 3031 Πνεύματος
1522 2958 1829 3031 χρήσασθαι
1858 2959 1924 3027 τῇ

342 3055 530 3125 ἀπάτῃ
571 3055 1000 3126 ἐπιχειρήσαντα
1043 3052 1340 3124 ἀληθεῦσαι
1385 3052 1516 3123 περὶ
1561 3051 1726 3106 αὑτοῦ
1787 3065 1929 3121 παρ-

343 3145 817 3202 εσκεύασεν.Ἔδει
839 3148 970 3219 γὰρ,
996 3143 1168 3218 οἶμαι,
1203 3144 1295 3199 τὸν
1315 3146 1647 3216 καθαιρέτην
1677 3142 1770 3197 τοῦ
1794 3142 1925 3213 ψεύ-

2034 1961 2253 2031 Spiciat.
2313 1958 2448 2015 Nam
2498 1971 2552 2017 et
2611 1963 2700 2018 ille
2763 1979 2872 2018 non
2914 1964 3305 2021 benefaciendo
3348 1968 3613 2022 duntaxat

2031 2051 2312 2114 virtutem,
2334 2063 2440 2119 qua
2464 2050 2730 2119 praeditus
2766 2060 2904 2115 erat,
2940 2054 3373 2119 demonstrabat,
3403 2070 3526 2109 cum
3558 2064 3613 2109 et

2031 2156 2178 2207 eum,
2235 2143 2331 2211 qui
2381 2142 2611 2197 claudus
2668 2150 2831 2199 natus
2885 2150 3023 2209 erat,
3075 2155 3387 2201 currentem
3448 2156 3612 2218 atque

2032 2233 2325 2288 saltantem
2370 2235 2573 2303 populo
2605 2235 2943 2300 ostenderet,
2983 2244 3038 2291 et
3085 2237 3170 2293 sui
3205 2239 3456 2308 corporis
3488 2255 3611 2292 um-

2030 2325 2128 2380 bra
2176 2326 2243 2379 ad
2276 2340 2640 2398 quoscunque
2686 2342 2805 2382 eam
2838 2329 2942 2390 sol,
2979 2334 3300 2384 transeunte
3334 2333 3605 2400 apostolo,

2030 2428 2097 2468 ex
2150 2424 2465 2470 transverso
2508 2417 2726 2486 corpori
2763 2416 3089 2473 incumbens
3121 2418 3384 2490 adigeret,
3425 2436 3607 2491 aegro-

2030 2504 2263 2559 tantiqu
2311 2506 2537 2562 morbos
2591 2517 2814 2564 sanaret
2847 2528 2857 2562 :
2896 2525 3083 2564 verum
3117 2511 3283 2565 etiam
3302 2514 3606 2574 .Auaniam,

2028 2595 2120 2665 qui
2164 2594 2394 2650 insitam
2419 2598 2672 2666 apostolo
2701 2600 2957 2655 virtutem
2993 2602 3400 2664 contemnebat,
3432 2615 3609 2657 morte

2026 2686 2379 2752 condemnat,
2436 2696 2494 2743 ut
2542 2690 2711 2755 illius,
2763 2692 2983 2760 opinor,
3039 2707 3200 2762 paena
3241 2693 3499 2763 quisquis
3552 2696 3605 2747 iu

2028 2778 2235 2847 populo
2280 2777 2473 2833 eodem
2518 2779 2946 2849 contemptionis
2982 2782 3175 2836 morbo
3206 2782 3502 2847 laboraret,
3539 2787 3606 2838 ad

2028 2868 2307 2924 saniorem
2362 2869 2675 2938 Opinionem
2735 2879 3125 2938 revocaretur,
3186 2887 3310 2926 eum
3358 2876 3609 2945 exemplo

2028 2960 2309 3015 horrendo
2357 2968 2728 3026 coerceretur,
2764 2976 2833 3016 ne
2884 2972 2938 3018 et
2969 2963 3089 3033 ipse
3130 2964 3499 3019 committeret
3547 2975 3606 3019 ut

2028 3050 2223 3107 iisdem
2256 3052 2437 3123 pmnis
2484 3053 2875 3121 suhjiceretur.
2931 3053 3124 3108 Merito
3159 3053 3329 3125 igitur
3363 3057 3609 3111 imitator

2029 3136 2201 3205 Petri,
2230 3156 2356 3197 cum
2392 3158 2491 3213 per
2517 3144 2685 3198 multa
2720 3143 2965 3200 benellca
3016 3146 3282 3200 miracula
3332 3150 3608 3218 magnitu-

338 3240 487 3304 δούς,
510 3239 603 3292 καὶ
638 3238 695 3291 έν
727 3238 806 3309 τῷ
831 3203 1107 3293 άπατεῶνι
1129 3203 1190 3291 ab
1216 3237 1409 3308 ψεῦδος
1432 3203 1820 3309 μεταλλάττειν
1842 3236 1922 3299 είς

2031 3232 2219 3287 dinem
2257 3234 2515 3303 potentia:
2563 3235 2918 3295 ostendisset,
2965 3238 3132 3290 etiam
3167 3251 3315 3300 eum,
3365 3203 3459 3308 ῳῖὶ
3510 3241 3608 3291 σει-

341 3328 621 3399 ἀλήθειαν,
664 3327 739 3391 ὡς
765 3326 831 3381 ἂν
859 3328 1029 3382 ἅπασι
1067 3326 1158 3381 διὰ
1194 3322 1355 3381 τοῦτο
1387 3327 1598 3395 γένοιτο
1633 3325 1811 3397 δῆλον,
1838 3325 1920 3379 ὅτι

341 3422 437 3476 καὶ
464 3422 573 3474 πᾶν
594 3421 655 3474 τὸ
688 3421 839 3493 παρὰ
874 3420 968 3474 τοῦ
1000 3419 1235 3490 μεγάλου
1272 3419 1565 3489 λεγόμενον
1593 3418 1792 3490 ἀληθὲς
1823 3414 1921 3487 ἦν,

340 3513 436 3566 καὶ
459 3513 594 3583 ὅπερ
620 3512 684 3565 ἂν
727 3511 803 3576 ὡς
837 3510 1036 3582 ἀληθὲς
1081 3509 1436 3581 παρεδέξατο,
1468 3507 1663 3581 ψεῦδος
1700 3510 1801 3563 οὐκ
1830 3506 1918 3580 ἦν.

341 3603 404 3655 Ol
440 3604 539 3673 μὲν
579 3599 673 3657 οὖν
717 3602 962 3656 Ἰουδαῖοι
997 3603 1139 3657 κατὰ
1177 3602 1267 3657 τὸν
1313 3602 1548 3674 ῥηθέντα
1578 3603 1779 3673 τρόπον
1825 3600 1924 3672 τῆς

338 3695 432 3748 τοῦ
462 3695 698 3766 μεγάλου
727 3694 1028 3765 δυνάμεως,
1056 3693 1131 3759 ὡς
1153 3695 1432 3765 ἐνόμισαν,
1462 3693 1919 3757 καταπαίξαντες,

342 3786 616 3856 παίδευμα
652 3790 764 3849 τοῖς
804 3784 982 3851 ἄλλοις
1017 3786 1285 3854 ἐγένοντο,
1322 3787 1396 3857 μὴ
1446 3786 1787 3856 κατατολμᾷν
1818 3785 1917 3855 τῆς

341 3875 579 3947 ἀπάτης,
599 3875 684 3944 ἐφ’
707 3868 783 3929 ὧν
806 3877 835 3929 ό
863 3875 995 3940 Θεὸς
1010 3876 1219 3944 γίνεται
1248 3875 1357 3929 τῶν
1382 3876 1761 3947 τολμηθέντων
1788 3891 1919 3929 κατ-

343 3969 563 4041 ήγορος·

2030 3336 2226 3378 versus
2278 3320 2544 3394 Spiritum
2600 3324 2845 3380 fraudem
2902 3325 3084 3380 facere
3141 3338 3373 3383 conatus
3426 3340 3603 3389 esset.

2026 3425 2279 3466 veracem
2312 3413 2578 3469 adversus
2605 3414 2847 3484 seipsum
2875 3414 3077 3469 eli‘ecit.
3113 3414 3413 3486 Oportebat
3435 3420 3603 3480 enim,

2025 3503 2245 3574 opinor,
2279 3504 2551 3560 mendacii
2572 3519 2885 3560 eversorem
2911 3508 3076 3561 etiam
3103 3507 3412 3578 deceptoris
3447 3526 3604 3562 IIN‘II-

2026 3595 2245 3650 dacium
2282 3604 2607 3651 convertere
2655 3596 2711 3650 in
2760 3598 3070 3663 veritatem,
3115 3607 3175 3653 ut
3214 3600 3469 3655 omnibus
3512 3617 3607 3669 ιιι-1·

2028 3689 2134 3745 hoc
2168 3689 2350 3759 palam
2384 3686 2561 3753 fieret,
2605 3688 2752 3759 quod
2800 3697 2855 3743 et
2892 3690 3158 3759 quidquid
3211 3705 3243 3745 a
3284 3706 3482 3762 magno
3513 3694 3606 3746 illo

2029 3788 2145 3835 tum
2190 3781 2490 3844 diceretur,
2525 3790 2642 3835 tum
2693 3781 2865 3848 ﬁeret,
2906 3796 3098 3835 verum
3144 3790 3313 3845 esset,
3344 3791 3398 3839 et
3438 3786 3606 3854 quod-

2027 3887 2247 3942 cunque
2284 3888 2382 3942 pro
2426 3888 2554 3928 vero
2599 3874 2924 3943 accepisset,
2962 3875 3309 3929 mendacium
3360 3893 3467 3931 non
3510 3894 3602 3931 es~

2031 3976 2134 4021 set.
2165 3966 2241 4019 Ac
2267 3961 2439 4019 Judaei
2476 3965 2721 4035 quidem,
2753 3965 3211 4034 quemadmodum
3242 3968 3445 4021 dictum
3496 3978 3599 4032 est,

342 4061 527 4131 magni
589 4061 736 4116 illius
775 4060 1097 4131 potentiam,
1165 4066 1222 4112 ut
1292 4057 1573 4119 rebantur,
1630 4055 1911 4117 ludificati.
1951 4054 2283 4109 documento
2344 4053 2565 4108 caeteris
2620 4050 2845 4107 fuerunt
2890 4071 2902 4105 :
2942 4068 3052 4105 non
3111 4054 3426 4108 tentandam
3481 4072 3604 4111 esse

343 4148 612 4211 fraudem,
662 4149 716 4202 in
750 4149 951 4219 quibus
985 4148 1127 4202 Deus
1174 4160 1387 4211 eorum,
1421 4159 1543 4215 quae
1585 4144 1906 4205 tentaveris,
1941 4152 2234 4196 accusator
2266 4141 2505 4197 exsistit.

412 4242 568 4295 Μετὰ
611 4241 783 4295 ταῦτα
813 4239 871 4294 δὲ
898 4242 1154 4311 συλλόγου
1183 4241 1330 4304 τινὸς
1368 4241 1511 4293 κατὰ
1552 4238 1614 4291 τὸ
1654 4237 1917 4308 ὕπαιθρον

340 4330 398 4385 έν
427 4350 531 4386 τινι
555 4332 663 4385 τῶν
692 4333 833 4386 κατά
863 4332 961 4403 τὴν
983 4332 1167 4405 χώραν
1184 4333 1365 4386 τόπων
1380 4329 1747 4401 γεγενημένου
1766 4328 1913 4391 ποτὲ,

340 4424 435 4477 καὶ
484 4423 704 4477 πάντων
750 4423 1137 4496 θαυμαστικῶς
1165 4423 1523 4494 διακειμένων
1563 4420 1699 4490 πρὸς
1738 4420 1807 4474 τά
1835 4421 1915 4473 δι-

2096 4234 2228 4289 Post
2258 4234 2371 4289 haec
2421 4252 2546 4289 cum
2581 4236 2805 4306 quidam
2848 4247 3152 4293 conventus
3194 4238 3297 4296 sub
3334 4240 3426 4295 dio
3466 4257 3603 4311 quo-

2025 4326 2151 4380 dam
2184 4326 2238 4380 in
2274 4326 2397 4381 loco
2423 4326 2665 4397 regionis
2699 4326 2993 4397 aliquando
3024 4326 3244 4393 fuisset,
3278 4339 3443 4400 atque
3482 4347 3602 4385 om-

2025 4434 2125 4473 nes
2157 4416 2518 4472 admiratione
2548 4416 2813 4473 doctriuae
2847 4426 3193 4481 tenerentur,
3220 4420 3601 4477 adolescentu-

338 4514 613 4586 δάγματα,
652 4516 937 4586 μειράκιόν
966 4534 1019 4570 τι
1052 4517 1190 4587 πρὸς
1236 4516 1363 4579 τοὺς
1393 4512 1731 4577 συνεστῶτας
1766 4512 1915 4577 ἐϐόα,

2028 4510 2114 4565 Ius
2147 4508 2373 4580 quidam
2404 4509 2470 4564 ad
2499 4517 2863 4580 congregatos
2901 4510 3195 4575 clamabat,
3219 4526 3328 4566 non
3358 4528 3387 4565 a
3420 4514 3603 4582 seipso

344 4606 420 4676 μὴ
451 4604 581 4676 παρ’
597 4606 763 4660 αὑτοῦ
789 4606 962 4661 ταῦτα
988 4607 1081 4662 τὸν
1100 4606 1417 4661 διδάσκαλον
1448 4605 1649 4673 λέγειν,
1669 4604 1784 4659 ἀλλ’
1806 4604 1923 4657 ἓτε-

345 4711 437 4766 ρον
473 4694 620 4765 αύτῷ
656 4696 981 4767 παρεστῶτα
1021 4698 1270 4765 διεξιέναι
1302 4699 1427 4761 τοὺς
1481 4696 1692 4765 λόγους.
1747 4697 1922 4767 Προσ-

341 4787 599 4859 αχθέντος
623 4786 679 4841 δὲ
700 4787 792 4841 τοῦ
816 4789 1005 4852 παιδὸς
1028 4790 1170 4859 μετὰ
1189 4789 1250 4843 τὸ
1276 4788 1585 4859 διαλυθῆναι
1612 4788 1704 4842 τὸν
1731 4787 1920 4841 σύλλο-

342 4894 459 4946 γον,
493 4879 667 4932 εἰπεῖν
703 4877 923 4949 λέγεται
962 4881 1098 4950 πρὸς
1133 4882 1260 4945 τοὺς
1303 4882 1577 4952 παρόντας
1603 4881 1695 4935 τὸν
1724 4881 1917 4951 μέγαν,

344 4974 420 5047 μὴ
468 4973 795 5045 καθαρεύειν
821 4977 885 5029 ὲκ
917 4974 1170 5044 δαίμονος
1207 4976 1268 5028 τὸ
1317 4977 1631 5045 μειράκιονο
1681 4975 1775 5029 καὶ
1804 4976 1922 5046 ἅμα

343 5064 725 5135 περιελόμενον
772 5064 965 5119 ἑαυτοῦ
998 5065 1059 5118 τὸ
1105 5067 1197 5119 ἐπὶ
1243 5067 1334 5119 τὸν
1363 5060 1512 5137 ὦμον
1555 5067 1782 5124 όθόνιον.
1827 5068 1921 5120 καὶ

342 5155 659 5225 παραθέντα
703 5154 782 5226 τῷ
819 5156 1058 5226 ἄσθματι
1092 5156 1364 5211 τοῦκίδίου
1416 5159 1703 5228 στόματος,
1751 5158 1921 5222 οὕτως

339 5247 627 5318 έπιρρίψαι
655 5248 733 5319 τῷ
760 5249 885 5319 νέῳ.
911 5248 1209 5319 Γενομένου
1236 5248 1293 5302 δὲ
1315 5249 1526 5315 τούτου,
1552 5251 1921 5321 ταράσσεσθαι

341 5337 545 5407 ἧρξατο
584 5340 678 5393 καὶ
731 5342 968 5411 άναϐοᾷν
996 5342 1057 5394 τὸ
1090 5342 1396 5412 μειράκιον,
1432 5343 1526 5395 καὶ
1558 5344 1921 5397 καταπίπτειν

345 5429 439 5481 καὶ
465 5430 922 5501 διαῤῥιπτείσθαι,
956 5435 1051 5488 καὶ
1090 5434 1268 5488 πάντα
1294 5435 1523 5505 πάσχειν
1548 5434 1616 5487 τὰ
1646 5436 1709 5487 ἐκ
1738 5435 1924 5505 δαιμό-

346 5536 453 5571 νων
484 5520 653 5591 πάθη.
690 5518 825 5577 Εἶτα
876 5525 1225 5589 ἐπιϐαλόντος
1267 5525 1361 5579 τοῦ
1408 5527 1564 5594 άγίου
1600 5524 1699 5596 τὴν
1742 5530 1920 5597 χεῖρα,

346 5613 440 5663 καὶ
466 5610 566 5681 τὴν
590 5612 834 5684 ταραχὴν
862 5618 1317 5681 κατευνάσαντος,
1348 5618 1657 5687 άποπτῆναι
1695 5619 1792 5687 μὲν
1826 5618 1925 5671 αύ-

346 5700 440 5754 τοῦ
472 5702 532 5754 τὸ
579 5702 871 5773 δαιμόνιον,
904 5706 995 5758 τὸν
1018 5707 1073 5759 δὲ
1110 5708 1269 5761 πάλιν
1304 5710 1361 5759 ἐν
1399 5709 1728 5762 καταστάσει
1771 5709 1924 5775 γενό-

348 5792 527 5863 μενον,
557 5794 752 5866 μηκέτι
780 5794 957 5863 λέγειν
980 5797 1112 5866 ὁρᾷν
1131 5798 1222 5851 ἐπὶ
1242 5799 1335 5852 τοῦ
1353 5799 1510 5867 ἁγίου
1533 5800 1623 5853 τὸν
1643 5816 1703 5851 συ
1712 5798 1921 5869 μφθεγ-

2026 4602 2352 4671 magistrum
2396 4614 2461 4656 ea
2488 4600 2693 4664 dicere,
2735 4602 2831 4657 sed
2886 4602 3119 4657 alterum
3156 4603 3207 4657 ei
3253 4603 3602 4659 assistentem

2025 4693 2191 4749 verba
2222 4691 2489 4763 proferre.
2522 4693 2658 4747 Cum
2686 4703 2869 4748 autem
2899 4694 3128 4750 dimisso
3156 4705 3428 4751 conventu
3467 4712 3604 4766 puer

2026 4785 2095 4839 ad
2127 4800 2252 4841 eum
2291 4784 2564 4839 adductus
2589 4793 2756 4852 esset,
2785 4786 2995 4842 dixisse
3028 4802 3260 4857 magnus
3288 4788 3393 4843 iste
3426 4788 3603 4841 fertur

2023 4877 2089 4931 ad
2130 4891 2249 4939 eos,
2293 4877 2386 4946 qui
2442 4879 2697 4942 aderant,
2749 4878 3225 4933 adolescentulum
3273 4894 3303 4931 a
3356 4879 3603 4933 dzemonc

2025 4968 2298 5038 integrum
2344 4982 2455 5020 non
2500 4982 2626 5022 esse
2656 4986 2669 5021 :
2697 4981 2762 5022 ac
2800 4968 2967 5021 simul
3002 4967 3307 5021 detractum
3356 4968 3462 5022 sibi
3492 4968 3601 5021 Iin-

2023 5058 2255 5122 teolum,
2316 5057 2462 5126 quod
2515 5058 2569 5111 in
2619 5057 2866 5112 humeris
2913 5057 3194 5126 gestabat,
3247 5066 3301 5110 et
3351 5058 3466 5113 oris
3515 5062 3600 5113 sui

2025 5150 2223 5205 anima:
2264 5150 2572 5213 admotum,
2614 5149 2687 5203 ita
2725 5149 2987 5219 iniecisse
3024 5148 3235 5220 juveni.
3269 5148 3389 5216 Quo
3431 5149 3597 5210 facto.

2022 5245 2238 5301 turbari
2292 5244 2461 5314 erepit
2522 5228 2577 5298 et
2642 5243 2956 5298 exclamare
3010 5243 3491 5307 adolescentulus,
3548 5253 3598 5297 et

2024 5337 2179 5391 humi
2225 5334 2503 5406 prosterni
2556 5342 2610 5388 et
2660 5334 2766 5387 huc
2811 5334 2944 5387 illuc
2972 5332 3193 5402 jactari,
3239 5342 3292 5387 et
3341 5332 3598 5386 omnibus

2025 5428 2163 5482 allici
2226 5426 2610 5490 incommodis,
2667 5442 2789 5496 qua:
2842 5440 2871 5478 a
2920 5424 3262 5480 daemonibus
3316 5426 3601 5493 provenire

2026 5521 2224 5576 solent.
2259 5519 2465 5575 Deinde
2499 5533 2623 5573 cum
2654 5527 2882 5574 sanctus
2918 5519 3006 5573 ille
3044 5534 3266 5572 manum
3302 5517 3596 5585 injecissu,

2023 5622 2079 5669 et
2109 5613 2481 5668 turbationem
2518 5610 2788 5673 sedasset,
2823 5611 3152 5667 daemonium
3187 5610 3406 5679 quidem
3441 5608 3513 5661 ab
3535 5620 3604 5660 eo

2025 5707 2297 5771 avulassc,
2342 5706 2458 5775 ipse
2487 5720 2620 5760 vero
2656 5719 2850 5760 rursus
2890 5703 2957 5757 ad
3008 5704 3248 5773 priorem
3286 5710 3491 5756 statum
3527 5706 3605 5753 ala

2024 5815 2133 5870 que
2169 5799 2621 5870 tranquillitatem
2658 5798 2936 5862 redactus,
2985 5812 3091 5850 non
3124 5795 3356 5866 amplius
3395 5794 3602 5849 dixisse
