4092 6368
431 414 538 474 945

437 537 631 595 fertur,
671 524 818 598 quod
850 520 1058 574 videret
1104 515 1296 568 sancto
1341 503 1694 560 assistentem
1738 495 1833 566 qui
1894 505 2004 546 una
2033 500 2080 555 Α

436 585 775 695 loqueretur.
820 610 1036 670 Etenim
1071 605 1236 659 etiam
1265 601 1370 653 hoc
1413 592 1670 649 nimirum
1704 585 1772 640 ad
1811 596 2008 652 magna

440 678 677 788 pertinet
719 709 841 777 ejus
885 697 1170 758 mit-acula,
1206 691 1353 762 quod
1400 686 1553 740 nulla
1595 678 1913 780 curiositate
1957 681 2014 726 et

440 769 712 876 exquisita
749 769 1002 868 vquadam
1071 789 1282 844 ratione
1342 776 1606 836 miracula
1665 769 2010 876 sanatilonttm

443 857 698 954 ellijceret,
733 857 829 945 sed
873 892 928 942 et
967 881 1035 936 ad
1063 879 1339 934 daemones
1377 866 1648 937 fugandos
1683 869 1738 917 et
1784 857 1852 913 ad
1885 871 2011 910 cor-

443 989 594 1060 poris
655 981 874 1038 morbos
946 968 1314 1046 prolligandos
1387 961 1661 1020 sulliceret
1721 953 1836 1009 oris
1893 949 2014 1019 ejus

376 1117 379 1119 -
441 1041 740 1137 anhelitus,
788 1069 884 1139 qui
919 1041 1016 1136 per
1068 1063 1298 1115 linteum
1360 1050 1628 1110 laboranti
1678 1046 1879 1114 cuique
1926 1041 2018 1096 ad-

445 1131 1111 1218 Iuovebatttr.'Ca:—terum
1154 1142 1340 1199 omnia
1369 1138 1589 1210 quidem
1645 1133 1792 1188 edita
1847 1131 1914 1185 ab
1951 1142 2016 1181 eo

447 1247 708 1303 miracula
753 1242 1012 1308 deinceps
1054 1232 1246 1288 ordine
1277 1225 1553 1300 persequi,
1589 1220 1818 1291 prolixa:
1873 1215 2016 1270 scri-

450 1349 624 1411 ptura:
672 1351 759 1390 res
801 1307 968 1386 fuerit
1029 1334 1084 1380 et
1126 1321 1399 1379 sermonis
1441 1317 1534 1385 qui
1576 1324 1816 1383 pratsens
1845 1307 2017 1362 otium

450 1402 737 1497 superaret
763 1439 778 1475 :
809 1418 974 1474 unius
1006 1422 1186 1468 autem
1211 1419 1470 1479 praeterea
1501 1402 1796 1456 alteriusve
1830 1407 2018 1450 eorum

451 1489 574 1590 quae
611 1515 680 1569 de
717 1525 782 1573 eo
815 1509 1069 1570 feruntur
1115 1496 1505 1554 miraculorum
1539 1489 1815 1546 mentione
1857 1491 2022 1552 atque

452 1570 974 1659 commemoratione
1008 1589 1175 1651 facta,
1221 1585 1307 1638 his
1336 1592 1643 1638 sermonem
1679 1570 2026 1630 circumscri-

454 1696 600 1750 bam.
639 1689 770 1742 Nam
811 1683 1073 1750 cumjam
1119 1679 1174 1732 in
1218 1689 1409 1729 omnes
1435 1678 1617 1740 partes
1661 1664 1830 1720 divini
1873 1660 2023 1715 verhi

455 1779 776 1854 praedicatio
815 1773 1097 1842 divulgata
1143 1772 1311 1822 esset,
1342 1771 1396 1816 et.
1437 1773 1629 1813 omnes
1666 1764 1774 1808 tam
1805 1751 1896 1822 qui
1935 1765 2027 1804 ur—

1643 379 1700 432 S.
1742 369 2073 432 GREGORH
2108 365 2400 422 NYSSENI

3581 351 3690 406 9&4

2106 487 2362 557 γόμενον.
2391 482 2504 538 Καὶ
2527 480 2634 554 γὰρ
2659 479 2725 551 δὴ
2753 479 2849 532 καλ⁴
2875 475 3034 532 τοῦτο
3063 475 3173 529 τῶν
3207 469 3457 544 μεγάλων
3479 469 3689 524 ἐκείνου

2116 578 2410 648 Θαυμάτων
2436 573 2574 635 ἐστὶ,
2617 571 2679 624 τὸ
2715 570 2954 641 μηδεμιᾷ
2993 584 3099 622 τινι
3126 562 3419 636 περιεργίᾳ
3453 561 3522 614 τὰ
3549 561 3695 613 κατὰ

2115 668 2214 734 τὰς
2248 668 2420 730 ίάσεις
2465 663 2732 717 ἐπιτελεῖν
2758 660 3043 730 θαύματαο
3083 655 3197 710 ἀλλ’
3226 657 3417 728 ἀρκεῖν
3459 655 3596 726 at:ch
3630 669 3693 704 τε
3773 668 3776 670 ⁷

2117 759 2214 830 τὴν
2255 758 2362 810 τῶν
2394 755 2662 827 δαιμόνων
2696 750 3036 819 ἀπαλλαγὴν,
3082 747 3176 801 καὶ
3221 747 3358 815 πρὸς
3403 745 3504 817 τὴν
3549 743 3696 799 ἴασιν

2119 851 2227 906 τῶν
2259 845 2712 922 ἀρρωστημάτων
2740 842 2836 898 τοῦ
2868 840 3120 912 σώματος
3166 839 3225 892 τὸ
3257 843 3322 892 ἐκ
3360 837 3453 891 τοῦ
3491 837 3698 905 στόμα-

2120 961 2210 1008 τος
2241 941 2406 995 αὐτοῦ
2445 936 2631 1009 ἆσθμα
2653 936 2741 990 διὰ
2771 934 2871 1005 τῆς
2900 933 3090 1001 ὀθόνης
3117 930 3195 1000 τῷ
3231 930 3492 998 κάμνοντι
3527 943 3696 997 προσ-

2122 1034 2408 1104 αγόμενον.
2470 1029 2631 1082 Ἀλλὰ
2679 1027 2740 1080 τὸ
2789 1027 2885 1099 μὲν
2936 1025 3101 1077 πᾶσιν
3154 1020 3354 1092 ἑφεξῆς
3397 1021 3510 1082 τοῖς
3564 1017 3696 1087 παρ’

2123 1125 2333 1180 ἐκείνου
2361 1123 2633 1192 θαύμασιν
2659 1117 2955 1183 ἐπεξιέναι,
2987 1115 3205 1188 μακρᾶς
3237 1111 3326 1180 εἴη
3353 1108 3703 1180 συγγραφῆς,

2125 1217 2220 1271 καὶ
2270 1215 2436 1283 λόγου
2485 1212 2585 1284 τὴν
2661 1208 2938 1282 παροῦσαν
2990 1204 3184 1278 σχολὴν
3240 1200 3698 1273 ὑπερϐαίνοντος·

2126 1310 2245 1372 ὲνὺς
2271 1307 2329 1361 δὲ
2357 1307 2392 1376 ἢ
2422 1305 2567 1359 δυοῖν
2601 1304 2682 1357 ἔτι
2728 1301 2839 1354 τῶν
2872 1299 3000 1370 περ)⁵
3032 1295 3196 1352 αὐτοῦ
3229 1293 3536 1363 λεγομένων
3579 1293 3698 1358 ὲπιτ

2132 1397 2410 1469 μνησθεὶς,
2453 1396 2512 1449 ἐν
2550 1392 2763 1456 τούτοις
2791 1387 3114 1460 περιγράψω
3142 1385 3232 1439 τὸν
3272 1383 3449 1465 λόγον.
3496 1382 3706 1434 Πανται-

2129 1463 2356 1560 γοῦνγὰρ
2388 1487 2490 1558 ἢδη
2520 1481 2999 1552 διαπεφοιτηκότος
3026 1477 3120 1531 τοῦ
3155 1475 3297 1529 θείου
3329 1463 3706 1545 κηρύγματος,

2131 1581 2226 1634 καὶ
2253 1579 2470 1632 πάντων
2497 1575 2642 1630 κατά
2683 1591 2743 1626 τε
2780 1571 2878 1643 τὴν
2927 1570 3102 1633 πόλιν,
3137 1565 3232 1621 καὶ
3260 1566 3359 1636 τὴν
3404 1563 3708 1633 περίοικον,

2135 1669 2270 1742 πρὸς
2293 1668 2392 1738 τὴν
2419 1665 2620 1736 εὐσεϐῆ
2655 1663 2748 1717 τοῦ
2778 1663 3044 1733 δόγματος
3069 1658 3252 1711 πίστιν
3285 1654 3712 1726 μετατεθέντων,

2137 1760 2336 1832 βωμῶν
2377 1775 2437 1811 τε
2465 1757 2560 1810 καὶ
2605 1755 2767 1828 ἱερῶν
2803 1754 2896 1806 καὶ⁸
2941 1750 3174 1804 εἰδώλων
3217 1751 3274 1802 ὲν
3305 1747 3488 1810 αὐτοῖς
3517 1747 3713 1800 ἀνατε-

458 1836 580 1928 bem
618 1869 956 1927 habitarent,
989 1874 1151 1930 quam
1184 1856 1276 1926 qui
1315 1867 1506 1922 agrum
1541 1849 1778 1903 vicinum
1817 1841 2024 1898 incole-

2153 1850 2484 1923 τραμμένων,
2539 1843 2906 1917 καθαρθείσης
2953 1842 3011 1896 δὲ
3057 1841 3156 1912 ἥδη
3202 1839 3302 1909 τῆς
3361 1836 3716 1909 ἀνθρωπίνης

459 1972 605 2025 rent,
656 1960 722 2014 ad
783 1958 930 2028 piam
991 1950 1253 2006 doctrinae
1308 1944 1468 1998 (idem
1525 1937 1763 1994 tradumi
1822 1938 2031 1994 essent,

463 2056 728 2110 altaribus
784 2027 955 2118 atque
1000 2043 1282 2103 delubris,
1333 2049 1562 2108 quaeque
1619 2029 1752 2084 inihi
1819 2027 2036 2081 inerant

462 2143 776 2204 simulacris
805 2115 1035 2198 eversis,
1083 2141 1249 2201 atque
1288 2131 1526 2184 humana
1561 2122 1673 2177 vita
1699 2119 1813 2189 jam
1857 2116 1924 2170 ab
1960 2115 2038 2168 in-

464 2233 837 2312 quinamentis
866 2227 1289 2286 simulacrorum
1333 2223 1655 2287 expurgata,
1687 2212 1901 2280 impuro
1937 2208 2036 2259 ho-

468 2299 698 2385 stiarum
746 2322 943 2380 nidore
984 2316 1257 2371 exstincto
1292 2330 1305 2364 :
1336 2306 1594 2362 altarium
1642 2299 1907 2382 spurcitia
1959 2302 2042 2348 at-

470 2433 576 2489 que
604 2431 670 2470 ex
701 2409 1030 2467 mactatione
1060 2412 1115 2458 et
1153 2398 1524 2456 immolatione
1555 2379 1870 2446 animalium
1910 2401 2042 2439 con-

472 2474 662 2562 t'ractis
710 2494 1144 2570 inquinamentis
1197 2487 1484 2552 abstersis,
1522 2481 1778 2537 omnibus
1814 2478 1941 2531 item
1987 2474 2040 2527 in

473 2597 622 2651 omni
660 2565 1010 2658 loco-templa
1048 2583 1113 2636 ad
1141 2577 1411 2636 orandum
1446 2577 1549 2632 sub
1586 2571 1807 2626 nomine
1839 2565 2041 2621 Christi

475 2687 721 2744 studiose
771 2656 1184 2736 exstruentibus
1215 2690 1229 2725 :
1267 2670 1421 2724 furor
1451 2665 1672 2736 quidam
1713 2670 1877 2732 atque
1913 2656 2047 2712 invi-

477 2780 565 2833 dia
603 2773 806 2832 invasit.
835 2785 984 2836 eum,
1012 2766 1106 2837 qui
1143 2773 1278 2818 tunc
1310 2767 1543 2831 praeerat
1589 2752 1822 2822 imperio
1848 2748 2048 2802 Roma-

478 2883 699 2926 norum,
747 2880 812 2919 eo
843 2859 988 2934 quod
1014 2856 1174 2930 patrii
1210 2852 1429 2926 quidem
1466 2847 1591 2902 l'alsi
1619 2846 1800 2899 cultus
1833 2849 1887 2895 et
1921 2839 2048 2894 reli—

480 2961 669 3033 giones
714 2955 1144 3025 negligercntur,
1179 2947 1454 3001 cresceret
1500 2947 1681 2992 autem
1729 2931 2049 3004 mysterium

481 3027 942 3108 thristianorum,
974 3049 1027 3095 et
1067 3039 1124 3092 in
1163 3031 1512 3091 multitudine
1552 3027 1754 3096 ubique
1780 3033 2052 3079 terrarum

484 3145 886 3211 propagaretur
914 3129 1162 3186 Ecclesia
1193 3141 1288 3197 per
1309 3139 1426 3186 eos,
1455 3121 1549 3191 qui
1579 3131 1792 3186 semper
1813 3110 2053 3168 sermoni

486 3209 942 3299 adiungerentur,
997 3221 1052 3274 in
1107 3213 1538 3287 magnitudinem
1593 3219 1920 3264 excrescens
1952 3221 1964 3254 :
2000 3209 2056 3256 et

487 3296 795 3374 arbitratus
833 3314 948 3369 ﬁeri
1000 3325 1185 3382 posse,
1235 3314 1296 3361 ut
1336 3319 1435 3362 sua
1469 3300 1678 3357 saevitia
1718 3296 1919 3352 divina:
1960 3305 2056 3362 po-

493 3413 676 3466 tentiae
731 3407 1038 3466 resisteret,
1079 3408 1133 3455 et
1179 3396 1426 3470 mysterii
1450 3391 1670 3464 quidem
1718 3385 2058 3461 praedicatio-

491 3517 616 3556 nem
651 3498 944 3560 inhiberet,
992 3502 1046 3548 et
1089 3489 1419 3545 constitutas
1454 3481 1727 3539 Ecclesias
1769 3483 2057 3544 everteret,

493 3591 810 3645 traduci-ret
836 3592 1015 3639 autem
1052 3595 1249 3637 rursus
1277 3593 1395 3641 eos,
1425 3574 1518 3645 qui
1550 3569 1790 3628 sermoni
1818 3565 2060 3636 adjuncti

495 3689 704 3742 essent,
739 3677 804 3730 ad
832 3675 1126 3730 simulacra
1163 3689 1177 3725 :
1210 3671 1298 3724 his
1329 3667 1396 3722 de
1432 3664 1619 3720 causis
1664 3661 1828 3718 mittit
1875 3658 1940 3712 ad
1975 3671 2063 3711 re-

497 3777 680 3823 ctores
723 3764 969 3835 gentium
1007 3760 1206 3824 edicta,
1229 3770 1352 3825 qua:
1397 3751 1732 3809 terribilium
1780 3759 2063 3820 pmnarum

500 3859 554 3912 in
587 3870 682 3910 eos
711 3851 1129 3908 statuendarum
1163 3849 1341 3902 minas
1373 3843 1747 3906 continebant,
1778 3839 1887 3894 nisi
1916 3836 2065 3892 omni

502 3964 697 4022 genere
741 3953 1140 4000 tormentorum
1194 3947 1356 4010 atque
1382 3934 1773 4004 suppliciorum
1807 3929 2068 3985 mulctas—

504 4019 626 4095 sent
670 4051 788 4101 eos,
823 4037 912 4106 qui
947 4030 1152 4087 Christi
1182 4042 1380 4083 nomen
1422 4025 1744 4094 invocarent
1774 4029 1828 4076 et
1870 4019 2068 4074 adora-

505 4134 652 4193 rent,
701 4133 959 4194 metuque
1008 4136 1074 4176 ac
1110 4124 1508 4174 tormentorum
1541 4114 1593 4167 vi
1638 4127 1831 4168 rursus
1878 4124 1975 4165 eos
2003 4109 2070 4163 ad

507 4219 744 4288 patrium
773 4216 1080 4270 daemonum
1111 4211 1318 4264 cultum
1355 4205 1735 4260 adduxissent.
1786 4200 1856 4255 Ut
1890 4209 2070 4256 autem

511 4309 614 4363 hoc
654 4306 895 4362 terribile
917 4311 1081 4372 atque
1114 4301 1339 4370 impium
1373 4296 1616 4353 edictum
1662 4292 2074 4364 magistratibus

508 4397 814 4455 exhibitum
851 4405 984 4451 est;
1033 4392 1236 4462 quippe
1285 4391 1339 4443 in
1392 4402 1582 4446 omnes
1622 4385 1838 4455 imperii
1890 4391 2076 4453 partes

2136 1943 2280 2012 ζωῆς
2302 1939 2410 1994 τῶν
2455 1938 2582 2009 περὶ
2613 1936 2680 1988 τὰ
2717 1933 2910 1988 εἴδωλα
2947 1930 3292 2002 μιασμάτων,
3326 1925 3547 1996 καὶτῆς
3582 1941 3716 1994 μιαο

2141 2035 2239 2103 ρᾶς
2271 2031 2379 2083 τῶν
2408 2028 2607 2084 θυσιῶν
2635 2025 2862 2093 κνίσσης
2882 2019 3333 2090 ἀποσϐεσθείσης,
3359 2017 3452 2071 καὶ
3476 2013 3572 2071 τοῦ
3593 2017 3724 2067 ἐπι-

2139 2121 2347 2198 ϐωμίου
2377 2120 2573 2190 λύθρου
2607 2118 2700 2171 καὶ
2737 2115 2843 2170 τῶν
2875 2114 2940 2166 ἐκ
2965 2113 3067 2182 τῆς
3103 2109 3406 2176 ζωοθυσίας
3440 2106 3726 2178 μολυσμά-

2138 2229 2246 2264 των
2294 2207 2774 2263 ἁποκλυσθέντων·
2801 2205 3016 2258 πάντων
3054 2201 3112 2254 δὲ
3159 2200 3301 2254 κατὰ
3339 2199 3504 2252 τόπον
3538 2198 3720 2252 πάντα

2141 2301 2462 2374 εὐκτηρίους
2493 2300 2585 2353 ἐπὶ
2613 2297 2691 2370 τῷ
2729 2297 2952 2366 ὀνόματι
2974 2294 3066 2349 τοῦ
3103 2291 3344 2363 Χριστοῦ
3373 2290 3517 2346 κατὰ
3547 2306 3720 2342 σπου-

2141 2397 2238 2467 δὴν
2265 2395 2424 2456 ναοὺς
2465 2391 2876 2462 ἁνεγειρόντων,
2913 2386 3082 2457 θυμὸς
3126 2386 3221 2440 καὶ
3253 2383 3445 2453 φθόνος
3481 2380 3724 2451 εἰσέρχε-

2142 2504 2233 2538 ται
2254 2483 2332 2555 τῷ
2361 2481 2663 2554 τηνικαῦτα
2692 2479 2790 2550 τῆς
2830 2479 3004 2551 ἀρχῆς
3032 2475 3140 2531 τῶν
3184 2473 3470 2544 Ῥωμαίων
3495 2473 3726 2525 ἐπιστα-

2144 2573 2344 2636 τοῦντι,
2394 2574 2477 2640 ἐφ’
2507 2565 2588 2634 οἷς
2633 2569 2888 2640 ἠμελεῖτο
2938 2567 3036 2640 μὲν
3069 2564 3233 2619 αὐτοῦ
3274 2564 3346 2618 τὰ
3380 2565 3585 2634 πάτρια
3622 2560 3731 2631 τῆς

2148 2666 2363 2736 ἀπάτης
2409 2662 2749 2732 σεϐάσματα,
2779 2659 2994 2730 ηὐξεῖτο
3045 2659 3102 2711 δὲ
3131 2659 3239 2712 τῶν
3284 2654 3623 2728 Χριστιανῶν
3661 2652 3733 2706 τὸ

2152 2733 2470 2827 μυστήριον,
2523 2753 2617 2807 καὶ
2668 2754 2748 2816 είς
2790 2750 2993 2821 πλῆθος
3029 2749 3279 2803 ἐπεδίδου
3326 2733 3604 2816 πανταχοῦ
3626 2745 3736 2814 τῆς

2149 2846 2474 2917 οἰκουμένης
2499 2847 2533 2916 ἡ
2566 2843 2882 2914 Ἐκκλησία,
2906 2840 2995 2894 διὰ
3020 2840 3128 2894 τῶν
3161 2839 3248 2895 ἀεὶ
3287 2835 3730 2909 προστιθεμένων

2150 2942 2229 3013 τῷ
2258 2941 2420 3010 λόγῳ,
2455 2938 2592 3010 πρὸς
2621 2936 2848 3008 μέγεθος
2888 2933 3125 2999 αὔξουσα
3144 2948 3159 2963 °
3197 2931 3292 2988 καὶ
3316 2929 3545 3000 νομίσας
3570 2927 3737 2981 δυνα-

2152 3035 2243 3090 τὸν
2286 3030 2427 3088 εἶναι
2455 3035 2520 3102 τῇ
2552 3029 2672 3100 θείᾳ
2713 3028 2940 3098 δυνάμει
2980 3025 3078 3097 τὴν
3109 3024 3244 3082 ἰδίαν
3271 3021 3590 3091 ἀντιστῆσαι
3632 3037 3734 3072 πι-

2157 3124 2337 3196 κρίαν,
2367 3123 2460 3175 καὶ
2494 3122 2741 3190 ἐπισχεῖν
2769 3118 2866 3189 μὲν
2899 3115 2993 3169 τοῦ
3028 3114 3327 3186 μυστηρίου
3360 3111 3422 3166 τό
3447 3113 3734 3183 κήρυγμα.

2159 3213 2460 3268 καταλῦσαι
2492 3211 2549 3265 δὲ
2578 3210 2686 3264 τῶν
2729 3206 3066 3278 Ἐκκλησιῶν
3093 3205 3161 3266 τὰ
3202 3206 3542 3276 συστήματα,
3569 3220 3742 3275 μετα-ο

2162 3306 2358 3376 στῆσαι
2376 3304 2433 3357 δὲ
2460 3303 2620 3358 πάλιν
2648 3302 2740 3359 ἐπὶ
2762 3299 2832 3353 τὰ
2869 3298 3061 3357 εἴδωλα
3089 3299 3213 3362 τοὺς
3239 3295 3748 3368 προκεχωρηκότας

2159 3394 2238 3466 τῷ
2265 3395 2408 3464 λόγῳ
2426 3409 2438 3423 ·
2468 3393 2673 3463 πέμπει
2697 3390 2873 3444 τοίνυν
2899 3389 3035 3461 πρὸς
3073 3388 3199 3453 τοὺς
3225 3389 3334 3442 τῶν
3363 3387 3531 3448 ἐθνῶν
3561 3385 3740 3457 καθη-

2163 3485 2460 3556 γουμένους
2512 3483 2864 3554 πρόσταγμα,
2926 3480 3163 3552 φοϐερὰν
3220 3480 3342 3534 κατ’
3395 3479 3577 3533 αὐτῶν
3636 3477 3749 3548 τὴν

2165 3574 2394 3646 ἀπειλὴν
2427 3574 2526 3644 τῆς
2576 3573 2846 3644 τιμωρίας
2878 3571 3099 3644 ὁρίζων,
3133 3572 3183 3625 εί
3235 3570 3311 3641 μὴ
3341 3568 3615 3632 παντοίοις
3653 3569 3746 3620 αἰ-

2167 3666 2384 3735 κισμοῖς
2416 3663 2475 3716 τὸ
2501 3663 2671 3733 ὄνομα
2702 3661 2792 3714 τοῦ
2821 3661 3058 3734 Χριστοῦ
3091 3659 3532 3732 προσκυνοῦντας
3554 3656 3752 3710 διαλω-

2168 3758 2437 3828 ϐήσοιντο,
2473 3754 2566 3807 καὶ
2600 3753 2999 3824 προσαγάγοιεν
3044 3751 3203 3804 πάλιν
3257 3749 3454 3813 αὐτοὺς
3498 3747 3647 3817 φόϐῳ
3680 3763 3749 3798 τε

2168 3849 2264 3903 καὶ
2301 3850 2369 3920 τῇ
2406 3846 2516 3901 τῶν
2549 3844 2821 3916 αἰκισμῶν
2860 3844 3075 3916 ἀνάγκη
3115 3845 3180 3912 τῇ
3219 3840 3448 3912 πατρῴᾳ
3477 3839 3587 3892 τῶν
3630 3838 3750 3891 δαι-

2173 3943 2349 4013 μόνων
2385 3938 2632 4010 λατρείᾳ.
2685 3939 2770 4000 Ὠς
2796 3936 2852 3989 δὲ
2882 3933 3252 4005 περιηγγὲλθη
3280 3935 3393 3994 τοῖς
3434 3931 3658 4002 ἄρχουσι
3685 3927 3750 3981 τὸ

2172 4031 2401 4102 φοϐερὸν
2439 4028 2597 4084 τοῦτο
2641 4029 2734 4081 καὶ
2784 4026 2942 4080 ἄθεον
2990 4027 3270 4095 κήρυγμα,
3321 4019 3597 4092 πανταχοῦ
3645 4019 3750 4089 τῆς

2173 4124 2349 4196 ἀρχῆς
2385 4119 2880 4190 διαπεφοιτηκότων
2898 4116 3005 4172 τῶν
3029 4118 3108 4180 είς
3137 4115 3266 4170 αὐτὸ
3289 4113 3443 4168 τοῦτο
3477 4111 3624 4183 παρὰ
3647 4111 3750 4180 τῆς

2175 4212 2502 4285 τυραννικῆς
2532 4209 2880 4280 τεταγμένων
2921 4208 3232 4279 ὠμότητος·
3266 4205 3359 4258 καί
3396 4221 3481 4266 τις
3513 4203 3752 4272 ἐπεκρά-

2175 4321 2257 4357 τει
2293 4302 2387 4356 τοῦ
2432 4301 2571 4355 κατὰ
2605 4301 2695 4354 τὸν
2727 4299 2889 4352 τόπον
2939 4299 3123 4362 ἔθνους
3155 4295 3420 4361 τοιοῦτος,
3467 4295 3544 4360 ὡς
3585 4293 3754 4364 μηδὲν

2177 4392 2278 4462 τῆς
2305 4389 2707 4461 ὑπερκειμένης
2739 4388 2986 4456 ἐξουσίας
3013 4387 3148 4459 πρὸς
3175 4387 3273 4457 τὴν
3301 4383 3544 4456 πονηρὰν
3574 4382 3757 4454 ὁρμὴν

510 4500 672 4560 atque
701 4487 1014 4558 provincias
1048 4489 1432 4553 pervenerant,
1461 4479 1556 4550 qui
1591 4478 1658 4532 ad
1705 4478 1808 4531 hoc
1839 4477 2014 4546 ipsum
2047 4494 2050 4525 :

2153 4518 2154 4525 η
2181 4481 2454 4553 δεηθῆναι,
2489 4480 2698 4533 οἴκοθεν
2745 4478 2882 4549 ἔχων
2921 4479 2984 4532 ὲκ
3016 4475 3231 4547 φύσεως
3271 4475 3374 4546 τὴν
3404 4472 3662 4544 ὠμότητά
3693 4487 3755 4523 τε

516 4580 803 4651 tyrannica
849 4574 1174 4632 crudelitate
1216 4571 1476 4628 destinati
1511 4579 1566 4623 et
1611 4567 1848 4623 ordinati
1878 4573 2071 4621 erant:

515 4685 578 4724 ac
613 4669 739 4744 talis
773 4667 992 4737 quidem
1041 4663 1186 4733 genti
1222 4662 1370 4716 illius
1422 4660 1526 4713 loci
1573 4663 1822 4728 praeerat,
1863 4656 1956 4723 qui
2011 4654 2078 4708 ad

516 4771 742 4829 pravum
789 4753 1029 4810 studium
1083 4760 1247 4819 atque
1299 4758 1557 4803 conatum
1599 4746 1732 4801 nihil
1778 4744 2082 4814 superioris

515 4847 803 4920 potestatis
867 4843 1158 4914 indigeret,
1215 4855 1339 4896 cum
1403 4847 1597 4908 suopte
1645 4839 1865 4907 ingenio
1919 4847 2082 4906 atque

512 4948 710 4994 natura
753 4949 951 4998 saavus,
984 4940 1040 4988 et
1093 4933 1161 4986 iis
1190 4933 1281 5002 qui
1325 4931 1567 4985 sermoni
1600 4929 1969 4984 credidissent
2007 4928 2085 4982 itt-

516 5029 706 5084 l‘cnsus
737 5032 883 5082 esset
915 5041 930 5078 :
961 5023 1175 5095 publice
1215 5021 1511 5092 propositis
1544 5020 1743 5075 edictis
1789 5021 1858 5074 ab
1888 5035 1956 5074 eo
1997 5019 2086 5073 dc-

516 5117 820 5178 nuntiatur,
861 5112 1008 5184 quod
1042 5113 1127 5166 vel
1171 5111 1333 5165 ﬁdem
1379 5109 1653 5178 abjttrare,
1704 5109 1789 5163 vel
1817 5107 1963 5162 omni
1990 5124 2084 5177 ge-

517 5222 650 5261 nere
722 5205 1119 5273 suppliciorum
1193 5216 1258 5256 ac
1316 5208 1496 5255 morte
1549 5199 1731 5269 puniri
1787 5207 2085 5268 oporteret.

518 5291 787 5361 Nullaque
823 5307 911 5346 res
951 5291 1055 5344 alia
1103 5290 1188 5344 vel
1223 5289 1444 5359 publica
1487 5290 1572 5343 vel
1610 5291 1818 5358 privata
1860 5299 1991 5343 tunc
2020 5291 2088 5345 ab

2181 4572 2277 4625 καὶ
2303 4571 2628 4642 πικρότητα,
2655 4571 2749 4623 καὶ
2773 4569 2877 4641 τὴν
2912 4569 3047 4636 πρὸς
3071 4569 3196 4631 τοὺς
3226 4564 3656 4626 πεπιστευκότας
3675 4561 3758 4631 τῷ

2182 4663 2326 4734 λόγῳ
2362 4663 2714 4732 δυσμένειανο
2762 4663 2855 4714 καὶ
2888 4661 3097 4727 γίνεται
3129 4658 3258 4729 παρ’
3302 4655 3466 4710 αὐτοῦ
3524 4653 3766 4725 φοϐερὸν

2183 4752 2241 4804 ὲν
2268 4751 2544 4822 δημοσίοις
2573 4751 2929 4822 διατάγμασι,
2953 4751 3014 4804 τὸ
3047 4750 3156 4802 δεῖν
3190 4748 3513 4820 ἐξόμνυσθαι
3543 4747 3639 4817 τὴν
3667 4746 3764 4798 πί-

2188 4859 2326 4908 στιν,
2362 4841 2394 4913 ἢ
2433 4842 2724 4914 τιμωρίαις
2764 4842 3130 4905 παντοδαπαῖς
3171 4840 3264 4894 καὶ
3313 4839 3561 4902 θανάτοις
3592 4837 3760 4891 κολά-

2187 4931 2394 4996 ξεσθαι.
2436 4931 2546 4983 Καὶ
2573 4930 2726 4983 οὐδὲν
2763 4926 2831 5002 ῆν
2865 4926 3051 5002 ἕτερον
3080 4929 3382 5000 τηνικαῦτα
3411 4928 3664 5003 δημόσιόν
3700 4945 3766 4981 τε

2187 5021 2281 5073 καὶ
2310 5019 2437 5073 ἴδιον
2465 5019 2617 5090 παρὰ
2647 5018 2755 5072 τῶν
2785 5020 2852 5072 τὰ
2881 5019 3033 5073 κοινὰ
3061 5019 3149 5073 διὰ
3186 5020 3368 5090 χειρὸς
3415 5020 3644 5092 ἐχόντων
3674 5035 3768 5086 γι-

2189 5111 2413 5182 νόμενόν
2445 5128 2506 5164 τε
2541 5112 2636 5165 καὶ
2672 5109 3122 5181 σπουδαζόμενον,
3161 5113 3300 5183 πλὴν
3331 5111 3426 5166 τοῦ
3459 5111 3771 5182 πολιορκεῖν

2189 5221 2248 5258 τε
2302 5206 2396 5257 καὶ
2458 5203 2814 5276 τιμωρεῖσθαι
2875 5206 3002 5267 τοὺς
3060 5204 3459 5278 ἀντεχομένους
3513 5206 3612 5275 τῆς
3670 5203 3772 5256 πί-

2196 5314 2383 5358 στεως.

519 5383 612 5448 iis,
646 5383 738 5452 qui
774 5382 992 5452 publica
1037 5382 1252 5452 negotia
1301 5382 1634 5446 tractabant,
1687 5383 1978 5451 gerebatur
2022 5401 2084 5440 ac
2124 5389 2446 5454 curabatur,
2479 5388 2584 5443 nisi
2619 5396 2678 5441 ut
2712 5395 3096 5458 oppugnarent
3143 5397 3308 5460 atque
3355 5389 3616 5461 punit-ent
3645 5400 3775 5445 eos,

520 5471 614 5541 qui
647 5469 806 5524 ﬁdem
841 5470 1321 5540 amplecterentur.

593 5560 762 5614 Erant
822 5571 1001 5615 autem
1059 5562 1251 5615 nonin
1286 5561 1576 5617 verborum
1628 5562 1895 5617 duntaxat
1925 5563 2089 5620 tninis

523 5658 788 5710 terrores.
826 5649 920 5705 sed
951 5665 1057 5704 una
1087 5665 1212 5704 cum
1234 5651 1319 5706 his
1340 5652 1526 5707 varius
1560 5653 2007 5708 carnilicinarum
2034 5661 2090 5707 et

527 5751 920 5800 tormentorum
944 5751 1238 5815 apparatus
1263 5757 1477 5799 omnem
1496 5741 1755 5800 alferebat
1771 5745 2090 5802 concussio-

2265 5563 2373 5621 Ἶίν
2403 5568 2459 5620 δὲ
2492 5569 2591 5622 οὐκ
2624 5570 2680 5621 ἐν
2711 5569 2831 5631 ταῖς
2857 5568 2967 5622 τῶν
2995 5567 3302 5640 λεγομένων
3335 5570 3585 5634 ἀπειλαῖς
3609 5568 3775 5641 μόνον

2193 5659 2260 5712 τὰ
2295 5659 2558 5731 φόϐητρα,
2590 5659 2725 5712 ἀλλὰ
2751 5660 2886 5729 μετὰ
2925 5660 3129 5714 τούτων
3155 5661 3190 5730 ἡ
3229 5659 3446 5731 ποικίλη
3474 5659 3582 5714 τῶν
3614 5661 3778 5715 κολα·

2198 5750 2433 5821 στηρίων
2475 5749 2788 5821 κατασκευὴ
2836 5751 3012 5807 πᾶσαν
3057 5751 3230 5822 ἐπῆγε
3279 5749 3638 5823 κατάπληξιν,
3678 5750 3776 5807 καὶ
