4092 6368
414 338 531 398 945

1344 328 1433 383 DE
1464 328 1628 384 VITA
1667 326 1726 381 S.
1752 325 2085 383 GREGORII
2120 321 2644 382 TllAUMATURGI.

3573 322 3676 379 946

424 446 530 518 πρὸ
556 444 653 514 τῆς
681 430 877 513 πείρας
906 437 1209 512 ἐμποιοῦσα
1227 435 1338 504 τοῖς
1360 434 1665 512 ἀνθρώποις
1692 441 1782 494 τὸν
1812 433 1996 510 φόϐον.

2105 454 2249 503 nem,
2278 430 2439 493 etiam
2466 444 2594 491 ante
2633 434 2938 505 periculum
2968 433 3287 489 hominibus
3327 430 3677 487 formidinem

421 537 560 606 Ξίφη
588 553 646 587 τε
679 536 774 588 καὶ
797 533 930 603 πῦρ,
968 533 1063 585 καὶ
1097 531 1279 603 θηρία,
1308 533 1403 585 καὶ
1426 532 1608 602 βόθροι
1647 532 1740 585 καὶ
1762 532 1831 584 τὰ
1854 548 2003 601 στρε-

422 620 662 674 ϐλωτικά
693 620 799 673 τῶν
838 620 1016 689 μελῶν
1048 620 1257 690 ὄργανα
1281 636 1296 649 θ
1338 622 1433 672 καὶ
1465 621 1680 692 σιδηραῖ
1725 619 1866 674 κατά
1896 636 2001 673 πυ-

425 714 514 782 ρὸς
560 712 839 783 καθέδραι,
871 714 967 766 καὶ¹
1013 710 1146 777 ξύλα
1181 712 1360 782 ὄρθια,
1396 709 1479 776 οἷς
1522 714 1866 783 ἐντεινόμενα
1892 712 2001 765 τῶν

423 804 791 874 ἐνισταμένων
831 802 900 857 τὰ
937 805 1165 874 σώματα
1204 806 1325 867 ταῖς
1363 803 1471 857 τῶν
1505 803 1752 874 φοϐερῶν
1798 804 2002 872 ὀνύχων

424 893 751 962 προσϐολαῖς
797 891 1174 956 κατεξαίνετο,
1210 893 1304 946 καὶ
1340 891 1474 945 ἄλλα
1526 891 1695 962 μυρία
1730 892 1867 962 πρὸς
1904 891 2000 954 τὰ.⁵

428 982 725 1045 πολυειδεῖς
758 982 1023 1052 βασάνους
1052 983 1159 1036 τῶν
1186 984 1454 1053 σωμάτων
1499 982 1842 1054 ἐξευρημένα
1868 983 2000 1053 παρ’

428 1073 612 1136 αὐτοῖς
638 1074 911 1127 ἐπενοεῖτο
929 1090 945 1105 ο
974 1074 1070 1127 καὶ
1098 1074 1300 1144 σπουδὴ
1320 1077 1432 1137 τοῖς
1463 1073 1573 1127 τῶν
1598 1074 1856 1140 ἐξουσιῶν
1880 1074 2003 1127 τού-

427 1180 535 1215 των
564 1164 984 1233 ἑπειλημμένοις
1013 1159 1083 1234 ῆν
1117 1165 1235 1233 μία,
1272 1164 1333 1216 τὸ
1366 1163 1567 1234 μηδένα
1597 1162 1689 1216 τοῦ
1730 1164 1915 1233 ἑτέρου
1944 1165 2002 1216 ὲν

427 1252 700 1323 ὑπερϐολῇ
743 1253 969 1322 πικρίας
1012 1254 1383 1324 ἐπιδειχθῆναι
1427 1255 1747 1326 πραότερον.
1800 1257 1910 1309 Καὶ
1948 1258 2000 1309 οἱ

427 1345 528 1414 μὲν
559 1343 935 1415 εἰσήγγελλον
962 1346 1012 1397 οί
1052 1345 1107 1398 δὲ
1154 1345 1532 1399 ἐπεδείκνυονο
1566 1347 1616 1398 οἱ
1658 1347 1715 1399 δὲ
1758 1349 2002 1417 ἠρεύνων

426 1439 553 1501 τοὺς
602 1436 1037 1507 κεκρυμμένους.
1090 1438 1277 1490 Ἀλλοι
1320 1440 1434 1501 τοῖς
1488 1439 1779 1505 φεύγουσιν
1820 1440 2002 1493 ἐπετί-

421 1528 610 1581 θεντο·
636 1528 783 1583 ἄλλοι
814 1528 869 1581 δὲ
903 1528 1040 1598 πρὸς
1067 1527 1167 1590 τὰς
1204 1531 1423 1598 κτήσεις
1445 1530 1555 1584 τῶν
1585 1530 1795 1583 πιστῶν
1833 1531 2003 1600 ὁρῶν-

427 1635 537 1682 τες,
571 1618 646 1682 ὼς
681 1617 748 1671 ἂν
777 1619 1062 1689 ἐγκρατεῖς
1089 1619 1327 1687 γένοιντο
1369 1620 1479 1672 τῶν
1519 1623 1876 1691 πραγμάτων,
1910 1622 2003 1674 ἐπὶ

427 1710 507 1780 τῷ
558 1712 912 1781 προσχήματι
954 1710 1054 1780 τῆς
1093 1711 1378 1773 εὐσεϐείας
1430 1712 1660 1783 ῆλαυνον
1706 1715 1833 1776 τοὺς
1876 1714 1995 1766 ἀντ-

426 1776 846 1871 εχομένους-τῆς
877 1776 1133 1865 πίστεως.
1182 1776 1463 1872 Σύγχυσις
1478 1803 1535 1855 δὲ
1575 1799 1644 1873 ἦν
1682 1805 1829 1856 πᾶσα
1861 1802 2002 1856 κατά
2032 1776 2074 1830 Β

424 1892 488 1943 τὸ
514 1892 664 1955 ἔθνος
702 1892 795 1944 καὶ
834 1892 1116 1961 ἀμηχανία
1160 1892 1350 1962 πολλὴ,
1390 1892 1607 1946 πάντων
1649 1893 1898 1964 ἀλλήλοις
1934 1894 2002 1947 δι’

427 1982 665 2051 ὑποψίας
714 1982 902 2046 ὄντων,
940 1984 999 2036 ού
1049 1982 1288 2052 πατράσι
1321 1984 1420 2054 τῆς
1468 1984 1618 2054 παρά
1647 1984 1755 2037 τῶν
1799 1986 2003 2037 τέκνων

426 2074 641 2137 εὐνοίας
679 2074 737 2126 έν
767 2076 879 2136 τοῖς
906 2074 1158 2144 φοϐεροῖς
1190 2074 1632 2145 παραμενούσης,
1665 2076 1725 2127 οὐ
1758 2075 1914 2128 παισὶ⁵
1940 2075 2003 2127 τὸ

429 2163 623 2217 πιστὸν
666 2163 765 2233 τῆς
814 2163 1087 2234 πατρικῆς
1135 2163 1457 2234 κηδεμονίας
1510 2164 1861 2235 ὲγγυωμένης
1902 2165 2002 2234 τῆς

424 2253 662 2322 φύσεως.
709 2254 1023 2323 Ἐμερίζετο
1054 2255 1112 2309 δὲ
1156 2256 1276 2308 κατ’
1318 2255 1562 2325 ἀλλήλων
1594 2256 1664 2308 τὰ
1700 2256 1830 2326 γένη
1868 2257 2003 2328 πρὸς

424 2344 525 2407 τὰς
556 2344 849 2414 θρησκείας
890 2345 1198 2415 σχιζόμενα.
1233 2346 1341 2398 Καὶ
1386 2349 1514 2409 παῖς
1546 2346 1870 2418 Ἐλληνίξων
1909 2367 1998 2402 πι-

431 2432 569 2484 στῶν
598 2432 797 2499 γονέων
832 2432 1095 2503 προδότης
1123 2431 1348 2500 ἐγίνετο·
1390 2432 1483 2486 καὶ
1518 2431 1660 2485 κατὰ
1690 2433 1878 2496 παιδὸς
1906 2449 2003 2485 πε-

432 2521 784 2585 πιστευκότος
827 2523 885 2575 ἐν
921 2522 1147 2591 ἀπιστίᾳ
1192 2524 1368 2593 μένων
1405 2525 1433 2576 ό
1482 2523 1663 2594 πατὴρ
1701 2524 2003 2593 κατήγορος

425 2607 512 2680 ῆν.
564 2610 670 2664 Καὶ
723 2614 948 2681 ἀδελφὸς
988 2616 1053 2667 ὲκ
1094 2614 1194 2683 τῆς
1236 2615 1404 2685 αὐτῆς
1438 2616 1617 2678 αἰτίας
1658 2615 1910 2685 ἐπολέμει
1936 2618 2001 2685 τῇ

429 2700 608 2769 φύσει,
652 2702 798 2755 ὅσιον
847 2703 1048 2773 κρίνων
1077 2704 1169 2757 τὸν
1204 2705 1439 2774 ὁμογενῆ
1482 2704 1919 2776 τιμωρήσασθαι,
1954 2707 2003 2758 εί

427 2790 528 2859 τῆς
554 2790 835 2860 εὐσεϐείας
861 2793 1155 2863 ἀντέχοιτο.
1172 2793 1448 2847 Ἐντεῦθεν
1488 2793 1715 2865 πλήρεις
1743 2794 1842 2864 μὲν
1864 2788 2004 2864 ἦσαν

426 2880 484 2932 at
518 2880 741 2951 έρημίαι
763 2881 867 2933 τῶν
898 2882 1267 2952 ἐλαυνομένων
1283 2922 1298 2947 ,
1322 2883 1477 2935 κεναὶ
1494 2882 1550 2934 δὲ
1574 2882 1681 2935 τῶν
1704 2883 2005 2953 οἰκητόρων

427 2970 486 3023 αἱ
512 2971 699 3026 οἰκίαι.
733 2972 911 3025 Πολλὰ
941 2973 998 3025 δὲ
1024 2972 1131 3026 τῶν
1180 2973 1454 3043 δημοσίων
1498 2973 1833 3043 οἰκημάτων,
1882 2977 2004 3037 ταῖς

426 3061 538 3115 τῶν
560 3061 1036 3134 καθειργνυμένων
1066 3063 1401 3116 ἀπετέτακτο
1436 3064 1662 3134 χρείαις.
1705 3065 1778 3117 Οὐ
1808 3061 2004 3135 γὰρῆν
2028 3096 2071 3154 c

429 3153 594 3207 ἱκανὰ
629 3154 696 3208 τὰ
722 3155 1070 3226 δεσμωτήρια
1098 3158 1294 3227 χωρεῖν
1328 3158 1384 3209 ὲν
1416 3158 1629 3219 ἑαυτοῖς
1659 3158 1767 3209 τῶν
1795 3158 1885 3211 διὰ
1905 3158 2002 3228 τὴν

430 3244 614 3298 πίστιν
654 3246 1081 3316 τιμωρουμένων
1121 3247 1182 3299 τὸ
1223 3247 1448 3315 πλῆθος.
1483 3248 1701 3318 Ἀγοραί
1743 3265 1802 3300 τε
1835 3251 2005 3303 πᾶσαι

430 3335 527 3387 καὶ
557 3332 825 3403 σύλλογοι,
857 3335 1025 3389 κοινοί
1056 3353 1115 3390 τε
1142 3338 1235 3390 καὶ
1260 3337 1575 3400 ἰδιάζοντες,
1605 3339 1725 3391 ἀντὶ
1755 3339 1852 3409 τῆς
1884 3356 2007 3392 συν-

430 3425 596 3493 ήθους
638 3425 1009 3496 φαιδρότητος,
1033 3426 1133 3491 τὰς
1168 3429 1419 3491 τοιαύτας
1446 3428 1849 3497 μετελάμϐανον
1871 3447 2010 3500 συμ-

432 3514 604 3585 φορὰς
622 3554 635 3578 ,
660 3512 770 3567 τῶν
799 3517 897 3585 μὲν
934 3518 1330 3588 ἐφελκομένων,
1372 3519 1477 3573 τῶν
1504 3519 1560 3572 δὲ
1606 3519 1967 3588 ἀπαγομένων
1991 3538 2004 3549 ⁸

431 3604 607 3659 ἄλλων
630 3605 723 3658 ἐπὶ
745 3608 857 3668 τοῖς
885 3608 1191 3677 γινομένοις
1214 3610 1247 3678 ἢ
1279 3609 1560 3677 γελώντων
1583 3610 1616 3678 ἢ
1643 3610 2003 3679 δακρυόντωνο

432 3697 495 3751 οὐ
524 3697 731 3765 νηπίων
758 3692 827 3768 ἦν
855 3696 1022 3762 ἔλεος,
1052 3699 1112 3752 ού
1152 3701 1283 3770 τιμὴ
1324 3701 1536 3763 πολιᾶς,
1568 3700 1667 3753 οὐκ
1698 3701 1895 3771 ἀρετῆς
1920 3703 2007 3753 αί-

432 3785 538 3850 δὼς
565 3786 736 3857 εἰσῄει
769 3790 879 3851 τοῖς
904 3789 1226 3859 δυσμενέσιν
1251 3807 1263 3818 ·
1286 3791 1400 3844 ἀλλ’
1434 3791 1509 3854 ὡς
1547 3794 1604 3843 ἐν
1637 3790 2004 3861 αἰχμαλωσίᾳ,

434 3879 584 3931 πᾶσα
619 3878 805 3947 ήλικία
836 3881 950 3942 τοῖς
987 3880 1265 3950 πολεμίοις
1289 3882 1387 3951 τῆς
1413 3881 1646 3945 πίστεως
1672 3882 1883 3945 ἔκδοτος
1915 3880 2003 3953 ἦν.

432 3968 567 4021 Οὐδὲ
590 3970 708 4031 ταῖς
739 3968 983 4036 γυναιξὶν
1017 3970 1240 4040 έδίδουή
1272 3972 1475 4041 φυσικὴ
1499 3970 1594 4023 τοῦ
1628 3972 1818 4039 γένους
1849 3970 2009 4025 ἀσθέ-

436 4076 574 4124 νεια,
602 4060 709 4114 τῶν
748 4060 1003 4114 τοιούτων
1040 4062 1292 4131 ἀναγκῶν
1332 4063 1487 4126 ἐκτὸς
1536 4065 1716 4133 μένειν
1737 4081 1749 4094 ·
1785 4064 1897 4117 ἀλλ’
1927 4059 2007 4126 εἷς

430 4144 501 4219 ῆν
522 4150 660 4203 κατά
682 4152 897 4204 πάντων
922 4152 951 4203 ό
969 4153 1065 4223 τῆς
1095 4152 1374 4223 ὠμότητος
1400 4155 1580 4223 νόμος,
1606 4154 1702 4224 ῖσῳ
1724 4154 1801 4224 τῷ
1825 4155 2008 4226 μέτρῳ

431 4239 533 4308 τῆς
559 4240 825 4310 τιμωρίας
850 4241 959 4295 τῶν
994 4243 1289 4312 γινομένων
1320 4244 1545 4313 ὑπάγων
1575 4245 1665 4298 τὸν
1708 4245 1815 4297 τῶν
1855 4246 2007 4305 είδῲ-

432 4330 539 4383 λων
565 4332 1032 4403 ἀλλοτριούμενον,
1076 4335 1152 4405 μὴ
1200 4334 1489 4405 διακρίνων
1522 4336 1621 4405 τὴν
1662 4336 1838 4404 φύσιν.
1873 4337 2005 4390 Τότε

2104 531 2377 600 injiciens.
2426 529 2620 593 Enses,
2654 528 2815 598 ignis,
2849 526 3058 590 bestiae,
3108 525 3331 600 scrobes
3367 530 3421 577 et
3473 523 3675 589 fovea,

2102 625 2229 678 item
2262 623 2648 685 instrumenta,
2676 620 2877 689 quibus
2900 618 3142 673 membra
3170 598 3678 686 constringerentur

2102 721 2155 766 et
2184 718 2592 779 torquerentur,
2632 716 2749 761 tum
2776 708 2963 762 ferreas
2994 708 3143 762 sella:
3184 706 3400 776 ignitae,
3441 713 3558 759 tum
3610 705 3679 759 li-

2103 818 2206 871 gna
2238 807 2443 866 erecta,
2478 802 2533 853 in
2562 800 2764 868 quibus
2799 798 3063 853 stantium
3091 812 3321 866 corpora
3344 796 3473 851 dum
3501 797 3680 851 inten-

2103 894 2383 955 derentur,
2417 891 2743 945 terribilium
2797 889 3064 959 unguium
3114 889 3370 943 violentis
3412 888 3679 942 admotio-

2104 985 2268 1038 nibus
2323 982 2716 1042 lacerareutur,
2754 989 2913 1050 atque
2960 980 3066 1032 alia
3114 978 3242 1033 item
3286 980 3575 1033 innumera
3609 979 3678 1032 ad

2106 1074 2253 1126 varia
2303 1086 2593 1141 corporum
2647 1078 2917 1125 tormenta
2959 1070 3232 1140 exquisita
3263 1070 3331 1123 ab
3363 1069 3431 1124 iis
3460 1069 3679 1139 excogi-

2105 1170 2363 1218 tabantur
2397 1181 2409 1215 :
2436 1177 2499 1216 ac
2529 1161 2768 1217 studium
2800 1161 2890 1223 iis,
2910 1162 3002 1231 qui
3030 1176 3124 1216 eas
3164 1168 3465 1230 potestates
3489 1175 3680 1215 susce-

2103 1263 2315 1326 perant,
2348 1270 2519 1308 unum
2550 1261 2707 1316 erat,
2746 1268 2814 1308 ne
2864 1252 3155 1322 quisquam
3200 1252 3355 1305 alteri
3402 1251 3678 1311 secundus

2103 1344 2489 1416 exsuperantia
2544 1344 2765 1399 saevitiae
2824 1343 3012 1397 mitior
3066 1343 3369 1397 videretur.
3407 1340 3542 1395 Nam
3587 1341 3678 1394 alii

2102 1438 2319 1506 quidem
2354 1434 2703 1499 deferebant,
2738 1433 2830 1487 alii
2870 1447 3002 1487 vero
3036 1432 3511 1494 demonstrabant,
3536 1446 3678 1484 non-

2104 1529 2240 1582 nulli
2284 1529 2411 1581 item
2446 1525 2652 1581 celatos
2683 1532 2735 1576 (ιι
2763 1524 3064 1578 occultatos
3098 1522 3506 1584 scrutabantur,
3550 1537 3679 1589 pars

2105 1615 2437 1686 fugientibus
2462 1614 2761 1675 instabant,
2790 1612 3039 1666 nonnulli
3068 1611 3194 1663 item
3232 1609 3679 1678 possessionibus

2106 1706 2344 1761 fidelium
2384 1703 2660 1757 inhiantes
2706 1714 2817 1770 quo
2851 1701 3159 1769 potirentur
3181 1713 3393 1763 earum,
3418 1699 3522 1752 sub
3545 1713 3681 1767 prac-

2103 1807 2253 1851 textu
2284 1794 2507 1865 pictatis
2542 1793 2815 1847 vexabant
2853 1799 2908 1846 et
2952 1791 3301 1861 exagitabant
3334 1805 3450 1855 eos,
3489 1791 3580 1858 qui
3619 1788 3682 1842 ti-

2103 1887 2225 1941 dem
2259 1885 2741 1955 amplecterentur.
2784 1882 2864 1939 Ac
2884 1895 3099 1938 summa
3133 1890 3251 1935 erat
3284 1880 3339 1934 in
3364 1888 3523 1950 gente
3543 1894 3679 1933 con-

2104 1977 2247 2032 fusio
2290 1991 2592 2047 magnaque
2644 1975 2956 2045 trepidatio,
2998 1972 3255 2028 omnibus
3290 1972 3430 2026 inter
3476 1986 3536 2024 se
3578 1987 3675 2024 su-

2103 2067 2325 2137 spectis,
2358 2081 2467 2121 non
2496 2065 2745 2135 patribus
2787 2065 3021 2120 ﬁliorum
3060 2062 3437 2118 benevolentia
3479 2062 3532 2116 in
3563 2061 3679 2116 dis-

2102 2158 2432 2213 criminibus
2482 2167 2645 2226 atque
2695 2154 2953 2226 periculis
2983 2163 3354 2224 permanente,
3398 2168 3505 2207 non
3552 2152 3679 2206 tiliis

2104 2249 2265 2304 fidam
2294 2257 2578 2317 paternam
2605 2247 2947 2301 curationem
2995 2245 3299 2315 spondente
3329 2255 3545 2298 natura.
3572 2245 3678 2299 Sed

2105 2340 2322 2394 familiae
2345 2348 2509 2409 atque
2548 2339 2904 2409 cognationes
2929 2337 3050 2393 aliae
3101 2338 3177 2391 ab
3213 2337 3339 2392 aliis
3373 2337 3426 2389 in
3455 2336 3676 2405 religio-

2102 2447 2233 2485 num
2263 2438 2447 2485 sectas
2487 2429 2727 2485 diducta}
2758 2429 3121 2484 dissidebant.
3155 2428 3231 2482 Ac
3280 2427 3427 2481 filius
3461 2428 3681 2483 Graeco-

2103 2538 2225 2575 rum
2263 2536 2482 2577 errores
2515 2521 3134 2591 amplectens,lide|ium
3168 2529 3454 2589 parentum
3497 2521 3683 2589 prodi-

2104 2622 2212 2675 tor,
2248 2613 2342 2666 filii
2374 2613 2532 2667 fidem
2567 2614 2800 2682 amplexi
2825 2622 2981 2682 pater
3011 2613 3065 2667 in
3099 2612 3422 2666 infidelitate
3452 2626 3680 2666 manens

2103 2711 2394 2759 accusator
2423 2712 2560 2758 erat.
2588 2702 2779 2758 Frater
2828 2705 2956 2758 item
2986 2703 3175 2758 eadem
3203 2702 3270 2757 de
3314 2718 3483 2757 causa
3516 2711 3675 2757 natu-

2104 2810 2221 2849 ram
2253 2795 2626 2865 oppugnabat,
2656 2794 2738 2849 fas
2772 2809 2896 2849 esse
2929 2794 3183 2863 judicans
3211 2808 3242 2847 a
3273 2796 3680 2865 consanguineo

2104 2900 2294 2955 poenas
2340 2894 2612 2954 expetere,
2664 2886 2708 2939 si
2746 2885 2999 2953 pietatem
3048 2884 3492 2953 amplecteretur.
3542 2883 3681 2939 Hine

2105 2976 2276 3045 plenae
2290 2976 2511 3045 quidem
2534 2974 2858 3029 solitudines
2890 2980 3047 3028 erant
3071 2989 3284 3039 eorum,
3302 2974 3395 3043 qui
3415 2974 3679 3043 (suspecti

2105 3068 2437 3137 accusative)
2472 3065 2880 3137 profugissem:
2912 3080 3085 3121 vacua
3108 3081 3235 3120 vero
3270 3074 3433 3135 atque
3464 3064 3679 3121 deserta

2107 3160 2176 3213 ab
2208 3157 2611 3213 habitatoribus
2643 3156 2919 3211 domicilia
2949 3164 3109 3211 erant
3139 3157 3350 3211 :multa
3382 3157 3511 3211 item
3544 3157 3680 3211 aedi-

2106 3250 2228 3305 ficia
2277 3266 2467 3306 eorum
2536 3249 2630 3318 qui
2684 3249 2919 3305 vinculis
2978 3255 3365 3303 coercerentur
3397 3289 3411 3313 ,
3443 3247 3681 3317 publicis

2108 3343 2300 3395 usibus
2350 3341 2628 3395 destinata
2669 3348 2848 3393 erant.
2880 3340 3145 3395 Carceres
3198 3340 3346 3394 enim
3377 3354 3572 3407 capere
3623 3338 3679 3392 in

2106 3447 2229 3486 sese
2258 3446 2366 3485 non
2401 3437 2655 3500 poterant
2688 3444 2880 3485 eorum
2943 3429 3369 3492 multitudinem,
3406 3431 3501 3498 qui
3552 3443 3679 3497 pro-

2105 3531 2225 3591 pter
2284 3521 2442 3576 fidem
2478 3521 2823 3591 punirentur,
2850 3522 3145 3590 omniaque
3178 3520 3297 3573 fora
3336 3528 3501 3589 atque
3542 3535 3679 3573 ron-

2106 3620 2303 3668 ventus
2335 3622 2444 3667 tam
2505 3613 2703 3682 publici
2742 3628 2907 3683 quam
2966 3613 3201 3683 privati,
3263 3627 3365 3681 pro
3406 3619 3679 3665 consueta

2107 3705 2381 3760 hilaritate
2404 3713 2570 3774 atque
2602 3705 2788 3759 lietitia
2821 3703 3092 3774 ejusmodi
3141 3702 3373 3757 invicem
3399 3717 3563 3756 casus
3597 3712 3683 3755 at-

2106 3812 2212 3865 que
2244 3796 2584 3850 calamitates
2610 3795 2973 3863 accipiebant.
3004 3809 3128 3848 cum
3164 3793 3255 3848 alii
3285 3792 3502 3864 quidem
3544 3794 3681 3847 arri-

2107 3896 2406 3958 perentur,
2456 3887 2549 3939 alii
2607 3901 2737 3939 vero
2787 3885 3226 3947 abducerentur,
3258 3884 3443 3939 caueri
3474 3884 3546 3938 0b
3593 3900 3678 3949 ea,

2106 3995 2228 4047 quae
2283 3977 2494 4039 fierent,
2536 3977 2620 4031 vel
2660 3976 2904 4031 riderent
2932 3978 3012 4031 vel
3066 3978 3499 4046 lacrymarentnr
3530 3995 3541 4029 :
3570 3991 3678 4027 non

2106 4068 2480 4123 misericordia
2514 4066 2827 4132 infantium,
2878 4082 2985 4120 non
3039 4067 3216 4119 honor
3260 4066 3480 4119 canitiei
3514 4105 3528 4129 ,
3567 4082 3678 4119 non

2107 4157 2327 4211 virtutis
2370 4155 2700 4211 verecundia
2753 4156 2809 4209 in
2855 4165 3092 4211 mentem
3131 4156 3384 4210 veniebat
3428 4155 3680 4219 infensis,

2107 4248 2203 4304 sed
2250 4256 2510 4317 tanquam
2558 4249 2613 4302 in
2657 4248 2794 4302 urbe
2821 4257 2981 4318 capta
3028 4247 3211 4302 omnis
3240 4256 3373 4303 aetas
3429 4248 3680 4304 hostibus

2108 4340 2231 4394 fidei
2264 4339 2423 4409 quasi
2459 4338 2705 4394 dedititia
2734 4346 2898 4409 atque
2931 4338 3163 4392 obnoxia
3193 4347 3329 4393 erat.
3360 4337 3440 4392 Ne
3485 4339 3681 4393 mulie-

432 4416 525 4473 οὖν
558 4421 681 4474 ἰδὼν
705 4424 733 4475 ὁ
765 4425 936 4493 μέγας
962 4425 1164 4487 ἐκεῖνος
1184 4426 1281 4496 τῆς
1303 4426 1647 4495 ἀνθρωπίνης
1672 4427 1884 4495 φύσεως
1904 4429 2001 4499 τὴν

2108 4447 2228 4485 rum
2267 4430 2484 4500 quidem
2534 4431 2770 4485 naturali
2816 4446 2981 4486 sexus
3011 4430 3314 4485 infirmitati
3356 4428 3677 4499 indulgebat

433 4512 734 4577 ἀσθένειαν,
774 4513 850 4577 ὡς
880 4515 940 4567 οὐ
970 4516 1282 4587 δυναμένων
1314 4517 1422 4569 τῶν
1464 4516 1673 4570 πολλῶν
1719 4518 1880 4589 μέχρι
1909 4519 2003 4574 τοῦ

434 4603 666 4656 θανάτου
709 4606 810 4675 τῆς
846 4605 1128 4669 εὐσεϐείας
1174 4607 1669 4677 προαγωνίσασθαι,
1706 4609 2006 4680 σύμϐουλος

434 4695 640 4762 γίνεται
667 4698 735 4766 τῇ
780 4695 1074 4766 Ἐκκλησία
1101 4699 1294 4768 μικρὸν
1324 4699 1675 4768 ὑποχωρῆσαι
1700 4702 1765 4771 τῇ
1800 4700 2005 4772 φοϐερᾷ

436 4786 729 4857 προσϐολῇ,
773 4790 1018 4857 κρεῖττον
1063 4784 1201 4843 εἶναι
1233 4788 1533 4859 ἡγούμενος
1566 4789 1652 4843 διὰ
1695 4791 1871 4861 φυγῆς
1906 4792 2005 4855 τὰς

410 4858 607 4948 ’ψυχὰς
633 4880 812 4932 αὐτῶν
858 4878 1289 4950 περισώσασθαι,
1316 4881 1348 4951 ἢ
1379 4858 1618 4943 ἑστῶτας
1646 4884 1738 4935 ἐπὶ
1897 4885 2005 4937 τῶν

432 4968 658 5036 ἀγώνων
701 4969 1081 5039 παρατάξεως,
1123 4969 1479 5034 λιποτάκτους
1504 4974 1755 5040 γενέσθαι
1791 4976 1887 5043 τῆς
1915 4976 2005 5027 πί·-

434 5076 635 5121 στεωςο
688 5060 782 5111 καὶ
812 5058 887 5121 ὡς
915 5058 980 5111 ἂν
1036 5058 1267 5128 μάλιστα
1314 5061 1579 5114 πεισθεῖεν
1609 5063 1658 5114 οἱ
1706 5063 2001 5133 ἄνθρωποι,

436 5151 637 5219 μηδένα
669 5150 915 5204 κίνδυνον
942 5150 1128 5221 φέρειν
1171 5153 1236 5221 τῇ
1271 5150 1438 5222 ψυχῇ,
1475 5153 1535 5205 τὸ
1571 5152 1668 5223 τὴν
1696 5154 1876 5207 πίστιν
1917 5156 2005 5209 διὰ

434 5242 609 5310 φυγῆς
664 5240 1091 5312 περισώσασθαι,
1121 5242 1200 5309 τῷ
1234 5240 1354 5294 καθ’
1391 5242 1580 5294 ἑαυτὸν
1625 5243 2000 5313 ὑποδείγματι,

436 5332 733 5399 σύμϐουλος
754 5333 853 5403 τῆς
886 5333 1285 5404 ἀναχωρήσεως
1305 5332 1515 5401 γίνεται
1535 5348 1549 5363 °
1582 5334 1743 5397 αὐτὸς
1770 5336 1878 5405 πρὸ
1897 5335 2004 5388 τῶν

434 5422 606 5475 ἄλλων
647 5424 1007 5495 ἀναχωρήσας
1050 5427 1117 5496 τῇ
1156 5423 1250 5477 τοῦ
1302 5424 1544 5477 κινδύνου
1587 5427 1759 5496 φορᾷο
1796 5428 1910 5496 ἅμα
1947 5427 2004 5479 δὲ

436 5512 530 5565 καὶ
557 5512 712 5565 τοῦτο
742 5516 853 5576 τοῖς
888 5515 1148 5586 κρατοῦσι
1181 5515 1269 5569 διὰ
1299 5516 1533 5585 σπουδῆς
1571 5516 1803 5586 μάλιστα
1826 5512 1915 5588 ῆν,
1945 5517 2005 5571 τὸ

435 5603 502 5655 δι’
528 5603 735 5673 ἐκείνου
773 5605 1023 5676 καθάπερ
1074 5606 1381 5677 στρατηγοῦ
1426 5607 1798 5677 χειρωθέντος,
1823 5610 2004 5662 πᾶσαν

438 5693 682 5747 διαλῦσαι
731 5696 828 5761 τῆς
881 5698 1112 5760 πίστεως
1146 5699 1244 5769 τὴν
1297 5697 1623 5770 παράταξιν,
1678 5700 1770 5752 καὶ
1814 5699 2000 5753 τούτου

2112 4532 2221 4585 tnr,
2255 4529 2314 4576 ut
2343 4521 2612 4590 ejusmodi
2648 4522 2908 4591 periculis
2952 4531 3213 4589 exetnptze
3245 4528 3545 4583 manerent,
3582 4518 3677 4572 sed

2108 4627 2214 4665 una
2266 4611 2529 4665 adversus
2571 4626 2763 4665 sumes
2796 4610 3141 4665 crudelitatis
3176 4618 3292 4663 erat
3325 4609 3430 4671 lex,
3486 4608 3677 4663 eodem

2109 4714 2283 4768 pugna;
2326 4700 2506 4759 modo,
2536 4699 2688 4752 nullo
2740 4697 3059 4752 discrimine
3112 4714 3274 4752 sexus
3307 4697 3513 4761 habito,
3549 4696 3680 4751 sub-

2102 4786 2301 4855 jiciens
2328 4802 2451 4841 cum
2498 4787 2592 4856 qui
2644 4802 2673 4839 a
2712 4787 3025 4843 simulacris
3079 4794 3220 4840 esset
3258 4786 3492 4839 alienus.
3522 4785 3679 4838 Tunc

2107 4891 2335 4945 magnus
2394 4877 2485 4931 ille
2538 4877 2643 4939 vir,
2694 4877 3073 4931 animadversa
3123 4885 3286 4945 atque
3332 4876 3678 4930 considerata

2110 4968 2483 5023 imbecillitate
2538 4976 2588 5022 et
2628 4969 2921 5037 fragilitate
2970 4968 3220 5021 humanm
3272 4976 3503 5029 ιιιιιυιείο,
3529 4968 3673 5036 quod

2107 5060 2351 5129 plerique
2381 5075 2488 5113 non
2514 5068 2736 5127 possent
2762 5073 2935 5126 usque
2981 5058 3047 5111 ad
3081 5065 3313 5111 mortem
3352 5074 3448 5127 pro
3477 5059 3677 5127 pietate

2106 5154 2408 5215 decertare,
2451 5162 2641 5205 auctor
2683 5152 2946 5206 Ecclesia:
2983 5151 3061 5216 fit,
3095 5158 3153 5204 ut
3187 5153 3484 5207 terribilem
3518 5154 3671 5207 illum

2107 5245 2369 5312 impetum
2408 5252 2573 5313 atque
2602 5244 2883 5297 incursum
2921 5243 3199 5312 paulisper
3234 5244 3559 5307 declinaret,
3592 5260 3676 5299 sa-

2107 5336 2215 5387 tius
2245 5350 2367 5389 esse
2391 5335 2597 5390 ducens
2643 5350 2736 5403 per
2760 5334 2945 5403 fugam
2987 5335 3202 5387 animas
3222 5349 3412 5388 eorum
3442 5338 3675 5401 servari,

2104 5442 2267 5495 quam
2308 5434 2514 5481 stantes
2546 5426 2601 5479 in
2637 5426 2753 5479 acie
2793 5425 3156 5479 certaminum
3201 5434 3365 5495 atque
3396 5428 3672 5495 periculo-

2106 5536 2223 5572 rum
2262 5517 2382 5571 lldci
2418 5518 2529 5570 fieri
2556 5517 2862 5571 desertores
2895 5532 2911 5571 :
2946 5534 3008 5571 ac
3031 5533 3141 5587 quo
3173 5519 3409 5572 maxime
3434 5518 3673 5572 homini-

2106 5610 2208 5663 bus
2258 5609 2695 5679 persuaderetur.
2735 5610 2941 5662 nullum
2982 5611 3177 5661 animus
3235 5608 3537 5677 periculum
3591 5607 3672 5660 af-

2109 5702 2267 5766 ferre,
2294 5701 2337 5757 si
2370 5702 2448 5757 vel
2486 5717 2581 5772 per
2608 5702 2788 5771 fugam
2813 5702 2937 5773 quis
2990 5702 3151 5756 fidem
3176 5709 3544 5763 conservaret,
3568 5714 3669 5754 suo
