4092 6368
427 314 530 368 947
1711 302 1771 357 S.
1811 297 2043 357 GREGO

2075 297 2144 355 ιιι
2181 268 2480 353 NYsserit
3293 258 3297 262 Ἰ
3582 290 3691 346 eis

423 427 670 498 exemplo
700 433 895 482 auctor
939 424 1226 482 secedendi
1258 425 1337 486 ﬁt,
1377 423 1493 493 ipse
1519 428 1646 476 ante
1691 419 1828 475 alios
1852 434 2004 475 scce-
2030 465 2039 480 ,

2078 471 2079 475 η
2106 418 2263 489 χάριν
2299 420 2506 471 ἐκεῖνον
2534 415 2638 470 ὑπὸ
2663 415 2822 486 χεῖρα
2853 409 3182 482 ποιήσασθαι
3222 409 3336 471 τοῖς
3365 404 3578 478 ἐχθροῖς
3613 405 3694 458 δι-

423 521 604 575 dendo
653 517 883 588 periculi
947 517 1206 586 impetum
1265 500 1520 569 devitans
1561 528 1572 561 ε
1622 511 1787 567 simul
1820 518 2002 566 autem

847 517 883 572 li
947 517 1206 586 impetum
1265 500 1572 569 devitans:
1622 511 1787 567 simul
1820 518 2002 566 autem
2111 510 2463 564 εσπούδαστο.

423 615 591 666 etiam
625 612 730 666 hoc
763 613 830 666 iis
859 612 951 680 qui
977 625 1158 664 rerum
1191 607 1559 678 potiebantur,
1592 605 1837 660 maximo
1874 603 2060 660 studio
2085 614 2226 664 erat.
2251 612 2310 658 ut
2335 604 2428 658 illo
2461 610 2721 671 tanquam
2753 600 2893 654 duce
2919 603 3081 666 capto
3107 606 3330 650 onmem
3360 589 3482 646 ﬁdei
3511 589 3690 644 aciem

425 705 717 760 funderent
747 718 811 758 ac
842 702 1196 771 dissiparem,
1239 707 1404 768 atque
1433 697 1641 752 idcirco
1673 695 1878 750 inimici
1909 687 2323 758 annitebantur,
2351 703 2410 749 ut
2436 695 2593 750 illum
2623 692 2934 762 redigerent
2958 689 3014 742 in
3043 692 3393 754 potestatem.

495 801 564 856 At
598 800 686 853 ille
707 813 814 852 una
837 812 962 851 cum
985 769 1050 850 eo
1070 809 1230 863 quem
1253 794 1325 850 ab
1345 793 1505 847 initio
1522 792 1592 847 ad
1611 791 1770 846 [idem
1791 805 1859 845 ex
1879 789 2011 846 aedi-

2187 792 2247 846 '0
2283 791 2339 844 δέ
2363 785 2430 862 ἦν
2453 788 2657 861 ἔρημόν
2678 803 2801 840 τινα
2821 779 3144 838 καταλαϐὼν
3168 776 3380 846 λοφιὰν,
3407 773 3547 844 ἔχων
3568 769 3691 863 μεθῗ

427 899 520 940 tuo
555 887 879 955 adduxerat,
919 862 1136 940 diaconi
1165 885 1278 954 jam
1321 899 1548 938 munere
1589 882 1871 951 fungente,
1896 882 2012 936 col-

2106 879 2300 934 ἐαυτοῦ
2333 879 2426 933 τὸν
2452 880 2517 932 ἐκ
2545 877 2813 948 νεωκόρου
2841 874 2960 929 κατ’
2999 869 3175 943 ἀρχὰς
3206 863 3580 955 προσαχθέντα
3616 862 3689 931 τῇ

429 979 533 1032 lem
566 979 858 1047 quemdam
890 979 1168 1034 desertum
1201 985 1598 1046 occupaverat;
1627 981 2009 1043 persecutores

2107 975 2310 1033 πίστει.
2341 973 2441 1044 ήδη
2473 974 2538 1042 τῇ
2568 969 2752 1040 χάριτι
2780 967 2880 1036 τῆς
2915 961 3188 1024 διακονίας
3221 953 3687 1047 ὑπηρετούμενον.

430 1043 608 1124 autem
651 1070 852 1123 indicio
879 1068 1167 1137 cujusdam
1198 1043 1377 1122 edocti
1401 1082 1510 1137 quo
1540 1067 1597 1120 in
1640 1065 1760 1119 loco
1793 1065 2008 1130 lateret,

2107 1067 2228 1121 Τῶν
2271 1065 2327 1119 δὲ
2367 1064 2673 1118 διωκόντων
2703 1061 2823 1113 κατ’
2859 1058 3004 1128 ἴχνος
3055 1051 3337 1123 ἑπομένων
3387 1049 3445 1101 ἐν
3490 1043 3691 1137 πλήθει

429 1174 626 1229 magna
661 1133 1008 1212 multitudine
1043 1156 1290 1226 vestigiis
1328 1133 1658 1210 inhaerentes
1694 1170 1709 1205 :
1751 1154 1846 1208 alii
1885 1153 2011 1223 qui-

2107 1159 2308 1229 πολλῴ,
2343 1157 2682 1228 μηνύσαντος
2701 1154 2884 1216 αὐτοῖς
2919 1150 3010 1204 τὸν
3046 1147 3211 1202 τόπον
3243 1143 3392 1207 τινὸς
3413 1133 3530 1208 ἐνῷ
3555 1155 3694 1194 κατ·

428 1250 550 1303 dem
587 1250 867 1305 radicibus
899 1249 1055 1303 collis
1085 1247 1473 1303 circumsessis
1513 1247 1900 1309 observabant,
1936 1260 2006 1301 ne

2109 1250 2413 1321 εκρύπτετο
2432 1266 2446 1279 ·
2477 1248 2527 1301 oi
2556 1247 2656 1316 μὲν
2698 1247 2756 1299 ἐν
2787 1243 2972 1313 κύκλῳ
2996 1241 3096 1311 τὴν
3155 1236 3439 1321 ὑπώρειαν
3471 1232 3692 1321 τῆς

428 1357 559 1411 qua,
595 1341 641 1394 si
685 1339 864 1410 fugam
897 1346 1194 1403 tentasset,
1221 1338 1455 1394 evadere
1499 1339 1675 1407 possit
1706 1356 1721 1404 ;
1750 1339 2000 1393 nonnulli

2112 1315 2239 1410 φιδίς
2257 1315 2600 1399 διαλαϐόντες
2621 1333 2933 1404 ἐφύλαττον,
2953 1331 3100 1391 ὅπως
3119 1326 3184 1380 ἂν
3204 1320 3514 1396 μηδαμόθεν
3539 1315 3693 1387 αὐτῷ

427 1449 579 1494 vero,
622 1432 717 1500 qui
751 1439 987 1484 montem
1024 1429 1333 1493 subierant,
1356 1429 1412 1482 in
1463 1429 1722 1485 omnibus
1759 1430 2004 1498 partibus

2111 1433 2324 1500 γένοιτο
2356 1431 2659 1498 διαφυγεῖν,
2715 1427 2874 1495 εἰπερ
2906 1424 2987 1484 είς
3026 1420 3186 1473 τοῦτο
3228 1414 3464 1487 τραπείη
3488 1429 3503 1445 ·
3537 1411 3592 1465 οἱ
3630 1410 3693 1464 δὲ

430 1532 762 1586 scrutantes,
794 1522 906 1592 jam
939 1535 1138 1591 magno
1172 1520 1250 1574 illi
1277 1529 1436 1576 erant
1487 1521 1543 1574 in
1579 1530 1879 1591 conspectu
1919 1536 1979 1577 re

2117 1521 2448 1591 προσϐάντες
2471 1520 2550 1590 τῷ
2579 1520 2714 1588 ὄρει,
2741 1514 2885 1569 κατὰ
2913 1514 3023 1566 πᾶν
3060 1509 3224 1580 μέρος
3251 1502 3690 1592 διερευνώμενοι,

429 1624 517 1668 cta
547 1615 612 1670 ad
638 1630 760 1668 eum
797 1613 1118 1669 subeuntes.
1151 1611 1244 1667 llle
1279 1627 1408 1666 vero
1439 1613 1695 1667 comitem
1731 1613 2014 1674 hortatus,

2113 1615 2216 1684 ήδη
2265 1611 2597 1679 καταφανεῖς
2633 1607 2873 1676 ἐγίνοντο
2916 1601 2996 1673 τῷ
3045 1599 3284 1671 μεγάλῳ,
3325 1594 3444 1648 κατ’
3474 1591 3693 1646 εὐθεῖαν

430 1717 491 1760 ιιι
525 1708 676 1761 ﬁrma
700 1716 864 1775 atque
894 1705 1198 1760 indubitata
1228 1718 1355 1773 erga
1393 1703 1560 1759 Deum
1591 1704 1790 1760 ﬁducia
1828 1707 2011 1762 eonsi-
2044 1757 2046 1764 ,

2080 1763 2084 1775 _
2116 1706 2250 1775 πρὸς
2282 1703 2443 1758 αὑτὸν
2473 1699 2880 1771 ἀνατρέχοντες.
2927 1696 3164 1755 Ἐκεῖνος
3195 1692 3250 1745 δὲ
3271 1684 3696 1754 διακελευσάμε-

431 1803 618 1858 stcret,
655 1755 816 1864 eiqtie
844 1795 1075 1851 salutem
1135 1755 1520 1856 cornutitteret,
1549 1793 1800 1849 similiter
1850 1806 2015 1866 atque
2044 1801 2047 1810 '

2078 1761 2086 1806 ἰ
2114 1755 2202 1860 var;
2335 1797 2449 1866 μετ’
2475 1755 2884 1861 αὑτοὺ,’στερεᾷ
2916 1804 2975 1840 τε
3011 1786 3105 1840 καὶ
3147 1781 3456 1850 ἁδιστάκτῳ
3483 1779 3548 1848 τῇ
3590 1792 3694 1828 πε-

431 1891 549 1957 ipse
580 1888 804 1951 faceret,
837 1900 1032 1940 manus
1059 1885 1125 1940 ad
1159 1885 1466 1940 orationem
1493 1886 1816 1952 extendens,
1841 1901 1906 1942 ac
1945 1904 2014 1944 ne

2114 1888 2364 1959 ποιθήσει
2402 1886 2593 1955 στῆναι
2631 1882 2768 1953 πρὸς
2800 1881 2892 1934 τὸν
2921 1877 3076 1940 Θεὸν,
3117 1875 3212 1928 καὶ
3256 1867 3693 1926 καταπιστεῦσαι

434 1981 479 2035 si
522 1995 691 2050 prope
727 1978 946 2048 quidem
1005 1985 1390 2048 persecutores
1441 1979 1828 2044 accessissent,
1863 1989 2012 2036 metu

2113 1977 2213 2048 τὴν
2242 1975 2517 2048 σωτηρίαν
2544 1972 2716 2043 αὐτῷ,
2748 1971 2848 2034 τὰς
2882 1972 3068 2040 χεῖρας
3096 1968 3176 2030 είς
3213 1962 3522 2034 προσευχὴν
3554 1959 3691 2013 ἀνα-

433 2069 591 2124 ﬁdem
641 2083 932 2124 excussam
984 2066 1312 2137 projiceret,
1367 2069 1677 2139 exemplum
1728 2069 1851 2138 ejus
1905 2071 2010 2133 rei,

2117 2069 2386 2132 τείναντα,
2421 2067 2515 2120 καὶ
2539 2064 2674 2136 μηδὲ
2704 2065 2753 2116 εἰ
2788 2061 3016 2132 πλησίον
3047 2058 3288 2127 γένοιντο
3311 2055 3362 2108 οι
3401 2052 3692 2114 διώκοντες

431 2175 596 2230 quam
637 2159 987 2230 praecipiebat
1019 2158 1255 2214 diacono
1285 2158 1528 2230 seipsum
1556 2160 1855 2229 praebebat,
1884 2175 2011 2216 cum

2116 2159 2512 2233 ἐκκρουσθῆναι
2538 2156 2616 2226 τῷ
2647 2154 2797 2225 φόϐῳ
2827 2151 2926 2223 τὴν
2955 2151 3157 2203 πίστιν-
3182 2146 3490 2214 ὑπόδειγμα
3515 2141 3571 2195 δέ
3589 2140 3692 2211 τῆς

431 2262 487 2306 ct
548 2251 792 2306 immotis
829 2252 1037 2318 oculis,
1069 2260 1123 2307 et
1177 2253 1359 2322 passis
1399 2251 1656 2309 manibus
1712 2260 1770 2308 et
1819 2253 2010 2308 habitu

2115 2250 2488 2322 παραγγελίας
2526 2247 2720 2301 ἐαυτὸν
2758 2244 2929 2298 ἐποίει
2965 2241 3044 2312 τῷ
3080 2239 3345 2308 διακόνῳ,
3389 2234 3601 2306 βλέπων
3630 2249 3694 2285 τε

433 2343 607 2395 arduo
648 2350 810 2411 atque
855 2351 1046 2397 erecto
1094 2344 1296 2398 cmlum
1357 2343 1687 2399 intueretur.
1739 2344 1921 2416 Atque
1956 2347 2011 2401 hi

2115 2343 2252 2414 πρὸς
2277 2341 2505 2412 οὐρανὸν
2545 2337 2944 2409 άμετατρέπτῳ
2972 2335 3201 2404 ὄμματι,
3235 2329 3328 2383 καὶ
3363 2323 3692 2395 τεταμέναις

432 2432 651 2501 quidem
687 2432 800 2485 liaic
856 2431 1124 2500 agebant;
1161 2432 1239 2486 illi
1285 2449 1441 2496 vero,
1475 2432 1571 2503 qui
1605 2431 1674 2487 ad
1725 2448 1851 2490 eum
1883 2449 2014 2489 eva-

2113 2440 2231 2500 ταῖς
2263 2434 2450 2506 χερσὶν
2474 2435 2533 2487 ἐν
2563 2431 2730 2503 ὀρθίῳ
2760 2429 2838 2500 τῷ
2869 2429 3129 2499 σχήματι·
3161 2424 3256 2478 καὶ
3286 2423 3336 2476 οἱ
3369 2421 3467 2492 μὲν
3488 2421 3545 2472 ἐν
3567 2417 3695 2471 τοὺ-

432 2531 639 2584 scrant,
666 2537 791 2577 cum
828 2524 1006 2576 locum
1039 2532 1212 2578 totum
1263 2524 1718 2593 perlustrassent,
1763 2533 1818 2580 et
1876 2525 2014 2581 inibi

2115 2549 2226 2594 τοις
2246 2525 2406 2602 ἦσαν.
2440 2529 2505 2582 Ol
2527 2527 2585 2582 δέ
2610 2526 2746 2598 πρὸς
2765 2525 2961 2588 αὑτοὺς
2987 2519 3410 2592 ἀναδραμόντες,
3440 2512 3692 2583 πανταχῆ

396 2631 402 2636 ·
432 2615 616 2667 oumia
649 2614 867 2668 dumeta
937 2622 1102 2684 atque
1154 2615 1377 2670 arbusta
1397 2653 1412 2677 ,
1433 2615 1618 2670 omnia
1645 2616 2012 2686 prominentia

2114 2621 2206 2674 τὸν
2263 2619 2427 2674 τόπον
2480 2616 2974 2688 περισκεψάμενοι,
3035 2613 3128 2666 καὶ⁵
3187 2611 3368 2663 πᾶσαν
3435 2605 3693 2659 ἔνστασιν

433 2722 589 2768 saxa,
631 2720 821 2760 omnes
847 2720 1112 2761 cavernas
1155 2707 1484 2777 voraginum
1519 2721 1648 2761 cum
1681 2723 1900 2764 summa
1932 2708 2016 2764 di-

2116 2713 2342 2784 θάμνου,
2370 2712 2463 2765 καὶ
2493 2703 2672 2763 πᾶσαν
2701 2708 2904 2779 πέτρας
2944 2702 3270 2777 προσϐολὴν,
3300 2701 3394 2754 καὶ
3422 2701 3600 2753 πᾶσαν
3622 2697 3692 2748 ἐκ

399 2816 402 2824 π
434 2795 656 2865 ligentia
687 2797 1014 2864 perscrutati
1042 2805 1250 2859 essent,
1273 2812 1468 2853 rursus
1507 2797 1575 2852 ad
1609 2798 1770 2853 collis
1798 2797 2012 2855 radices

2115 2807 2392 2878 χαράδρας
2419 2803 2707 2874 κοιλότητα
2737 2801 2875 2870 μετά
2912 2800 3093 2868 πάσης
3115 2794 3399 2866 ἀκριϐείας
3419 2791 3693 2860 διερευνη-

432 2889 788 2952 coulcndunt,
835 2897 893 2941 ut
922 2894 1067 2940 metu
1095 2887 1559 2957 perscrutantium
1594 2887 1686 2943 ille
1739 2889 1794 2944 in
1828 2888 2011 2960 fugam

2117 2897 2364 2966 σάμενοι,
2401 2895 2564 2947 πάλιν
2593 2893 2692 2963 τὴν
2730 2891 3008 2962 ὑπώρειαν
3037 2884 3566 2956 καταλαμϐάνουσιν,
3611 2879 3692 2942 ὡς

431 2994 630 3034 versus
661 2979 718 3033 in
773 2985 1099 3048 potestatem
1138 2993 1330 3034 eorum
1371 2980 1604 3046 veniret,
1637 2982 1732 3049 qui
1769 2981 2012 3036 intimam

2115 2989 2265 3060 φόϐῳ
2296 2987 2404 3040 τῶν
2430 2984 2870 3056 διερευνωμένων
2909 2983 2990 3045 είς
3019 2979 3198 3050 φυγὴν
3236 2975 3550 3048 τραπόντων
3575 2973 3692 3032 τοῖς

433 3080 642 3141 partem
704 3071 866 3126 collis
898 3069 1402 3140 circumsepissent.
1431 3068 1503 3125 Ut
1535 3071 1706 3142 igitur
1734 3086 1914 3141 neque
1947 3072 2049 3131 abi

2077 3079 2268 3136 ζκάτω
2314 3074 2870 3148 περιεστοιχισμένοις
2917 3072 3023 3126 ὑπὸ
3071 3074 3229 3141 χεῖρα
3282 3064 3556 3136 γενέσθαι.
3600 3063 3693 3124 Ὦς

436 3163 520 3218 his
543 3165 799 3217 inventus
827 3171 930 3229 est,
967 3178 1146 3232 neque
1171 3164 1315 3233 apud
1360 3164 1485 3219 illos
1524 3171 1664 3228 erat,
1689 3171 1855 3233 atque
1887 3178 2011 3232 spe-

2117 3167 2211 3224 οὖν
2238 3168 2362 3222 οὔτε
2385 3166 2536 3238 παρὰ
2567 3165 2771 3219 τούτων
2805 3163 3026 3235 εὑρέθη,
3061 3161 3156 3214 καὶ
3185 3159 3314 3231 παρ’
3338 3156 3564 3220 ἐκείνοις
3589 3153 3693 3207 οὐκ

433 3255 650 3307 culator
709 3253 798 3308 ille
846 3253 1022 3309 locum
1080 3254 1174 3308 ubi
1214 3249 1459 3324 magnus
1506 3255 1600 3310 ille
1657 3254 2007 3320 consisteret,

2117 3257 2211 3331 ἧν·
2252 3261 2281 3312 ό
2318 3259 2375 3312 δὲ
2398 3259 2488 3312 τὸν
2510 3249 2672 3310 τόπον
2702 3257 2802 3326 τῆς
2821 3253 2916 3308 τοῦ
2951 3252 3186 3324 μεγάλου
3219 3248 3494 3318 διαγωγῆς
3522 3264 3693 3301 κατα-

436 3347 608 3416 signis
636 3344 1009 3410 describebat,
1038 3346 1096 3400 in
1132 3361 1240 3416 quo
1287 3336 1414 3401 loco
1443 3355 1784 3403 scrutatores
1813 3356 2012 3415 praeter

2119 3351 2457 3421 σκεψάμενος
2490 3349 2736 3420 σημείοις
2771 3347 3109 3416 ὑπέγραψεν,
3138 3345 3195 3396 ἐν
3216 3335 3261 3410 ᾧ
3293 3341 3698 3396 διεϐεϐαιοῦντο

435 3442 574 3492 duas
607 3439 877 3492 duntaxat
908 3437 1133 3492 arbores
1159 3438 1442 3507 paululum
1477 3438 1622 3493 inter
1652 3454 1712 3493 se
1741 3439 2011 3494 distantes

2117 3444 2167 3494 οί
2201 3440 2493 3512 ζητοῦντες
2528 3439 2724 3510 μεδένα
2752 3437 3074 3508 ἑωρακέναι,
3114 3434 3250 3504 πλὴν
3283 3435 3333 3486 εί
3364 3433 3439 3504 μὴ
3465 3432 3558 3486 δύο
3580 3433 3694 3486 δέν-

435 3529 706 3584 nemincm
750 3545 809 3583 se
840 3529 1047 3584 vidisse
1091 3530 1452 3584 aﬂirmabant.
1487 3528 1760 3599 Digressis
1791 3529 2008 3582 tandem

2115 3532 2218 3606 δρα
2244 3532 2406 3602 μόνον
2451 3529 2646 3601 μικρὸν
2674 3528 2768 3581 ἀπ’
2797 3526 3041 3598 ἀλλήλων
3081 3525 3422 3596 διεστηκότα.
3467 3525 3692 3576 Ἀνακε-

438 3619 842 3673 scrutatoribus
862 3634 985 3673 cum
1009 3619 1347 3674 substitisset
1387 3618 1570 3684 index,
1605 3627 1771 3687 atque
1803 3619 1858 3673 in
1882 3634 2008 3673 ora-

2115 3624 2444 3696 χωρηκότων
2475 3623 2530 3675 δὲ
2560 3621 2669 3674 τῶν
2707 3619 3035 3692 ζητούντων,
3073 3617 3414 3686 ὑπολειφθεὶς
3453 3619 3481 3671 ό
3516 3635 3689 3688 μηνυ-

438 3713 588 3766 tione
617 3720 670 3765 ct
709 3711 885 3780 ipsum
937 3710 1095 3766 illum
1148 3709 1325 3764 virum
1382 3725 1638 3780 magnum
1669 3718 1725 3763 et
1753 3711 2008 3765 comitem

2117 3720 2236 3788 τὴς,
2271 3717 2363 3772 καὶ
2389 3715 2708 3769 καταλαϐὼν
2730 3717 2787 3768 ἐν
2813 3716 3088 3786 προσευχῇ
3119 3712 3283 3766 αὐτόν
3311 3730 3371 3766 τε
3400 3712 3491 3766 τδν
3518 3712 3692 3782 μέγαν

437 3803 560 3872 ejus
583 3801 924 3865 oﬂ‘endisset,
950 3810 1117 3872 atque
1157 3803 1212 3855 in
1259 3816 1362 3870 ope
1417 3800 1604 3854 divina
1644 3801 1852 3856 factum
1886 3817 2011 3858 esse

2118 3809 2214 3862 καὶ
2246 3809 2337 3862 τὸν
2372 3809 2467 3861 σὺν
2501 3805 2671 3876 αὐτῷ,
2704 3805 2798 3858 καὶ
2824 3805 2983 3872 γνοὺς
3019 3805 3118 3874 τὴν
3153 3802 3301 3856 θείαν
3333 3803 3592 3875 φρουρὰν,
3621 3801 3695 3854 δι’

433 3893 730 3961 judicaret,
761 3900 821 3945 ut
853 3891 929 3944 illi
963 3891 1424 3962 persequentibus
1454 3891 1680 3951 arbores
1707 3908 1832 3950 esse
1860 3894 2012 3948 video

2115 3895 2182 3971 ἧς
2210 3902 2404 3952 ἐκεῖνοι
2435 3898 2627 3967 δένδρα
2653 3898 2764 3960 τοῖς
2799 3895 3080 3948 διώκουσιν
3111 3894 3491 3964 ἐνομίσθησαν,
3523 3909 3691 3963 προσ-

440 3995 649 4047 rentur,
683 3977 992 4054 procumbit
1019 3984 1070 4039 ei
1109 3984 1176 4038 ad
1207 3984 1394 4054 pedes,
1421 3983 1708 4054 creditque
1747 3986 2008 4053 sermoni,

2117 3992 2304 4062 πίπτει
2335 4006 2395 4044 τε
2432 3989 2599 4059 αὐτῷ,
2639 3989 2734 4042 καὶ
2770 3986 3015 4040 πιστεύει
3055 3985 3132 4057 τῷ
3165 3985 3325 4056 λόγῳ.
3371 3985 3481 4039 Καὶ
3519 3987 3548 4038 ό
3584 3984 3693 4054 πρὸ

436 4084 490 4128 ct
511 4073 604 4142 qui
639 4075 801 4144 paulo
823 4082 948 4129 ante
971 4084 1293 4142 persecutor
1319 4074 1520 4140 fuerat,
1555 4089 1698 4130 unus
1731 4089 1798 4128 ex
1825 4074 2011 4143 profu-

2119 4081 2346 4154 βραχέος
2375 4078 2629 4150 διώκτης,
2658 4075 2739 4143 εἷς
2764 4078 2872 4132 τῶν
2900 4077 3206 4147 φευγόντων
3226 4077 3460 4144 ἐγένετο.
3494 4077 3693 4130 Μενόν-

381 4182 388 4192 ’
437 4170 520 4238 gis
549 4167 729 4222 ﬁebat.
757 4166 894 4221 Cum
932 4166 1098 4237 igitur
1127 4165 1300 4220 multo
1325 4173 1571 4234 tempore
1604 4166 1660 4219 in
1713 4165 1997 4220 solitudine

2116 4191 2223 4227 των
2246 4172 2424 4226 τοίνυν
2449 4171 2589 4236 κατὰ
2615 4171 2715 4242 τὴν
2755 4169 2960 4241 ἔρημον
2999 4170 3189 4241 χρόνον
3224 4168 3388 4222 πολὺν
3429 4169 3688 4240 (ἐπεκρά-

439 4263 726 4312 manerent
773 4256 1170 4324 (invalescebat
1221 4255 1364 4309 enim
1410 4255 1609 4309 bellum
1657 4254 1920 4310 adversus
1950 4254 2012 4308 fi-

2115 4282 2198 4336 τει
2226 4265 2335 4334 γὰρ
2375 4265 2401 4319 ἐ
2431 4263 2572 4318 κατὰ
2612 4262 2713 4333 τῆς
2741 4262 2977 4325 πίστεως
3015 4261 3268 4330 πόλεμος,
3308 4259 3558 4330 χαλεπῶς
3593 4259 3689 4313 τοῦ

438 4351 584 4412 dem,
624 4349 856 4419 praeside
890 4347 1183 4416 provinciae
1212 4346 1449 4416 graviter
1494 4346 1752 4401 smviente
1803 4346 1858 4400 in
1890 4361 2009 4410 eos,

2116 4355 2529 4426 καθηγουμένου
2553 4353 2695 4408 κατὰ
2721 4353 2828 4407 τῶν
2852 4351 3289 4424 προστιθεμένων
3318 4351 3394 4423 τῷ
3429 4351 3569 4422 λόγῳ
3590 4351 3688 4420 τῆς

439 4439 533 4508 qui
555 4438 794 4492 sermoni
815 4434 1605 4506 pietatisadhzererent),atque
1623 4450 1815 4490 omnes
1841 4435 1893 4487 in
1922 4433 2012 4488 fu-
2045 4429 2055 4483 1

2072 4432 2396 4510 )εὑσεϐείας
2436 4445 2783 4511 λυσσῶντος),
2825 4445 2920 4498 καὶ
2959 4445 3176 4497 πάντων
3225 4443 3361 4514 πρὸς
3394 4442 3571 4512 φυγὴν
3599 4459 3688 4495 τε-

439 4544 562 4598 gam
604 4528 745 4582 versi
777 4535 1003 4582 essent:
1036 4535 1392 4596 posteaquam
1447 4525 1594 4594 quod
1627 4524 1695 4579 ad
1751 4540 2008 4596 magnum

2117 4537 2480 4608 τραμμένων·
2520 4535 2709 4606 ἐπειδὴ
2749 4536 2809 4588 τὸ
2845 4534 2988 4588 κατὰ
3019 4534 3110 4587 τὸν
3159 4534 3330 4605 μέγαν
3364 4533 3547 4597 αὐτοῖς
3591 4532 3688 4585 ἀπ’

440 4619 596 4672 illum
622 4618 799 4671 virum
837 4613 1050 4678 attinet,
1079 4617 1508 4684 desperaverant
1553 4630 1677 4672 cum
1713 4615 2012 4685 aliquando

2118 4621 2336 4690 ἐλπίδος
2352 4622 2441 4698 ἦν,
2466 4626 2542 4690 ὠς
2569 4627 2670 4680 οὑκ
2703 4626 2768 4679 ἂν
2794 4625 2898 4678 ὑπὸ
2928 4627 3083 4696 χεῖρά
3106 4641 3235 4678 ποτε
3261 4625 3549 4694 γενόμενον
3580 4625 3690 4686 τοῖς

437 4713 493 4767 in
545 4718 870 4780 potestatem
914 4709 1357 4780 persequentium
1390 4715 1682 4772 venturum
1711 4725 1724 4760 :
1757 4717 1888 4762 tunc
1917 4708 2013 4762 ad-

2116 4713 2400 4767 διώκουσι·
2445 4714 2568 4766 τότε
2621 4713 2766 4767 κατὰ
2798 4714 2907 4766 τῶν
2947 4714 3256 4769 ὑπολοίπων
3300 4715 3400 4784 τὴν
3441 4711 3686 4781 λυσσώδη

436 4818 633 4860 versus
659 4803 900 4871 reliquos
921 4791 1196 4855 rabiosam
1228 4799 1497 4854 saevitiam
1529 4813 1685 4877 suam
1714 4807 2009 4862 vertentes,

2122 4803 2316 4875 μανίαν
2350 4801 2558 4855 ἑαυτῶν
2591 4802 2912 4873 τρέψαντες,
2956 4801 3204 4873 πανταχῆ
3249 4801 3391 4855 κατὰ
3435 4800 3497 4853 τὸ
3541 4799 3689 4863 ἔθνος

440 4897 496 4949 iu
550 4894 809 4949 omnibus
854 4890 1106 4961 partibus
1164 4889 1464 4959 provinciae
1525 4888 2013 4957 per:crutabantur

2116 4894 2201 4963 διη
2212 4893 2476 4963 ρευνῶντο
2520 4893 2728 4956 πάντας
2755 4893 2955 4963 ὁμοίως
2986 4893 3186 4965 ἄνδρας
3220 4911 3279 4946 τε
3309 4893 3403 4946 καὶ
3427 4895 3690 4962 γυναῖκας

438 5001 632 5041 omnes
677 4983 930 5038 similiter
976 4991 1086 5035 tam
1147 4980 1406 5034 mulieres
1449 4987 1504 5034 et
1531 4975 1535 4980 ’
1566 4994 1792 5049 pueros.
1845 4994 2010 5048 quam

2118 4983 2214 5037 καὶ
2259 4983 2478 5047 παῖδας,
2508 4984 2654 5046 ὅσοις
2700 4982 2762 5035 τδ
2791 4983 2962 5054 ὄνομα
3005 4983 3100 5036 τοῦ
3145 4983 3384 5055 Χριστοῦ
3422 4983 3482 5037 τὸ
3526 4982 3689 5036 σεϐά-

437 5081 621 5142 viros,
655 5076 974 5146 quicunque
1005 5087 1201 5128 nomen
1253 5070 1456 5126 Christi
1495 5079 1909 5143 vcnerarentur,
1946 5085 2012 5124 ac

2120 5089 2279 5147 σμιον
2311 5067 2380 5143 ἦν
2403 5088 2416 5100 ·
2463 5072 2560 5124 καὶ
2596 5067 2778 5124 εἷλκον
2807 5072 2901 5125 ἐπὶ
2926 5072 3024 5141 τὴν
3049 5071 3224 5137 πόλιν,
3256 5071 3352 5125 καὶ
3386 5071 3455 5124 τά
3482 5070 3693 5141 δεσμωο

439 5169 731 5221 trahcbaut
776 5167 842 5220 ad
877 5165 1089 5240 urbem,
1121 5170 1178 5218 et
1219 5175 1471 5216 carceres
1500 5161 1868 5230 complebant,
1897 5160 2012 5236 pie-

2115 5165 2281 5233 τήρια
2299 5163 2540 5233 κατεπλή
2551 5180 2692 5240 ρουν,
2713 5164 2828 5216 ἀντ’
2847 5163 3014 5232 ἄλλης
3041 5164 3185 5226 τινὸς
3211 5163 3423 5226 ἀδικίας
3444 5161 3694 5232 ἔγκλημα

440 5263 608 5308 tatem
640 5254 720 5308 eis
760 5253 990 5306 alterius
1015 5251 1322 5320 cujuspiam
1357 5250 1477 5304 loco
1509 5246 1760 5303 maleﬁcii
1794 5250 2010 5308 crimini

2117 5255 2428 5328 ποιούμενοι
2453 5258 2574 5309 κατ’
2599 5254 2778 5308 αὐτῶν
2801 5254 2900 5325 τὴν
2927 5253 3228 5319 εὐσέϐειαν,
3254 5253 3331 5317 ὼς
3358 5253 3547 5324 μηδενὶ
3569 5254 3690 5308 τότε

440 5345 658 5406 dantes,
688 5343 824 5398 adeo
859 5349 917 5396 ut
945 5342 999 5394 in
1031 5342 1182 5396 nullo
1216 5341 1327 5396 alio
1359 5341 1578 5410 publico
1621 5341 1839 5413 negotio
1860 5341 2009 5410 judi-

2115 5345 2224 5398 τῶν
2254 5346 2447 5400 κοινῶν
2481 5344 2966 5418 προσασχολεῖσθαι
2992 5345 3061 5399 τὰ
3091 5345 3434 5415 δικαστήρια,
3467 5343 3500 5414 ἢ
3533 5344 3693 5397 τοῦτο

439 5437 524 5491 cia
588 5441 730 5487 tunc‘
773 5443 1039 5502 occupata
1089 5440 1712 5503 essent,'pra:terquam
1761 5432 1904 5502 quod
1956 5431 2011 5486 id

2121 5438 2280 5508 μόνον
2307 5436 2394 5491 διὰ
2433 5438 2670 5510 σπουδῆς
2703 5439 2816 5499 τοῖς
2849 5435 3141 5506 κρατοῦσιν
3179 5429 3338 5498 εἶναι,
3379 5434 3441 5487 τὸ
3487 5435 3695 5496 πάντας

441 5530 617 5581 solum
657 5526 1012 5595 magistratus
1048 5525 1275 5594 agebat,
1310 5534 1370 5579 ut
1402 5540 1565 5580 omne
1593 5541 1765 5595 genus
1804 5525 2010 5594 suppli-

2119 5529 2410 5598 αἰκισμοὺς
2462 5529 2556 5581 καὶ
2607 5527 2867 5591 παντοίας
2916 5525 3277 5597 στρεϐλώσεις
3325 5525 3394 5578 δι’
3450 5519 3693 5588 ἐπινοίας

440 5617 649 5670 ciorum
682 5614 941 5683 variaque
973 5622 1242 5668 tormenta
1264 5615 1496 5668 solerter
1518 5615 1824 5685 excogitata
1856 5613 2010 5667 adhi-

1857 5613 2010 5667 adlli-
2119 5623 2344 5691 ἐπάγειν
2374 5623 2514 5676 κατὰ
2540 5620 2648 5690 τῶν
2677 5618 3050 5689 ἀντεχομένων
3078 5618 3176 5689 τῆς
3219 5618 3473 5680 πίστεως.

441 5711 632 5764 bcrcnt
669 5707 770 5774 iis,
803 5706 894 5777 qui
933 5707 1093 5762 ﬁdem
1133 5706 1610 5774 amplecterentur.
