4092 6368
409 280 515 338 919

1369 288 1458 345 DE
1492 288 1655 345 VlTA
1691 291 1748 346 S.
1792 291 2122 348 GREGORII
2147 292 2680 352 THAUMATURGI.

3568 290 3676 347 950

489 401 740 473 Ἔνθα,δὴ
768 403 864 456 καὶ
901 406 1097 475 μᾶλλον
1143 410 1276 462 πᾶσι
1327 410 1626 480 κατάδηλον
1662 411 1891 478 γίνεται,
1932 413 1992 465 τὸ

2166 414 2322 467 Tunc
2357 431 2488 469 vero
2516 417 2677 470 etiam
2711 415 2885 484 magis
2920 415 3099 485 palam
3130 411 3384 467 omnibus
3418 410 3497 477 fit,
3521 410 3669 479 quod

418 493 580 563 μηδὲν
610 494 761 547 ἀθεεὶ
793 495 884 548 τὸν
924 498 1099 567 μέγαν
1124 501 1327 552 ἐκεῖνον
1354 500 1722 570 βουλεύεσθαι.
1745 502 1988 567 Φυλάξας

414 582 523 653 γὰρ
554 584 748 638 ἑαυτὸν
772 584 860 639 διὰ
905 590 1004 657 τῆς
1037 589 1213 660 φυγῆς
1244 588 1322 660 τῷ
1353 590 1467 661 λαῷ
1486 633 1500 657 ,
1526 593 1677 661 κοινὴ
1706 595 1989 663 συμμαχία

414 676 525 736 τοῖς
577 674 717 745 ὑπὲρ
748 675 847 745 τῆς
899 677 1130 741 πίστεως
1179 678 1595 751 ἀγωνιζομένοις
1655 684 1857 736 ἅπασιν
1897 680 1987 754 ἦν.

416 765 682 835 Καθάπερ
716 766 822 837 γὰρ
860 768 985 838 περὶ
1012 768 1106 822 τοῦ
1132 773 1406 836 Μωῢσέως
1432 774 1721 843 ἀκούομεν,
1756 776 1838 828 ὅτι
1860 775 1991 847 πόρ-

421 854 591 923 ρωθεν
618 856 937 925 ἀφεστηκὼς
957 859 1055 928 τῆς
1082 860 1191 913 τῶν
1214 861 1589 931 Ἀμαληκιτῶν
1612 865 1985 934 παρατάξεως,

416 944 503 997 διὰ
529 947 833 1016 προσευχῆς
857 947 1083 1002 ἐνετίθει
1108 953 1221 1014 τοῖς
1247 953 1537 1021 ὁμοφύλοις
1570 954 1711 1008 κατὰ
1740 956 1847 1008 τῶν
1887 958 1991 1009 ὑπ-

414 1036 674 1089 εναντίων
690 1035 790 1106 τὴν
812 1037 1034 1108 δύναμιν
1059 1057 1071 1070 ·
1096 1040 1235 1094 κατὰ
1265 1042 1356 1095 τὸν
1384 1044 1546 1098 αὑτὸν
1571 1047 1768 1114 τρόπον
1807 1047 1991 1099 κάκεῖ-

415 1142 523 1188 νος,
544 1122 654 1178 οἷον
684 1127 895 1198 ἐφορῶν
913 1129 989 1199 τῷ
1016 1130 1278 1202 ὀφθαλμῷ
1291 1133 1392 1202 τῆς
1417 1132 1595 1204 ψυχῆς
1612 1134 1678 1186 τὰ
1708 1136 1987 1206 γινόμενα,

411 1217 513 1284 τὴν
547 1215 695 1269 θείαν
724 1218 1040 1272 ἐπεκαλεῖτο
1062 1221 1376 1291 συμμαχίαν
1406 1223 1546 1293 ὑπὲρ
1567 1223 1673 1277 τῶν
1707 1226 1990 1281 ὲναθλούν-

413 1322 523 1357 των
562 1308 627 1375 τῇ
653 1304 917 1377 ὁμολογία
960 1309 1059 1377 τῆς
1100 1311 1354 1374 πίστεως.
1395 1312 1505 1365 Καί
1553 1329 1682 1366 ποτε
1720 1315 1855 1383 μετὰ
1881 1315 1989 1369 τῶν

418 1397 681 1449 συνόντων
718 1398 856 1450 κατά
892 1397 950 1449 τὸ
994 1398 1222 1468 σύνηθες
1252 1401 1328 1471 τῷ
1365 1400 1486 1471 Θεῷ
1531 1405 1987 1474 προσευχόμενος,

414 1486 621 1556 ἀθρόως
651 1487 860 1555 ἀγῶνός
879 1505 936 1541 τε
960 1490 1054 1542 καὶ
1082 1489 1308 1561 θορύϐου
1333 1493 1754 1564 καταπλησθεὶς,
1775 1495 1990 1565 ἔνδηλος

414 1574 480 1647 ἦν
508 1580 564 1631 ὲν
597 1582 708 1641 τοῖς
737 1581 1000 1651 παροῦσιν
1025 1577 1134 1635 οἷον
1170 1583 1523 1654 ξενιζόμενος,
1556 1587 1649 1640 καὶ
1680 1588 1989 1657 ὲναγωνιῶν

412 1668 493 1738 τῷ
546 1669 795 1739 θεάματι,
841 1672 934 1724 καί
954 1672 1053 1743 τὴν
1087 1674 1254 1746 ἀκοὴν
1309 1677 1539 1746 ἐπέχων,
1576 1678 1825 1749 καθάπερ
1854 1681 1986 1751 ἤχου

2097 504 2231 558 nihil
2290 505 2412 560 sine
2471 506 2696 560 numine
2746 506 2935 560 divino
3001 504 3215 563 consilii
3279 516 3509 571 magnus
3583 502 3675 556 ille

2096 596 2180 648 vir
2205 595 2386 649 iniret.
2416 596 2553 649 Nam
2583 611 2708 650 cum
2747 612 2844 665 per
2870 595 3053 665 fugam
3085 610 3144 648 se
3198 594 3399 662 popqu
3447 607 3674 647 conser-

2095 699 2300 752 vasset,
2334 704 2626 743 commune
2653 688 2912 742 omnibus
2948 703 3047 757 pro
3111 686 3216 739 fide
3257 684 3674 739 dccertantibus

2097 780 2359 833 auxilium
2422 787 2585 848 atque
2632 778 2945 847 praesidium
3001 786 3137 830 erat.
3202 774 3673 841 Quemadmodum

2095 870 2241 923 enim
2268 870 2336 924 de
2360 868 2546 941 Moyse
2573 869 2851 933 audimus,
2892 868 3036 936 quod
3073 883 3198 920 cum
3224 867 3416 935 procul
3457 867 3677 922 abesset

2097 963 2164 1015 ab
2195 962 2311 1015 acie
2343 961 2795 1023 Amalecitarum,
2836 975 2931 1028 per
2960 959 3263 1013 orationem
3313 958 3675 1027 popularibus

2095 1049 2244 1102 vires
2269 1048 2533 1103 adversus
2558 1048 2746 1102 hostes
2788 1046 3061 1115 injiceret,
3090 1044 3284 1100 eodem
3311 1045 3475 1098 modo
3503 1045 3670 1099 etiam

2097 1141 2188 1195 ille
2221 1141 2382 1211 quasi
2412 1141 2584 1194 animi
2619 1139 2794 1193 oculis
2820 1139 3126 1193 intueretur
3156 1151 3220 1191 ea
3275 1151 3396 1206 qua:
3450 1136 3673 1198 ﬁebant,

2096 1232 2340 1285 divinum
2375 1232 2635 1285 auxilium
2668 1246 2767 1300 pro
2827 1231 2916 1292 iis,
2951 1229 3045 1299 qui
3095 1228 3319 1283 nomine
3377 1226 3501 1282 fidei
3542 1241 3675 1280 con-

2096 1321 2356 1378 fessionis
2384 1321 2753 1383 decertarent,
2774 1321 3089 1382 invocabat,
3125 1318 3675 1390 cumquealiquando

2096 1429 2203 1466 una
2241 1427 2364 1466 cum
2410 1411 2802 1475 familiaribus,
2857 1418 2919 1464 ut
2948 1411 3177 1475 solebat,
3216 1411 3384 1465 Deum
3422 1424 3675 1479 precare-

2097 1510 2208 1564 tur,
2241 1510 2463 1571 repente
2488 1516 2690 1571 angore
2720 1515 2786 1553 ac
2825 1498 3193 1569 trepidatione
3230 1497 3472 1567 repletus
3496 1494 3563 1549 iis
3579 1493 3672 1563 qui

2096 1594 2326 1649 aderant
2370 1593 2532 1662 quasi
2586 1606 2700 1646 rem
2756 1605 2952 1644 novam
3006 1588 3266 1644 admirari
3325 1594 3380 1642 et
3422 1601 3488 1641 eo
3527 1584 3675 1653 quod

2096 1690 2369 1754 spectaret
2429 1683 2578 1752 angi,
2629 1689 2685 1737 et
2738 1681 2907 1735 veluti
2956 1693 3093 1734 sono
3138 1677 3375 1748 quodam
3434 1674 3501 1729 ad
3550 1689 3675 1729 eum

413 1760 554 1823 τινὸς
606 1762 741 1830 πρὸς
794 1763 955 1816 αὐτὸν
1005 1765 1387 1831 διαϐαίνοντος.
1440 1768 1552 1822 Καὶ
1603 1770 1986 1841 διαγενομένου

2097 1778 2416 1845 pertinente,
2447 1788 2611 1829 aures
2644 1772 2936 1827 admovere
2966 1776 3154 1840 aperte
3180 1767 3487 1828 videbatur,
3515 1776 3678 1833 atque

409 1849 773 1919 διαστήματος
810 1852 909 1903 οὐκ
963 1852 1144 1920 ὀλίγου
1168 1895 1184 1921 ,
1221 1855 1409 1924 μείνας
1456 1857 1633 1910 πάντα
1682 1858 1772 1910 τὸν
1804 1860 1861 1910 ὲν
1914 1856 1993 1927 τῷ

416 1939 565 2009 μέσῳ
599 1940 806 2009 χρόνον,
838 1941 1063 2013 ἀκλινὴς
1098 1945 1192 1997 καὶ
1217 1945 1492 2015 ἀκίνητος,
1527 1941 1629 1999 εἶθ’
1679 1947 1868 2018 ῶσπερ
1896 1948 1992 2001 τοῦ

413 2031 773 2099 προκειμένου
805 2031 1077 2103 θεάματος
1096 2037 1176 2098 είς
1207 2035 1410 2104 ἀγαθὸν
1448 2035 1868 2107 καταλήξαντος,
1890 2039 1992 2092 πά-

412 2120 495 2173 λιν
541 2121 809 2191 ἑπανῆλθέ
852 2139 911 2173 τε
948 2124 1084 2192 πρὸς
1111 2124 1173 2177 τὸ
1222 2125 1472 2195 σύνηθες,
1507 2127 1602 2179 καὶ
1634 2128 1992 2197 ἀνευφήμησε

411 2210 504 2261 τὸν
534 2209 667 2262 Θεὸν
690 2212 749 2262 ὲν
783 2209 1141 2284 λαμπροτάτῃ
1170 2217 1318 2284 φωνῇ
1343 2255 1358 2279 ,
1386 2215 1478 2267 τὸν
1506 2216 1772 2268 ἐπινίκιόν
1806 2233 1863 2269 τε
1902 2216 1995 2270 καὶ

414 2299 832 2370 εύχαριστήριον
893 2301 1063 2372 ὕμνον
1113 2304 1615 2375 ἐπιφθεγξάμενος,
1642 2306 1701 2360 ὀν
1756 2306 1995 2377 πολλαχῆ

412 2390 513 2458 τῆς
566 2389 884 2461 ψαλμῳδίας
938 2393 1032 2446 τοῦ
1079 2394 1243 2448 Δαϐὶδ
1290 2395 1560 2466 ἀκούομεν
1607 2396 1890 2466 λέγοντος,
1935 2399 1995 2451 τὸ

416 2479 757 2549 Εὐλογητὸς
782 2485 816 2536 ό
837 2485 1005 2549 Θεὸς,
1039 2485 1107 2550 ὃς
1136 2488 1247 2540 οὐκ
1267 2488 1491 2543 ἔδωκεν
1514 2488 1667 2556 ἡμᾶς
1693 2491 1779 2555 είς
1808 2489 1998 2557 θήραν

414 2572 539 2637 τοῖς
577 2573 826 2628 ὀδοῦσιν
854 2575 1073 2630 αὐτῶν.
1105 2578 1224 2632 Τῶν
1261 2580 1317 2632 δὲ
1350 2581 1478 2651 περὶ
1506 2581 1666 2634 αὐτὸν
1695 2581 1996 2651 θαυμαστι-

416 2663 529 2727 κῶς
580 2664 954 2730 διατεθέντων,
988 2668 1081 2721 καὶ
1134 2670 1325 2739 μαθεῖν
1378 2671 1691 2735 ἀξιούντων,
1715 2673 1743 2725 ὃ
1774 2672 1826 2724 τί
1866 2689 1996 2725 ποτε

412 2753 502 2823 εἴη
532 2754 592 2807 τὸ
617 2755 674 2808 ἐν
708 2756 1003 2828 ὀφθαλμοῖς
1048 2759 1210 2813 αὑτοῦ
1254 2762 1541 2831 γενόμενον
1573 2762 1751 2832 θέαμα
1772 2805 1786 2828 ,
1822 2766 1996 2816 εἰπεῖν

415 2844 658 2912 λέγεται,
693 2846 836 2915 μέγα
866 2848 1065 2918 πτῶμα
1093 2850 1237 2904 κατὰ
1267 2852 1366 2921 τὴν
1398 2852 1547 2923 ὥραν
1572 2855 1786 2925 ἐκείνην
1816 2856 1993 2926 ἑωρα-

418 2937 590 2999 κέναι,
632 2938 1164 3004 καταπαλαισθέντος
1221 2941 1315 2994 τοῦ
1354 2944 1599 2997 διαϐόλου
1656 2946 1760 2998 ὑπὸ
1785 2947 1996 3001 νεανίου

416 3029 559 3091 τινὸς
588 3029 645 3081 ὲν
672 3032 784 3092 τοῖς
809 3030 951 3102 ὑπὲρ
984 3031 1267 3096 εὐσεϐείας
1289 3034 1485 3102 ἀγῶσι.
1514 3035 1635 3087 Τῶν
1654 3036 1711 3088 δὲ
1741 3038 1995 3105 ἀγνοούν-

418 3137 525 3171 των
552 3119 630 3171 έτι
666 3120 725 3173 τὸ
764 3122 1052 3193 εἰρημένον
1072 3166 1087 3186 ,
1113 3124 1443 3195 σαφέστερον
1476 3126 1657 3189 αὐτοῖς
1691 3127 1991 3196 διηγεῖται,

417 3211 500 3263 ὅτι
531 3213 818 3283 συμμαχίᾳ
845 3214 1112 3284 κρείττονι
1147 3215 1287 3269 κατά
1314 3217 1412 3287 τὴν
1444 3217 1594 3287 ὥραν
1638 3219 1853 3291 ἐκείνην
1880 3238 1998 3276 νεα-

418 3300 536 3363 νίας
571 3318 655 3364 τις
689 3302 797 3354 τῶν
844 3302 1217 3373 εὐπατριδῶν,
1252 3307 1365 3368 τοῖς
1406 3305 1591 3377 ἱδρῶσι
1618 3307 1720 3376 τῆς
1759 3309 1996 3371 πίστεως

419 3392 801 3461 ἐνηγωνίσατο,
826 3394 1153 3464 προσαχθεὶς
1172 3396 1276 3449 ὑπὸ
1295 3395 1403 3449 τῶν
1428 3397 1637 3467 δημίων
1657 3397 1732 3468 τῷ
1753 3398 1992 3470 ἄρχοντι.

422 3482 734 3552 Προσέθηκε
762 3483 819 3535 δὲ
847 3485 941 3536 καὶ
968 3485 1028 3536 τὸ
1055 3484 1224 3554 ὄνομα
1242 3526 1256 3550 ,
1285 3486 1559 3557 Τρωάδιον
1596 3488 1756 3542 αὑτὸν
1786 3489 1998 3559 ὀνομά-

423 3589 553 3635 σας·
584 3575 677 3627 καὶ
726 3576 807 3627 ὅτι
857 3576 993 3645 μετά
1040 3577 1241 3640 πολλὰς
1274 3577 1559 3648 βασάνους,
1595 3574 1684 3644 αἶς
1734 3582 1997 3649 γενναίως

425 3669 861 3741 ἐνεκαρτέρησε,
895 3672 987 3724 τὸν
1045 3672 1131 3725 διὰ
1182 3673 1284 3742 τῆς
1346 3675 1650 3746 μαρτυρίας
1703 3676 1998 3746 ἀνεδήσατο

423 3758 702 3827 στέφανον.
736 3761 1059 3831 Ἐκπλαγεὶς
1084 3762 1142 3816 δὲ
1179 3764 1315 3835 πρὸς
1339 3765 1437 3835 τὴν
1470 3766 1640 3836 ἀκοὴν
1674 3768 1702 3818 ὀ
1730 3767 1993 3831 διάκονος,

421 3852 515 3903 καὶ
545 3850 667 3904 οὔτε
697 3852 945 3906 άπιστεῖν
975 3870 1081 3907 τινι
1126 3854 1234 3907 τῶν
1280 3855 1584 3926 λεγομένων
1630 3856 1844 3928 τολμῶν
1863 3876 1879 3892 ο
1905 3860 1999 3912 καὶ

419 3940 537 4011 ἅμα
566 3947 809 4013 κρεῖττον
832 3946 930 4016 τῆς
945 3946 1308 4017 ’ἀνθρωπίνης
1339 3948 1553 4017 φύσεως
1582 3945 1721 4003 εἶναι
1751 3951 1996 4020 νομίσας,

420 4034 482 4084 τὸ
521 4035 802 4105 πόρρωθεν
823 4036 949 4089 ὄντα
972 4038 1071 4108 τῆς
1098 4038 1323 4101 πόλεως,
1355 4038 1579 4109 μηδενὸς
1615 4041 1900 4112 ἀνθρώπου
1932 4043 2000 4095 τά

422 4125 540 4174 κατ’
559 4124 718 4177 αὑτὸν
746 4125 1167 4194 διαγγείλαντος,
1182 4128 1256 4190 ὡς
1280 4129 1557 4196 ἐφεστῶτα
1579 4132 1691 4193 τοῖς
1715 4132 2000 4200 πράγμασι

423 4212 601 4297 λέγειν
625 4215 759 4285 πρὸς
790 4218 916 4280 τοὺς
952 4217 1212 4281 συνόντας
1242 4221 1372 4290 περὶ
1394 4220 1502 4273 τῶν
1529 4222 1647 4273 ἐκεῖ
1671 4223 1997 4292 γενομένων,

424 4301 608 4370 ἱκέτης
636 4303 844 4369 γίνεται
875 4305 969 4358 τοῦ
1008 4307 1326 4362 διδασκάλου
1362 4308 1658 4378 ὀφθαλμοῖς
1695 4311 2000 4381 ἐπιτραπῆ-

2094 1864 2240 1919 baud
2273 1865 2472 1934 exiguo
2500 1863 2778 1933 praeterito
2815 1860 2994 1931 spatio
3023 1875 3145 1915 cum
3177 1866 3293 1912 toto
3341 1857 3445 1910 hoc
3503 1855 3677 1909 inter»

2095 1958 2328 2012 cedente
2358 1963 2606 2025 tempore
2639 1961 2856 2009 erectus
2887 1961 2941 2007 et
2960 1953 3223 2006 immotus
3250 1944 3674 2018 permansisset,

2095 2047 2290 2100 deinde
2317 2044 2473 2112 quasi
2514 2045 2853 2112 propositum
2886 2039 3261 2111 spectaculum
3292 2037 3496 2092 bonum
3520 2049 3681 2090 even~

2094 2145 2208 2190 tum
2250 2136 2552 2196 habuisset,
2603 2142 2658 2189 et
2686 2133 2753 2187 ad
2788 2141 2991 2187 statum
3042 2130 3338 2201 pristinum
3396 2127 3581 2191 rediit,
3622 2136 3678 2180 et

2094 2227 2234 2282 elata
2262 2241 2395 2280 voce
2418 2224 2857 2287 Deumlaudavit,
2891 2223 3155 2292 adjiciens
3199 2235 3323 2275 eum
3343 2230 3674 2279 sermonem,

2095 2333 2207 2387 quo
2238 2318 2524 2371 victoriam
2567 2315 2750 2385 adepti
2785 2316 2860 2369 uti
2885 2329 2950 2368 ac
2984 2315 3092 2367 Deo
3123 2310 3328 2382 gratias
3357 2322 3515 2377 agere
3530 2305 3676 2362 sole-

2095 2423 2242 2470 mus,
2266 2422 2427 2476 quem
2459 2406 2514 2460 in
2539 2406 2727 2461 multis
2759 2403 3033 2460 locislibri
3055 2401 3396 2456 Psalmorum
3417 2394 3674 2450 Daviilem

2096 2499 2351 2554 audimus
2384 2497 2871 2567 pronuntiantem:
2910 2493 3222 2549 Benedictus
3260 2489 3421 2551 Deus,
3455 2489 3541 2557 qui
3570 2501 3677 2539 non

2095 2589 2239 2643 dedit
2270 2606 2363 2643 nos
2396 2590 2450 2643 in
2469 2589 2705 2657 praedam
2731 2586 2976 2641 dentibus
3006 2600 3188 2639 eorum
3212 2584 3255 2635 '.
3285 2578 3673 2635 Familiaribus

2098 2694 2278 2736 autem
2305 2682 2427 2751 ejus
2452 2679 2855 2734 admirantibus
2874 2686 2928 2732 et
2952 2676 3095 2731 scire
3124 2671 3457 2732 volentibus,
3496 2668 3674 2738 quod-

2096 2788 2222 2827 nam
2266 2772 2319 2826 id
2364 2771 2583 2825 tandem
2629 2769 3002 2839 spectaculum
3066 2766 3285 2828 fuisset,
3329 2760 3477 2831 quod
3544 2764 3674 2814 ante

2097 2859 2287 2914 oculos
2320 2859 2443 2926 ejus
2472 2858 2880 2918 obversaretur,
2910 2854 3116 2909 dixisse
3171 2851 3365 2915 fertur,
3421 2863 3674 2919 magnam

2097 2964 2157 3004 se
2190 2950 2245 3002 in
2272 2948 2365 3001 illa
2414 2947 2549 3001 hora
2576 2945 2786 3002 vidisse
2833 2944 3074 3007 ruinam,
3115 2940 3338 2996 diabolo
3375 2940 3445 2993 ab
3489 2939 3677 2992 adole-

2098 3047 2285 3095 scente
2313 3039 2551 3109 quodam
2584 3037 2640 3091 in
2691 3035 3088 3092 certaminibus
3121 3047 3221 3103 pro
3262 3031 3460 3100 pietate
3487 3044 3677 3084 susce-

2100 3130 2206 3199 ptis
2229 3128 2465 3182 devicto.
2500 3127 2679 3197 Atque
2708 3126 2817 3180 illis
2850 3125 3028 3178 adhuc
3075 3138 3183 3177 non
3240 3120 3671 3190 intelligentibus

2100 3220 2153 3273 id
2183 3218 2329 3287 quod
2352 3216 2606 3281 dixisset,
2638 3215 2884 3285 apertius
2908 3213 2989 3269 eis
3011 3214 3257 3282 exponit,
3284 3210 3429 3280 quod
3471 3209 3678 3263 auxilio

2098 3310 2283 3363 divino
2313 3308 2366 3361 in
2401 3307 2491 3361 illa
2505 3307 2638 3361 bora
2651 3306 2973 3360 adolescens
2999 3303 3224 3372 quidam
3253 3301 3452 3355 nobilis
3486 3300 3538 3353 in
3560 3300 3675 3368 pri-

2098 3404 2203 3455 mis
2233 3402 2301 3454 ab
2332 3398 2617 3454 lictoribus
2649 3397 2716 3451 ad
2761 3396 3046 3466 prazsidem
3098 3393 3388 3455 adductus,
3444 3392 3499 3445 in
3557 3406 3679 3446 cer-

2097 3493 2301 3545 tamine
2333 3505 2431 3560 pro
2461 3490 2851 3557 lidefsuscepto
2880 3485 3223 3540 deSudasset.
3254 3483 3469 3552 Adjecit
3495 3493 3674 3535 autem

2097 3585 2263 3637 etiam
2300 3578 2531 3644 nomen,
2555 3580 2851 3634 Troadium
2897 3592 3019 3633 eum
3066 3574 3401 3637 nominans,
3439 3580 3494 3629 et
3532 3571 3675 3643 quod

2098 3684 2223 3745 post
2274 3674 2443 3728 multa
2487 3681 2793 3737 tormenta,
2856 3684 2978 3739 qua:
3028 3668 3243 3724 fortiter
3294 3666 3676 3731 toleravisset,

2101 3765 2351 3835 martyrii
2407 3778 2614 3818 corona
2678 3762 2970 3818 redimitus
3029 3767 3195 3815 esset.
3253 3754 3677 3826 Obstupefactus

2099 3864 2283 3910 autem
2315 3862 2371 3910 et
2391 3855 2660 3908 attonitus
2691 3854 2776 3908 bis
2807 3852 3012 3906 auditis
3030 3850 3320 3912 diaconus,
3350 3863 3473 3903 cum
3498 3861 3678 3916 neque

2100 3944 2261 3998 fidem
2297 3943 2562 4014 derogare
2593 3943 2681 4003 iis,
2702 3956 2826 4010 qua:
2867 3940 3205 3998 dicerentur,
3250 3936 3496 4000 auderet,
3535 3934 3679 3989 etsi-

2100 4035 2212 4090 mul
2243 4035 2599 4090 excellentius
2629 4046 2791 4103 quam
2810 4031 3051 4084 humana
3081 4036 3274 4082 natura
3299 4036 3534 4096 caperet,
3556 4037 3681 4080 esse

2094 4126 2392 4195 judicaret,
2432 4124 2524 4194 qui
2563 4122 2756 4193 procul
2795 4121 3013 4175 abesset
3052 4118 3120 4170 ab
3163 4118 3319 4179 urbe,
3354 4131 3477 4169 cum
3518 4130 3678 4168 nemo

2100 4217 2383 4270 hominum
2421 4229 2544 4268 eum
2574 4213 2642 4268 de
2700 4212 2816 4267 suis
2872 4211 3041 4266 rebus
3086 4209 3376 4263 certiorem
3434 4205 3675 4264 fecisset.

2102 4307 2247 4360 hunc
2275 4305 2501 4375 perinde
2528 4320 2592 4359 ac
2621 4304 2669 4358 si
2703 4301 3071 4363 interfuisset,
3104 4300 3169 4354 ad
3199 4300 3497 4353 familiares
3522 4296 3677 4366 loqui

424 4404 519 4439 ναι
547 4388 640 4440 καὶ
667 4389 868 4477 γνῶναι
900 4394 968 4445 τὰ
1021 4394 1383 4465 πεπραγμένα
1411 4413 1421 4423 ’
1449 4398 1544 4448 καὶ
1572 4398 1646 4467 μὴ
1690 4398 1994 4469 κωλυθῆναι

2102 4397 2168 4453 de
2200 4396 2490 4451 rebusillis
2521 4395 2851 4466 gestis,orat
2878 4392 3222 4463 magistrum,
3256 4399 3313 4443 ut
3333 4390 3678 4460 permittere-

424 4477 552 4541 παρ’
579 4475 743 4529 αὐτοῦ
776 4479 1026 4545 γενέσθαι
1056 4481 1216 4552 μέχρι
1245 4482 1352 4535 τῶν
1391 4483 1574 4537 τόπων
1606 4484 1805 4550 αὐτῶν,
1836 4489 1893 4539 ὲν
1918 4484 1994 4549 οἷς

2101 4497 2190 4542 tur
2218 4488 2321 4543 sibi
2352 4487 2528 4543 oculis
2557 4488 2848 4555 inspicere,
2879 4499 3001 4555 quae
3032 4494 3149 4538 acta
3173 4491 3381 4546 essent,
3412 4499 3516 4537 neu
3554 4486 3683 4551 pro-‘

421 4566 483 4617 τὸ
515 4564 699 4635 θαῦμα
723 4568 958 4635 ἐγένετο.
1001 4571 1106 4624 Τοῦ
1139 4572 1196 4626 δὲ
1230 4574 1455 4644 φοϐερὸν
1485 4571 1621 4629 εἶναι
1651 4576 1917 4643 λέγοντος,
1938 4578 2001 4631 τὺ

422 4660 480 4709 ὲν
513 4658 662 4727 μέσῳ
711 4659 817 4713 τῶν
864 4661 1134 4730 φονευτῶν
1187 4664 1456 4732 γενέσθαι,
1508 4666 1601 4718 καὶ⁹
1656 4667 1912 4731 πολλάκις
1944 4668 2003 4732 ἐξ

423 4749 688 4818 ἐπηρείας
716 4751 808 4805 τοῦ
839 4753 1212 4824 ἀντικειμένου
1235 4774 1287 4809 τι
1314 4757 1419 4811 τῶν
1447 4758 1758 4829 ἀϐουλήτων
1788 4760 1998 4824 παθεῖν,

422 4842 736 4912 ὲπιθαρσείν
795 4843 976 4911 ἔλεγεν
1028 4847 1056 4897 ὀ
1100 4846 1345 4909 διάκονος
1375 4850 1440 4919 τῇ
1480 4849 1589 4901 τῶν
1629 4850 1804 4920 εὐχῶν
1836 4850 1999 4905 αὑτοῦ

422 4931 732 5002 συμμαχίᾳ,
765 4932 1135 5003 φθεγξάμενος
1159 4936 1360 5006 ταύτην
1396 4939 1532 5007 πρὸς
1560 4940 1722 4993 αὐτὸν
1761 4940 1857 5012 τὴν
1892 4959 2002 5009 φω-

420 5025 548 5092 νήν·
593 5024 677 5078 Σύ
699 5041 777 5092 με
822 5026 1089 5093 παράθου
1138 5027 1214 5092 τῷ
1245 5029 1387 5096 Θεῷ,
1422 5033 1516 5085 καὶ
1546 5032 1743 5097 οὐδείς
1777 5050 1872 5099 μοι
1904 5033 2004 5100 yd-

420 5117 521 5179 δῖος
541 5115 642 5169 καὶ
671 5114 789 5168 τῶν
816 5118 1119 5186 πολεμίων
1138 5120 1483 5188 καθάψεται.
1512 5122 1617 5174 Τοῦ
1661 5122 1717 5174 δὲ
1752 5123 2000 5192 καθάπερ

425 5205 764 5276 συνέμπορον
794 5208 942 5278 αὐτῷ
965 5209 1061 5279 τὴν
1086 5210 1177 5262 τοῦ
1212 5211 1345 5263 Θεοῦ
1383 5212 1633 5281 βοήθειαν
1662 5214 1750 5266 διὰ
1782 5215 1879 5284 τῆς
1911 5216 2000 5267 εύ-

422 5293 522 5359 χῆς
552 5297 1050 5366 συνεκπέμψαντος,
1083 5300 1356 5364 πεποιθὼς
1405 5304 1501 5373 τὴν
1536 5302 1651 5356 ὁδὸν
1678 5304 1837 5374 διῄει,
1862 5304 1995 5375 πρὸς

421 5385 610 5437 οὐδένα
638 5387 746 5439 τῶν
792 5389 1157 5451 ἀπαντώντων
1190 5393 1666 5464 ἐπιστρεφόμενος.
1716 5396 1996 5467 Ἑσπέριος

421 5472 478 5525 δὲ
513 5474 611 5542 τῆς
635 5475 840 5540 πόλεως
886 5479 1035 5543 ἐντὸς
1067 5480 1324 5551 γεγονὼς,
1354 5485 1447 5536 καὶ
1494 5483 1741 5555 κοπώδης
1787 5486 1851 5538 ὲκ
1899 5487 1996 5557 τῆς

497 5647 518 5676 ⁹
555 5645 699 5703 Psal.
733 5664 923 5716 cxxm,
958 5653 1010 5706 6.

2100 4580 2381 4635 liiberetur
2398 4570 2562 4634 ab‘eo
2587 4579 2873 4648 pervenire
2904 4593 3077 4646 usque
3109 4577 3175 4631 ad
3213 4589 3277 4631 ea
3307 4574 3449 4637 loca,
3484 4574 3537 4627 in
3555 4576 3678 4644 qui-

2098 4673 2201 4727 bus
2232 4672 2559 4725 miraculum
2594 4670 2800 4725 editum
2850 4678 2971 4724 erat
3005 4688 3018 4724 :
3069 4679 3121 4723 at
3172 4668 3266 4721 illo
3306 4666 3676 4736 periculosum

2099 4778 2220 4819 esse
2241 4763 2457 4818 dicente
2490 4760 2699 4816 versari
2754 4760 2809 4815 in
2858 4760 3037 4814 medio
3066 4761 3308 4813 virorum
3338 4756 3503 4810 caedis
3556 4755 3675 4808 avi-

2103 4852 2321 4914 dorum,
2354 4865 2417 4905 ac
2448 4865 2593 4920 sape
2622 4865 2689 4904 ex
2722 4850 2946 4903 incursu
2971 4856 3134 4918 atque
3153 4849 3354 4916 impetu
3375 4843 3673 4898 adversarii

2099 4957 2261 5012 posse
2326 4942 2578 4996 accidere
2629 4939 2837 5008 aliquid
2897 4949 3118 5008 repente
3174 4944 3369 5006 praeter
3423 4935 3673 4988 volunta-

2100 5036 2228 5092 tem,
2263 5029 2330 5083 de
2360 5045 2469 5097 quo
2502 5028 2800 5097 cogitatum
2838 5043 2947 5081 non
2973 5033 3154 5079 esset:
3183 5024 3448 5077 diaconus
3477 5039 3535 5077 sc
3552 5039 3676 5092 pre-

2100 5136 2224 5174 cum
2259 5120 2381 5189 ejus
2444 5119 2654 5172 auxilio
2712 5119 2989 5173 confidere
3043 5116 3200 5177 dixit,
3241 5115 3325 5169 liis
3367 5114 3550 5171 verbis
3604 5115 3671 5168 ad

2100 5226 2224 5264 cum
2258 5218 2418 5265 utens
2453 5228 2465 5262 :
2504 5209 2579 5262 Tu
2624 5225 2704 5262 me
2747 5207 3055 5261 commenda
3105 5206 3232 5269 Deo,
3267 5216 3316 5259 et
3370 5206 3546 5260 nullus
3606 5206 3671 5259 ab

2103 5299 2338 5353 hostibus
2362 5308 2531 5353 terror
2558 5315 2638 5351 me
2660 5297 2887 5352 invadet.
2940 5296 3187 5365 Cumque
3219 5296 3308 5349 ille
3359 5294 3671 5364 praesidium

2102 5391 2345 5444 divinum
2376 5406 2472 5459 pro
2504 5391 2700 5445 comite
2723 5404 2818 5459 per
2844 5403 3032 5458 preces
3064 5403 3170 5441 una
3201 5402 3324 5441 cum
3364 5401 3429 5441 eo
3464 5385 3673 5440 emisis-

2104 5490 2217 5548 set,
2255 5481 2464 5537 ﬁducia:
2500 5483 2693 5553 plenus
2727 5481 2830 5536 iter
2860 5479 3090 5535 faciebat
3130 5478 3196 5533 ad
3252 5478 3523 5533 neminem
3578 5475 3672 5533 οι)-
