  <div class='ocr_page' id='page_1' title='image "/cluster/home/n/w/nwhite01/storage/ocr_20150623/46/nnc1.0046978380/483.png"; bbox 0 0 4092 6368; ppageno 0'>
   <div class='ocr_carea' id='block_1_1' title="bbox 419 283 520 343">
    <p class='ocr_par' dir='ltr' id='par_1_1' title="bbox 419 283 520 343">
     <span class='ocr_line' id='line_1_1' title="bbox 419 283 520 343; baseline 0 -2"><span class='ocrx_word' id='word_1_1' title='bbox 419 283 520 343; x_wconf 65' lang='grc'><strong>951</strong></span> 
     </span>
    </p>
   </div>
   <div class='ocr_carea' id='block_1_2' title="bbox 1705 266 2466 345">
    <p class='ocr_par' dir='ltr' id='par_1_2' title="bbox 1705 266 2466 345">
     <span class='ocr_line' id='line_1_2' title="bbox 1705 266 2466 345; baseline -0.007 -15"><span class='ocrx_word' id='word_1_2' title='bbox 1705 275 1763 330; x_wconf 90' lang='lat' dir='ltr'><strong>s.</strong></span> <span class='ocrx_word' id='word_1_3' title='bbox 1807 266 2136 328; x_wconf 70' lang='lat' dir='ltr'><strong>GREGOBII</strong></span> <span class='ocrx_word' id='word_1_4' title='bbox 2168 266 2466 345; x_wconf 67' lang='lat' dir='ltr'><strong>NYSSENI</strong></span> 
     </span>
    </p>
   </div>
   <div class='ocr_carea' id='block_1_3' title="bbox 3589 260 3695 318">
    <p class='ocr_par' dir='ltr' id='par_1_3' title="bbox 3589 260 3695 318">
     <span class='ocr_line' id='line_1_3' title="bbox 3589 260 3695 318; baseline -0.019 0"><span class='ocrx_word' id='word_1_5' title='bbox 3589 260 3695 318; x_wconf 74' lang='grc'><strong>953</strong></span> 
     </span>
    </p>
   </div>
   <div class='ocr_carea' id='block_1_4' title="bbox 424 379 2020 460">
    <p class='ocr_par' dir='ltr' id='par_1_4' title="bbox 424 397 2007 459">
     <span class='ocr_line' id='line_1_4' title="bbox 424 397 2007 459; baseline -0.006 -5"><span class='ocrx_word' id='word_1_6' title='bbox 424 405 568 455; x_wconf 76' lang='lat' dir='ltr'><strong>viam</strong></span> <span class='ocrx_word' id='word_1_7' title='bbox 611 399 921 456; x_wconf 85' lang='lat' dir='ltr'><strong>venientem</strong></span> <span class='ocrx_word' id='word_1_8' title='bbox 958 415 1080 458; x_wconf 87' lang='lat' dir='ltr'><strong>sese</strong></span> <span class='ocrx_word' id='word_1_9' title='bbox 1108 408 1459 459; x_wconf 84' lang='lat' dir='ltr'><strong>convertens.</strong></span> <span class='ocrx_word' id='word_1_10' title='bbox 1510 397 1649 454; x_wconf 90' lang='lat' dir='ltr'><strong>Cum</strong></span> <span class='ocrx_word' id='word_1_11' title='bbox 1693 401 1876 450; x_wconf 86' lang='lat' dir='ltr'><strong>autem</strong></span> <span class='ocrx_word' id='word_1_12' title='bbox 1913 406 2007 445; x_wconf 91' lang='lat' dir='ltr'><strong>ve-</strong></span> 
     </span>
    </p>
   </div>
   <div class='ocr_carea' id='block_1_5' title="bbox 2122 379 3695 460">
    <p class='ocr_par' dir='ltr' id='par_1_5' title="bbox 2122 379 3695 460">
     <span class='ocr_line' id='line_1_5' title="bbox 2122 379 3695 460; baseline -0.005 -19"><span class='ocrx_word' id='word_1_13' title='bbox 2122 387 2417 460; x_wconf 67' lang='grc' dir='ltr'>ιδοιπορίας</span> <span class='ocrx_word' id='word_1_14' title='bbox 2447 387 2736 457; x_wconf 83' lang='grc' dir='ltr'>γενόμενος</span> <span class='ocrx_word' id='word_1_15' title='bbox 2761 425 2778 450; x_wconf 90' lang='grc'><strong>,</strong></span> <span class='ocrx_word' id='word_1_16' title='bbox 2809 385 3018 457; x_wconf 78' lang='grc' dir='ltr'>λουτρῷ</span> <span class='ocrx_word' id='word_1_17' title='bbox 3048 381 3382 456; x_wconf 74' lang='grc' dir='ltr'>θεραπεῦσαι</span> <span class='ocrx_word' id='word_1_18' title='bbox 3411 379 3504 434; x_wconf 80' lang='grc' dir='ltr'>τὸν</span> <span class='ocrx_word' id='word_1_19' title='bbox 3525 380 3695 434; x_wconf 77' lang='grc' dir='ltr'>κόπον</span> 
     </span>
    </p>
   </div>
   <div class='ocr_carea' id='block_1_6' title="bbox 425 488 2002 564">
    <p class='ocr_par' dir='ltr' id='par_1_6' title="bbox 425 488 2002 564">
     <span class='ocr_line' id='line_1_6' title="bbox 425 488 2002 564; baseline -0.006 -19"><span class='ocrx_word' id='word_1_20' title='bbox 425 493 570 560; x_wconf 84' lang='lat' dir='ltr'><strong>speri</strong></span> <span class='ocrx_word' id='word_1_21' title='bbox 603 493 656 546; x_wconf 88' lang='lat' dir='ltr'><strong>in</strong></span> <span class='ocrx_word' id='word_1_22' title='bbox 693 493 882 548; x_wconf 88' lang='lat' dir='ltr'><strong>urbem</strong></span> <span class='ocrx_word' id='word_1_23' title='bbox 914 494 1273 564; x_wconf 90' lang='lat' dir='ltr'><strong>pervenisset,</strong></span> <span class='ocrx_word' id='word_1_24' title='bbox 1309 503 1362 547; x_wconf 91' lang='lat' dir='ltr'><strong>et</strong></span> <span class='ocrx_word' id='word_1_25' title='bbox 1399 494 1466 546; x_wconf 91' lang='lat' dir='ltr'><strong>de</strong></span> <span class='ocrx_word' id='word_1_26' title='bbox 1499 491 1583 543; x_wconf 83' lang='lat' dir='ltr'><strong>via</strong></span> <span class='ocrx_word' id='word_1_27' title='bbox 1617 488 1800 542; x_wconf 84' lang='lat' dir='ltr'><strong>fessus</strong></span> <span class='ocrx_word' id='word_1_28' title='bbox 1833 491 2002 544; x_wconf 86' lang='lat' dir='ltr'><strong>esset,</strong></span> 
     </span>
    </p>
   </div>
   <div class='ocr_carea' id='block_1_7' title="bbox 425 582 2008 654">
    <p class='ocr_par' dir='ltr' id='par_1_7' title="bbox 425 582 2008 654">
     <span class='ocr_line' id='line_1_7' title="bbox 425 582 2008 654; baseline -0.002 -22"><span class='ocrx_word' id='word_1_29' title='bbox 425 582 783 653; x_wconf 79' lang='lat' dir='ltr'><strong>defatigatum</strong></span> <span class='ocrx_word' id='word_1_30' title='bbox 827 584 1014 639; x_wconf 89' lang='lat' dir='ltr'><strong>labore</strong></span> <span class='ocrx_word' id='word_1_31' title='bbox 1056 599 1258 654; x_wconf 82' lang='lat' dir='ltr'><strong>corpus</strong></span> <span class='ocrx_word' id='word_1_32' title='bbox 1303 585 1524 636; x_wconf 88' lang='lat' dir='ltr'><strong>lavacro</strong></span> <span class='ocrx_word' id='word_1_33' title='bbox 1554 595 1748 634; x_wconf 89' lang='lat' dir='ltr'><strong>curare</strong></span> <span class='ocrx_word' id='word_1_34' title='bbox 1781 590 2008 632; x_wconf 87' lang='lat' dir='ltr'><strong>necesse</strong></span> 
     </span>
    </p>
   </div>
   <div class='ocr_carea' id='block_1_8' title="bbox 425 664 2010 742">
    <p class='ocr_par' dir='ltr' id='par_1_8' title="bbox 425 664 2010 742">
     <span class='ocr_line' id='line_1_8' title="bbox 425 664 2010 742; baseline -0.007 -16"><span class='ocrx_word' id='word_1_35' title='bbox 425 688 549 726; x_wconf 79' lang='lat' dir='ltr'><strong>esse</strong></span> <span class='ocrx_word' id='word_1_36' title='bbox 581 673 827 742; x_wconf 86' lang='lat' dir='ltr'><strong>putabat.</strong></span> <span class='ocrx_word' id='word_1_37' title='bbox 867 672 1263 728; x_wconf 79' lang='lat' dir='ltr'><strong>Dominabatur</strong></span> <span class='ocrx_word' id='word_1_38' title='bbox 1293 681 1474 725; x_wconf 89' lang='lat' dir='ltr'><strong>autem</strong></span> <span class='ocrx_word' id='word_1_39' title='bbox 1512 671 1564 724; x_wconf 91' lang='lat' dir='ltr'><strong>in</strong></span> <span class='ocrx_word' id='word_1_40' title='bbox 1617 668 1711 722; x_wconf 88' lang='lat' dir='ltr'><strong>illo</strong></span> <span class='ocrx_word' id='word_1_41' title='bbox 1744 668 1866 721; x_wconf 90' lang='lat' dir='ltr'><strong>loco</strong></span> <span class='ocrx_word' id='word_1_42' title='bbox 1908 664 2010 717; x_wconf 72' lang='lat' dir='ltr'><strong>dae-</strong></span> 
     </span>
    </p>
   </div>
   <div class='ocr_carea' id='block_1_9' title="bbox 428 755 2004 832">
    <p class='ocr_par' dir='ltr' id='par_1_9' title="bbox 428 755 2004 832">
     <span class='ocr_line' id='line_1_9' title="bbox 428 755 2004 832; baseline -0.006 -16"><span class='ocrx_word' id='word_1_43' title='bbox 428 777 558 817; x_wconf 86' lang='lat' dir='ltr'><strong>mon</strong></span> <span class='ocrx_word' id='word_1_44' title='bbox 590 764 814 832; x_wconf 90' lang='lat' dir='ltr'><strong>quidam</strong></span> <span class='ocrx_word' id='word_1_45' title='bbox 853 763 1151 825; x_wconf 77' lang='lat' dir='ltr'><strong>homicida,</strong></span> <span class='ocrx_word' id='word_1_46' title='bbox 1192 763 1247 816; x_wconf 92' lang='lat' dir='ltr'><strong>in</strong></span> <span class='ocrx_word' id='word_1_47' title='bbox 1280 761 1475 815; x_wconf 86' lang='lat' dir='ltr'><strong>balneo</strong></span> <span class='ocrx_word' id='word_1_48' title='bbox 1509 758 1717 814; x_wconf 82' lang='lat' dir='ltr'><strong>versari</strong></span> <span class='ocrx_word' id='word_1_49' title='bbox 1773 755 2004 812; x_wconf 91' lang='lat' dir='ltr'><strong>solitus:</strong></span> 
     </span>
    </p>
   </div>
   <div class='ocr_carea' id='block_1_10' title="bbox 429 843 2009 924">
    <p class='ocr_par' dir='ltr' id='par_1_10' title="bbox 429 843 2009 924">
     <span class='ocr_line' id='line_1_10' title="bbox 429 843 2009 924; baseline -0.009 -16"><span class='ocrx_word' id='word_1_50' title='bbox 429 852 589 922; x_wconf 85' lang='lat' dir='ltr'><strong>cujus</strong></span> <span class='ocrx_word' id='word_1_51' title='bbox 610 852 920 924; x_wconf 84' lang='lat' dir='ltr'><strong>perniciosa</strong></span> <span class='ocrx_word' id='word_1_52' title='bbox 947 860 1113 920; x_wconf 92' lang='lat' dir='ltr'><strong>atque</strong></span> <span class='ocrx_word' id='word_1_53' title='bbox 1141 850 1397 920; x_wconf 76' lang='lat' dir='ltr'><strong>pestifera</strong></span> <span class='ocrx_word' id='word_1_54' title='bbox 1430 849 1514 907; x_wconf 89' lang='lat' dir='ltr'><strong>vis</strong></span> <span class='ocrx_word' id='word_1_55' title='bbox 1542 847 1594 900; x_wconf 91' lang='lat' dir='ltr'><strong>in</strong></span> <span class='ocrx_word' id='word_1_56' title='bbox 1638 843 1878 900; x_wconf 88' lang='lat' dir='ltr'><strong>tenebris</strong></span> <span class='ocrx_word' id='word_1_57' title='bbox 1908 843 2009 896; x_wconf 83' lang='lat' dir='ltr'><strong>ad-</strong></span> 
     </span>
    </p>
   </div>
   <div class='ocr_carea' id='block_1_11' title="bbox 433 935 2013 1010">
    <p class='ocr_par' dir='ltr' id='par_1_11' title="bbox 433 935 2013 1010">
     <span class='ocr_line' id='line_1_11' title="bbox 433 935 2013 1010; baseline -0.003 -19"><span class='ocrx_word' id='word_1_58' title='bbox 433 955 628 995; x_wconf 84' lang='lat' dir='ltr'><strong>versus</strong></span> <span class='ocrx_word' id='word_1_59' title='bbox 660 940 1096 1010; x_wconf 85' lang='lat' dir='ltr'><strong>propinquantes</strong></span> <span class='ocrx_word' id='word_1_60' title='bbox 1118 938 1501 1002; x_wconf 76' lang='lat' dir='ltr'><strong>exercebatur,</strong></span> <span class='ocrx_word' id='word_1_61' title='bbox 1533 944 1589 991; x_wconf 87' lang='lat' dir='ltr'><strong>et</strong></span> <span class='ocrx_word' id='word_1_62' title='bbox 1625 935 1834 990; x_wconf 87' lang='lat' dir='ltr'><strong>idcirco</strong></span> <span class='ocrx_word' id='word_1_63' title='bbox 1889 941 2013 1003; x_wconf 89' lang='lat' dir='ltr'><strong>post</strong></span> 
     </span>
    </p>
   </div>
   <div class='ocr_carea' id='block_1_12' title="bbox 432 1028 2014 1091">
    <p class='ocr_par' dir='ltr' id='par_1_12' title="bbox 432 1028 2014 1091">
     <span class='ocr_line' id='line_1_12' title="bbox 432 1028 2014 1091; baseline -0.005 -4"><span class='ocrx_word' id='word_1_64' title='bbox 432 1032 566 1087; x_wconf 89' lang='lat' dir='ltr'><strong>solis</strong></span> <span class='ocrx_word' id='word_1_65' title='bbox 583 1047 842 1086; x_wconf 83' lang='lat' dir='ltr'><strong>occasum</strong></span> <span class='ocrx_word' id='word_1_66' title='bbox 871 1031 1080 1087; x_wconf 76' lang='lat' dir='ltr'><strong>balnea:</strong></span> <span class='ocrx_word' id='word_1_67' title='bbox 1106 1032 1214 1086; x_wconf 81' lang='lat' dir='ltr'><strong>illae</strong></span> <span class='ocrx_word' id='word_1_68' title='bbox 1245 1046 1352 1085; x_wconf 91' lang='lat' dir='ltr'><strong>non</strong></span> <span class='ocrx_word' id='word_1_69' title='bbox 1383 1028 1800 1091; x_wconf 81' lang='lat' dir='ltr'><strong>exercebantur,</strong></span> <span class='ocrx_word' id='word_1_70' title='bbox 1825 1039 2014 1080; x_wconf 63' lang='lat' dir='ltr'><strong>nemo-v</strong></span> 
     </span>
    </p>
   </div>
   <div class='ocr_carea' id='block_1_13' title="bbox 432 1119 2012 1192">
    <p class='ocr_par' dir='ltr' id='par_1_13' title="bbox 432 1119 2012 1192">
     <span class='ocr_line' id='line_1_13' title="bbox 432 1119 2012 1192; baseline -0.005 -18"><span class='ocrx_word' id='word_1_71' title='bbox 432 1135 540 1190; x_wconf 76' lang='lat' dir='ltr'><strong>que</strong></span> <span class='ocrx_word' id='word_1_72' title='bbox 570 1137 636 1177; x_wconf 90' lang='lat' dir='ltr'><strong>eo</strong></span> <span class='ocrx_word' id='word_1_73' title='bbox 667 1123 930 1179; x_wconf 85' lang='lat' dir='ltr'><strong>accedere</strong></span> <span class='ocrx_word' id='word_1_74' title='bbox 958 1122 1012 1177; x_wconf 92' lang='lat' dir='ltr'><strong>id</strong></span> <span class='ocrx_word' id='word_1_75' title='bbox 1044 1122 1308 1192; x_wconf 85' lang='lat' dir='ltr'><strong>temporis</strong></span> <span class='ocrx_word' id='word_1_76' title='bbox 1340 1120 1572 1185; x_wconf 83' lang='lat' dir='ltr'><strong>solebat,</strong></span> <span class='ocrx_word' id='word_1_77' title='bbox 1603 1119 1667 1173; x_wconf 90' lang='lat' dir='ltr'><strong>ad</strong></span> <span class='ocrx_word' id='word_1_78' title='bbox 1695 1133 1833 1187; x_wconf 91' lang='lat' dir='ltr'><strong>quas</strong></span> <span class='ocrx_word' id='word_1_79' title='bbox 1857 1124 2012 1170; x_wconf 87' lang='lat' dir='ltr'><strong>stans</strong></span> 
     </span>
    </p>
   </div>
   <div class='ocr_carea' id='block_1_14' title="bbox 434 1207 2012 1280">
    <p class='ocr_par' dir='ltr' id='par_1_14' title="bbox 434 1207 2012 1280">
     <span class='ocr_line' id='line_1_14' title="bbox 434 1207 2012 1280; baseline -0.006 -13"><span class='ocrx_word' id='word_1_80' title='bbox 434 1213 700 1267; x_wconf 85' lang='lat' dir='ltr'><strong>diaconus</strong></span> <span class='ocrx_word' id='word_1_81' title='bbox 733 1211 1049 1280; x_wconf 67' lang='lat' dir='ltr'><strong>praefectum</strong></span> <span class='ocrx_word' id='word_1_82' title='bbox 1087 1211 1191 1264; x_wconf 91' lang='lat' dir='ltr'><strong>loci</strong></span> <span class='ocrx_word' id='word_1_83' title='bbox 1240 1210 1490 1278; x_wconf 75' lang='lat' dir='ltr'><strong>rogabat,</strong></span> <span class='ocrx_word' id='word_1_84' title='bbox 1525 1218 1586 1262; x_wconf 92' lang='lat' dir='ltr'><strong>ut</strong></span> <span class='ocrx_word' id='word_1_85' title='bbox 1617 1207 1822 1261; x_wconf 84' lang='lat' dir='ltr'><strong>ostium</strong></span> <span class='ocrx_word' id='word_1_86' title='bbox 1881 1218 2012 1272; x_wconf 85' lang='lat' dir='ltr'><strong>ape-</strong></span> 
     </span>
    </p>
   </div>
   <div class='ocr_carea' id='block_1_15' title="bbox 434 1293 2014 1372">
    <p class='ocr_par' dir='ltr' id='par_1_15' title="bbox 434 1293 2014 1372">
     <span class='ocr_line' id='line_1_15' title="bbox 434 1293 2014 1372; baseline -0.005 -16"><span class='ocrx_word' id='word_1_87' title='bbox 434 1305 594 1365; x_wconf 88' lang='lat' dir='ltr'><strong>riret,</strong></span> <span class='ocrx_word' id='word_1_88' title='bbox 653 1309 708 1356; x_wconf 89' lang='lat' dir='ltr'><strong>et</strong></span> <span class='ocrx_word' id='word_1_89' title='bbox 741 1303 947 1356; x_wconf 90' lang='lat' dir='ltr'><strong>aditum</strong></span> <span class='ocrx_word' id='word_1_90' title='bbox 994 1301 1098 1356; x_wconf 90' lang='lat' dir='ltr'><strong>sibi</strong></span> <span class='ocrx_word' id='word_1_91' title='bbox 1139 1301 1425 1372; x_wconf 65' lang='lat' dir='ltr'><strong>praeberet,</strong></span> <span class='ocrx_word' id='word_1_92' title='bbox 1456 1314 1562 1353; x_wconf 91' lang='lat' dir='ltr'><strong>neu</strong></span> <span class='ocrx_word' id='word_1_93' title='bbox 1594 1297 1862 1352; x_wconf 86' lang='lat' dir='ltr'><strong>invideret</strong></span> <span class='ocrx_word' id='word_1_94' title='bbox 1908 1293 2014 1348; x_wconf 90' lang='lat' dir='ltr'><strong>sibi</strong></span> 
     </span>
    </p>
   </div>
   <div class='ocr_carea' id='block_1_16' title="bbox 436 1388 2017 1464">
    <p class='ocr_par' dir='ltr' id='par_1_16' title="bbox 436 1388 2017 1464">
     <span class='ocr_line' id='line_1_16' title="bbox 436 1388 2017 1464; baseline -0.005 -18"><span class='ocrx_word' id='word_1_95' title='bbox 436 1408 546 1464; x_wconf 88' lang='lat' dir='ltr'><strong>quo</strong></span> <span class='ocrx_word' id='word_1_96' title='bbox 569 1391 1196 1462; x_wconf 87' lang='lat' dir='ltr'><strong>minuscorpuslavacro</strong></span> <span class='ocrx_word' id='word_1_97' title='bbox 1221 1391 1490 1445; x_wconf 77' lang='lat' dir='ltr'><strong>reﬁceret.</strong></span> <span class='ocrx_word' id='word_1_98' title='bbox 1512 1388 1610 1442; x_wconf 85' lang='lat' dir='ltr'><strong>Illo</strong></span> <span class='ocrx_word' id='word_1_99' title='bbox 1643 1402 1770 1442; x_wconf 86' lang='lat' dir='ltr'><strong>vero</strong></span> <span class='ocrx_word' id='word_1_100' title='bbox 1782 1393 2017 1440; x_wconf 87' lang='lat' dir='ltr'><strong>testante</strong></span> 
     </span>
    </p>
   </div>
   <div class='ocr_carea' id='block_1_17' title="bbox 435 1476 2017 1552">
    <p class='ocr_par' dir='ltr' id='par_1_17' title="bbox 435 1476 2017 1552">
     <span class='ocr_line' id='line_1_17' title="bbox 435 1476 2017 1552; baseline -0.005 -14"><span class='ocrx_word' id='word_1_101' title='bbox 435 1482 732 1550; x_wconf 84' lang='lat' dir='ltr'><strong>nemiuem,</strong></span> <span class='ocrx_word' id='word_1_102' title='bbox 772 1484 866 1552; x_wconf 88' lang='lat' dir='ltr'><strong>qui</strong></span> <span class='ocrx_word' id='word_1_103' title='bbox 916 1482 1060 1538; x_wconf 89' lang='lat' dir='ltr'><strong>circa</strong></span> <span class='ocrx_word' id='word_1_104' title='bbox 1119 1483 1264 1536; x_wconf 90' lang='lat' dir='ltr'><strong>illam</strong></span> <span class='ocrx_word' id='word_1_105' title='bbox 1300 1482 1491 1537; x_wconf 87' lang='lat' dir='ltr'><strong>horam</strong></span> <span class='ocrx_word' id='word_1_106' title='bbox 1541 1493 1737 1550; x_wconf 88' lang='lat' dir='ltr'><strong>aquam</strong></span> <span class='ocrx_word' id='word_1_107' title='bbox 1803 1476 2017 1547; x_wconf 82' lang='lat' dir='ltr'><strong>ingredi</strong></span> 
     </span>
    </p>
   </div>
   <div class='ocr_carea' id='block_1_18' title="bbox 437 1570 2020 1643">
    <p class='ocr_par' dir='ltr' id='par_1_18' title="bbox 437 1570 2020 1643">
     <span class='ocr_line' id='line_1_18' title="bbox 437 1570 2020 1643; baseline -0.004 -14"><span class='ocrx_word' id='word_1_108' title='bbox 437 1589 608 1636; x_wconf 77' lang='lat' dir='ltr'><strong>ausus</strong></span> <span class='ocrx_word' id='word_1_109' title='bbox 646 1583 814 1637; x_wconf 83' lang='lat' dir='ltr'><strong>esset,</strong></span> <span class='ocrx_word' id='word_1_110' title='bbox 851 1575 969 1629; x_wconf 88' lang='lat' dir='ltr'><strong>suis</strong></span> <span class='ocrx_word' id='word_1_111' title='bbox 1000 1572 1230 1643; x_wconf 87' lang='lat' dir='ltr'><strong>pedibus</strong></span> <span class='ocrx_word' id='word_1_112' title='bbox 1260 1589 1542 1629; x_wconf 83' lang='lat' dir='ltr'><strong>reversum</strong></span> <span class='ocrx_word' id='word_1_113' title='bbox 1581 1587 1728 1634; x_wconf 86' lang='lat' dir='ltr'><strong>esse,</strong></span> <span class='ocrx_word' id='word_1_114' title='bbox 1763 1570 1858 1627; x_wconf 89' lang='lat' dir='ltr'><strong>sed</strong></span> <span class='ocrx_word' id='word_1_115' title='bbox 1894 1576 2020 1640; x_wconf 88' lang='lat' dir='ltr'><strong>post</strong></span> 
     </span>
    </p>
   </div>
   <div class='ocr_carea' id='block_1_19' title="bbox 437 1664 2016 1736">
    <p class='ocr_par' dir='ltr' id='par_1_19' title="bbox 437 1664 2016 1736">
     <span class='ocr_line' id='line_1_19' title="bbox 437 1664 2016 1736; baseline -0.002 -16"><span class='ocrx_word' id='word_1_116' title='bbox 437 1681 728 1736; x_wconf 81' lang='lat' dir='ltr'><strong>vesperum</strong></span> <span class='ocrx_word' id='word_1_117' title='bbox 760 1665 1092 1722; x_wconf 80' lang='lat' dir='ltr'><strong>dannonium</strong></span> <span class='ocrx_word' id='word_1_118' title='bbox 1124 1680 1316 1721; x_wconf 74' lang='lat' dir='ltr'><strong>onitics</strong></span> <span class='ocrx_word' id='word_1_119' title='bbox 1353 1665 1407 1719; x_wconf 92' lang='lat' dir='ltr'><strong>in</strong></span> <span class='ocrx_word' id='word_1_120' title='bbox 1453 1673 1730 1736; x_wconf 85' lang='lat' dir='ltr'><strong>potestate</strong></span> <span class='ocrx_word' id='word_1_121' title='bbox 1774 1664 2016 1731; x_wconf 89' lang='lat' dir='ltr'><strong>habere,</strong></span> 
     </span>
    </p>
   </div>
   <div class='ocr_carea' id='block_1_20' title="bbox 2107 470 3694 551">
    <p class='ocr_par' dir='ltr' id='par_1_20' title="bbox 2107 470 3694 551">
     <span class='ocr_line' id='line_1_20' title="bbox 2107 470 3694 551; baseline -0.007 -17"><span class='ocrx_word' id='word_1_122' title='bbox 2107 482 2400 550; x_wconf 86' lang='grc' dir='ltr'>ἀναγκαῖον</span> <span class='ocrx_word' id='word_1_123' title='bbox 2455 479 2630 551; x_wconf 80' lang='grc' dir='ltr'><strong>ᾠήθη.</strong></span> <span class='ocrx_word' id='word_1_124' title='bbox 2702 479 3026 549; x_wconf 82' lang='grc' dir='ltr'>Ἐπεκράτει</span> <span class='ocrx_word' id='word_1_125' title='bbox 3074 475 3132 529; x_wconf 83' lang='grc' dir='ltr'><strong>δέ</strong></span> <span class='ocrx_word' id='word_1_126' title='bbox 3189 473 3331 528; x_wconf 83' lang='grc' dir='ltr'><strong>κατά</strong></span> <span class='ocrx_word' id='word_1_127' title='bbox 3388 472 3480 526; x_wconf 86' lang='grc' dir='ltr'>τὸν</span> <span class='ocrx_word' id='word_1_128' title='bbox 3531 470 3694 525; x_wconf 65' lang='grc' dir='ltr'>τόςεον</span> 
     </span>
    </p>
   </div>
   <div class='ocr_carea' id='block_1_21' title="bbox 2108 563 3694 644">
    <p class='ocr_par' dir='ltr' id='par_1_21' title="bbox 2108 563 3694 644">
     <span class='ocr_line' id='line_1_21' title="bbox 2108 563 3694 644; baseline -0.007 -17"><span class='ocrx_word' id='word_1_129' title='bbox 2108 577 2312 627; x_wconf 79' lang='grc' dir='ltr'>ἐκεῖνον</span> <span class='ocrx_word' id='word_1_130' title='bbox 2353 573 2560 644; x_wconf 87' lang='grc' dir='ltr'>δαίμων</span> <span class='ocrx_word' id='word_1_131' title='bbox 2605 589 2690 635; x_wconf 88' lang='grc' dir='ltr'><strong>τις</strong></span> <span class='ocrx_word' id='word_1_132' title='bbox 2727 568 3174 642; x_wconf 71' lang='grc' dir='ltr'>ἀνθρωποκτόνος</span> <span class='ocrx_word' id='word_1_133' title='bbox 3205 565 3588 637; x_wconf 75' lang='grc' dir='ltr'>ἐπιχωριάζων</span> <span class='ocrx_word' id='word_1_134' title='bbox 3617 563 3694 632; x_wconf 83' lang='grc' dir='ltr'>τῷ</span> 
     </span>
    </p>
   </div>
   <div class='ocr_carea' id='block_1_22' title="bbox 2107 653 3696 735">
    <p class='ocr_par' dir='ltr' id='par_1_22' title="bbox 2107 653 3696 735">
     <span class='ocr_line' id='line_1_22' title="bbox 2107 653 3696 735; baseline -0.009 -16"><span class='ocrx_word' id='word_1_135' title='bbox 2107 658 2410 734; x_wconf 78' lang='grc' dir='ltr'>λουτρῷ,οὑ</span> <span class='ocrx_word' id='word_1_136' title='bbox 2433 666 2465 734; x_wconf 80' lang='grc' dir='ltr'>ἡ</span> <span class='ocrx_word' id='word_1_137' title='bbox 2489 661 2812 735; x_wconf 83' lang='grc' dir='ltr'>φθοροποιὸς</span> <span class='ocrx_word' id='word_1_138' title='bbox 2839 660 3068 730; x_wconf 89' lang='grc' dir='ltr'>δύναμις</span> <span class='ocrx_word' id='word_1_139' title='bbox 3090 656 3311 728; x_wconf 78' lang='grc' dir='ltr'>ἐνεργὸς</span> <span class='ocrx_word' id='word_1_140' title='bbox 3343 655 3482 726; x_wconf 73' lang='grc' dir='ltr'>μετὰ</span> <span class='ocrx_word' id='word_1_141' title='bbox 3508 653 3696 716; x_wconf 80' lang='grc' dir='ltr'><strong>σκότος</strong></span> 
     </span>
    </p>
   </div>
   <div class='ocr_carea' id='block_1_23' title="bbox 2109 743 3694 824">
    <p class='ocr_par' dir='ltr' id='par_1_23' title="bbox 2109 743 3694 824">
     <span class='ocr_line' id='line_1_23' title="bbox 2109 743 3694 824; baseline -0.008 -16"><span class='ocrx_word' id='word_1_142' title='bbox 2109 755 2253 809; x_wconf 87' lang='grc' dir='ltr'>κατὰ</span> <span class='ocrx_word' id='word_1_143' title='bbox 2278 753 2387 806; x_wconf 85' lang='grc' dir='ltr'><strong>τῶν</strong></span> <span class='ocrx_word' id='word_1_144' title='bbox 2421 751 2895 824; x_wconf 77' lang='grc' dir='ltr'>προσεγγιζόντων</span> <span class='ocrx_word' id='word_1_145' title='bbox 2929 749 3165 818; x_wconf 82' lang='grc' dir='ltr'>ἐγίνετο,</span> <span class='ocrx_word' id='word_1_146' title='bbox 3196 746 3292 800; x_wconf 70' lang='grc' dir='ltr'><strong>καὶ</strong></span> <span class='ocrx_word' id='word_1_147' title='bbox 3317 744 3509 798; x_wconf 87' lang='grc' dir='ltr'>τούτου</span> <span class='ocrx_word' id='word_1_148' title='bbox 3535 743 3694 814; x_wconf 81' lang='grc' dir='ltr'><strong>χάριν</strong></span> 
     </span>
    </p>
   </div>
   <div class='ocr_carea' id='block_1_24' title="bbox 2111 835 3696 915">
    <p class='ocr_par' dir='ltr' id='par_1_24' title="bbox 2111 835 3696 915">
     <span class='ocr_line' id='line_1_24' title="bbox 2111 835 3696 915; baseline -0.009 -14"><span class='ocrx_word' id='word_1_149' title='bbox 2111 845 2308 901; x_wconf 82' lang='grc' dir='ltr'>ἄϐατον</span> <span class='ocrx_word' id='word_1_150' title='bbox 2334 844 2395 897; x_wconf 83' lang='grc' dir='ltr'>τὸ</span> <span class='ocrx_word' id='word_1_151' title='bbox 2419 844 2641 915; x_wconf 82' lang='grc' dir='ltr'>λουτρὸν</span> <span class='ocrx_word' id='word_1_152' title='bbox 2676 838 2745 914; x_wconf 80' lang='grc' dir='ltr'>ἦν</span> <span class='ocrx_word' id='word_1_153' title='bbox 2772 842 2949 895; x_wconf 82' lang='grc' dir='ltr'>ἐκεῖνο</span> <span class='ocrx_word' id='word_1_154' title='bbox 2993 842 3135 911; x_wconf 80' lang='grc' dir='ltr'><strong>μετά</strong></span> <span class='ocrx_word' id='word_1_155' title='bbox 3172 838 3272 902; x_wconf 74' lang='grc' dir='ltr'><strong>τὰς</strong></span> <span class='ocrx_word' id='word_1_156' title='bbox 3301 837 3455 909; x_wconf 75' lang='grc' dir='ltr'>ἡλίου</span> <span class='ocrx_word' id='word_1_157' title='bbox 3488 835 3696 906; x_wconf 72' lang='grc' dir='ltr'>δυσμὰς</span> 
     </span>
    </p>
   </div>
   <div class='ocr_carea' id='block_1_25' title="bbox 2113 927 3696 1007">
    <p class='ocr_par' dir='ltr' id='par_1_25' title="bbox 2113 927 3696 1007">
     <span class='ocr_line' id='line_1_25' title="bbox 2113 927 3696 1007; baseline -0.009 -16"><span class='ocrx_word' id='word_1_158' title='bbox 2113 938 2208 998; x_wconf 82' lang='grc' dir='ltr'>καὶ</span> <span class='ocrx_word' id='word_1_159' title='bbox 2258 936 2616 1007; x_wconf 84' lang='grc' dir='ltr'>ἀνενέργητον</span> <span class='ocrx_word' id='word_1_160' title='bbox 2641 953 2655 968; x_wconf 77' lang='grc' dir='ltr'><strong>ο</strong></span> <span class='ocrx_word' id='word_1_161' title='bbox 2692 927 2736 1002; x_wconf 79' lang='grc' dir='ltr'>ᾧ</span> <span class='ocrx_word' id='word_1_162' title='bbox 2778 934 3064 1006; x_wconf 71' lang='grc' dir='ltr'>παραστὰς</span> <span class='ocrx_word' id='word_1_163' title='bbox 3103 931 3256 1002; x_wconf 72' lang='grc' dir='ltr'>ἠξίου</span> <span class='ocrx_word' id='word_1_164' title='bbox 3309 930 3402 984; x_wconf 75' lang='grc' dir='ltr'>τὸν</span> <span class='ocrx_word' id='word_1_165' title='bbox 3445 931 3696 986; x_wconf 68' lang='grc' dir='ltr'>ἐπιτετας</span> 
     </span>
    </p>
   </div>
   <div class='ocr_carea' id='block_1_26' title="bbox 2113 1018 3700 1101">
    <p class='ocr_par' dir='ltr' id='par_1_26' title="bbox 2113 1018 3700 1101">
     <span class='ocr_line' id='line_1_26' title="bbox 2113 1018 3700 1101; baseline -0.007 -19"><span class='ocrx_word' id='word_1_166' title='bbox 2113 1029 2315 1100; x_wconf 78' lang='grc' dir='ltr'>γμένον</span> <span class='ocrx_word' id='word_1_167' title='bbox 2335 1027 2543 1094; x_wconf 77' lang='grc' dir='ltr'>ἀνοῖξαι</span> <span class='ocrx_word' id='word_1_168' title='bbox 2573 1026 2670 1098; x_wconf 79' lang='grc' dir='ltr'>τὴν</span> <span class='ocrx_word' id='word_1_169' title='bbox 2692 1024 2883 1098; x_wconf 83' lang='grc' dir='ltr'>θύραν,</span> <span class='ocrx_word' id='word_1_170' title='bbox 2907 1024 3088 1078; x_wconf 79' lang='grc' dir='ltr'>δοῦναί</span> <span class='ocrx_word' id='word_1_171' title='bbox 3117 1041 3176 1076; x_wconf 88' lang='grc' dir='ltr'><strong>τε</strong></span> <span class='ocrx_word' id='word_1_172' title='bbox 3206 1023 3303 1101; x_wconf 78' lang='grc' dir='ltr'>τὴν</span> <span class='ocrx_word' id='word_1_173' title='bbox 3324 1020 3524 1076; x_wconf 81' lang='grc' dir='ltr'>εἴσοδον</span> <span class='ocrx_word' id='word_1_174' title='bbox 3550 1018 3700 1090; x_wconf 77' lang='grc' dir='ltr'>αὐτῷ</span> 
     </span>
    </p>
   </div>
   <div class='ocr_carea' id='block_1_27' title="bbox 2114 1110 3697 1189">
    <p class='ocr_par' dir='ltr' id='par_1_27' title="bbox 2114 1110 3697 1189">
     <span class='ocr_line' id='line_1_27' title="bbox 2114 1110 3697 1189; baseline -0.005 -17"><span class='ocrx_word' id='word_1_175' title='bbox 2114 1121 2208 1172; x_wconf 76' lang='grc' dir='ltr'>καὶ</span> <span class='ocrx_word' id='word_1_176' title='bbox 2241 1119 2314 1189; x_wconf 81' lang='grc' dir='ltr'>μὴ</span> <span class='ocrx_word' id='word_1_177' title='bbox 2349 1118 2612 1189; x_wconf 80' lang='grc' dir='ltr'>φθονῆσαι</span> <span class='ocrx_word' id='word_1_178' title='bbox 2637 1118 2736 1188; x_wconf 81' lang='grc' dir='ltr'>τῆς</span> <span class='ocrx_word' id='word_1_179' title='bbox 2762 1118 2827 1170; x_wconf 81' lang='grc' dir='ltr'><strong>ἐκ</strong></span> <span class='ocrx_word' id='word_1_180' title='bbox 2851 1115 2946 1169; x_wconf 78' lang='grc' dir='ltr'>τοῦ</span> <span class='ocrx_word' id='word_1_181' title='bbox 2973 1113 3201 1186; x_wconf 79' lang='grc' dir='ltr'>λουτροῦ</span> <span class='ocrx_word' id='word_1_182' title='bbox 3241 1113 3559 1184; x_wconf 73' lang='grc' dir='ltr'>θεραπείας.</span> <span class='ocrx_word' id='word_1_183' title='bbox 3589 1110 3697 1164; x_wconf 81' lang='grc' dir='ltr'><strong>Τοῦ</strong></span> 
     </span>
    </p>
   </div>
   <div class='ocr_carea' id='block_1_28' title="bbox 2114 1199 3702 1280">
    <p class='ocr_par' dir='ltr' id='par_1_28' title="bbox 2114 1199 3702 1280">
     <span class='ocr_line' id='line_1_28' title="bbox 2114 1199 3702 1280; baseline -0.006 -19"><span class='ocrx_word' id='word_1_184' title='bbox 2114 1208 2170 1261; x_wconf 78' lang='grc' dir='ltr'>δὲ</span> <span class='ocrx_word' id='word_1_185' title='bbox 2202 1207 2652 1280; x_wconf 84' lang='grc' dir='ltr'>μαρτυρουμένου</span> <span class='ocrx_word' id='word_1_186' title='bbox 2685 1205 2889 1277; x_wconf 77' lang='grc' dir='ltr'>μηδένα</span> <span class='ocrx_word' id='word_1_187' title='bbox 2916 1203 3025 1257; x_wconf 87' lang='grc' dir='ltr'><strong>τῶν</strong></span> <span class='ocrx_word' id='word_1_188' title='bbox 3068 1203 3213 1257; x_wconf 88' lang='grc' dir='ltr'><strong>κατά</strong></span> <span class='ocrx_word' id='word_1_189' title='bbox 3241 1203 3342 1274; x_wconf 73' lang='grc' dir='ltr'>τὴν</span> <span class='ocrx_word' id='word_1_190' title='bbox 3374 1201 3526 1273; x_wconf 80' lang='grc' dir='ltr'>ὥραν</span> <span class='ocrx_word' id='word_1_191' title='bbox 3556 1199 3702 1254; x_wconf 82' lang='grc' dir='ltr'>ἐκεί-</span> 
     </span>
    </p>
   </div>
   <div class='ocr_carea' id='block_1_29' title="bbox 2115 1291 3704 1372">
    <p class='ocr_par' dir='ltr' id='par_1_29' title="bbox 2115 1291 3704 1372">
     <span class='ocr_line' id='line_1_29' title="bbox 2115 1291 3704 1372; baseline -0.008 -17"><span class='ocrx_word' id='word_1_192' title='bbox 2115 1319 2212 1371; x_wconf 88' lang='grc' dir='ltr'>νην</span> <span class='ocrx_word' id='word_1_193' title='bbox 2267 1299 2732 1372; x_wconf 85' lang='grc' dir='ltr'>κατατολμώντων</span> <span class='ocrx_word' id='word_1_194' title='bbox 2781 1296 2876 1351; x_wconf 81' lang='grc' dir='ltr'>τοῦ</span> <span class='ocrx_word' id='word_1_195' title='bbox 2926 1295 3121 1359; x_wconf 78' lang='grc' dir='ltr'>ὓδατος</span> <span class='ocrx_word' id='word_1_196' title='bbox 3172 1294 3321 1357; x_wconf 81' lang='grc' dir='ltr'>ίδίοις</span> <span class='ocrx_word' id='word_1_197' title='bbox 3361 1291 3704 1364; x_wconf 79' lang='grc' dir='ltr'><strong>ὑποστρέψαι</strong></span> 
     </span>
    </p>
   </div>
   <div class='ocr_carea' id='block_1_30' title="bbox 2117 1383 3705 1459">
    <p class='ocr_par' dir='ltr' id='par_1_30' title="bbox 2117 1383 3705 1459">
     <span class='ocr_line' id='line_1_30' title="bbox 2117 1383 3705 1459; baseline -0.007 -13"><span class='ocrx_word' id='word_1_198' title='bbox 2117 1393 2298 1455; x_wconf 79' lang='grc' dir='ltr'>ποσὶν,</span> <span class='ocrx_word' id='word_1_199' title='bbox 2337 1391 2475 1446; x_wconf 84' lang='grc' dir='ltr'><strong>ἀλλά</strong></span> <span class='ocrx_word' id='word_1_200' title='bbox 2508 1391 2726 1444; x_wconf 73' lang='grc' dir='ltr'>πάντων</span> <span class='ocrx_word' id='word_1_201' title='bbox 2752 1387 2890 1459; x_wconf 87' lang='grc' dir='ltr'><strong>μετά</strong></span> <span class='ocrx_word' id='word_1_202' title='bbox 2926 1388 3026 1456; x_wconf 79' lang='grc' dir='ltr'>τὴν</span> <span class='ocrx_word' id='word_1_203' title='bbox 3052 1385 3292 1456; x_wconf 76' lang='grc' dir='ltr'><strong>ἑσπέραν</strong></span> <span class='ocrx_word' id='word_1_204' title='bbox 3335 1383 3705 1454; x_wconf 72' lang='grc' dir='ltr'>κατακρατεῖν</span> 
     </span>
    </p>
   </div>
   <div class='ocr_carea' id='block_1_31' title="bbox 2118 1475 3706 1553">
    <p class='ocr_par' dir='ltr' id='par_1_31' title="bbox 2118 1475 3706 1553">
     <span class='ocr_line' id='line_1_31' title="bbox 2118 1475 3706 1553; baseline -0.004 -17"><span class='ocrx_word' id='word_1_205' title='bbox 2118 1483 2179 1536; x_wconf 82' lang='grc' dir='ltr'>τὸ</span> <span class='ocrx_word' id='word_1_206' title='bbox 2220 1482 2524 1553; x_wconf 83' lang='grc' dir='ltr'>δαιμόνιον,</span> <span class='ocrx_word' id='word_1_207' title='bbox 2568 1482 2661 1535; x_wconf 80' lang='grc' dir='ltr'>καὶ</span> <span class='ocrx_word' id='word_1_208' title='bbox 2701 1479 2928 1543; x_wconf 80' lang='grc' dir='ltr'>πολλοὺς</span> <span class='ocrx_word' id='word_1_209' title='bbox 2972 1479 3062 1532; x_wconf 82' lang='grc' dir='ltr'><strong>ὑπ’</strong></span> <span class='ocrx_word' id='word_1_210' title='bbox 3095 1477 3322 1548; x_wconf 78' lang='grc' dir='ltr'>ἀγνοίας</span> <span class='ocrx_word' id='word_1_211' title='bbox 3365 1476 3471 1547; x_wconf 65' lang='grc' dir='ltr'><strong>ἤδη</strong></span> <span class='ocrx_word' id='word_1_212' title='bbox 3510 1475 3706 1530; x_wconf 80' lang='grc' dir='ltr'>παθεῖν</span> 
     </span>
    </p>
   </div>
   <div class='ocr_carea' id='block_1_32' title="bbox 2119 1567 3704 1646">
    <p class='ocr_par' dir='ltr' id='par_1_32' title="bbox 2119 1567 3704 1646">
     <span class='ocr_line' id='line_1_32' title="bbox 2119 1567 3704 1646; baseline -0.005 -18"><span class='ocrx_word' id='word_1_213' title='bbox 2119 1574 2190 1634; x_wconf 82' lang='grc' dir='ltr'><strong>τά</strong></span> <span class='ocrx_word' id='word_1_214' title='bbox 2251 1575 2558 1644; x_wconf 85' lang='grc' dir='ltr'>ἀνήκεστα,</span> <span class='ocrx_word' id='word_1_215' title='bbox 2599 1572 2691 1636; x_wconf 71' lang='grc' dir='ltr'>οὓς</span> <span class='ocrx_word' id='word_1_216' title='bbox 2737 1571 2857 1626; x_wconf 78' lang='grc' dir='ltr'>ἀντὶ</span> <span class='ocrx_word' id='word_1_217' title='bbox 2912 1571 3013 1646; x_wconf 71' lang='grc' dir='ltr'>τῆς</span> <span class='ocrx_word' id='word_1_218' title='bbox 3067 1568 3429 1636; x_wconf 74' lang='grc' dir='ltr'>ἐλπισθείσηςὶ</span> <span class='ocrx_word' id='word_1_219' title='bbox 3469 1567 3704 1629; x_wconf 85' lang='grc' dir='ltr'>ἀνέσεως</span> 
     </span>
    </p>
   </div>
   <div class='ocr_carea' id='block_1_33' title="bbox 2125 1659 3708 1738">
    <p class='ocr_par' dir='ltr' id='par_1_33' title="bbox 2125 1659 3708 1738">
     <span class='ocr_line' id='line_1_33' title="bbox 2125 1659 3708 1738; baseline -0.006 -18"><span class='ocrx_word' id='word_1_220' title='bbox 2125 1665 2315 1738; x_wconf 79' lang='grc' dir='ltr'>θρῆνοι</span> <span class='ocrx_word' id='word_1_221' title='bbox 2341 1666 2436 1720; x_wconf 54' lang='grc' dir='ltr'><strong>καὶ⁵</strong></span> <span class='ocrx_word' id='word_1_222' title='bbox 2467 1665 2706 1736; x_wconf 73' lang='grc' dir='ltr'>οἰμωγαὶ</span> <span class='ocrx_word' id='word_1_223' title='bbox 2739 1663 3042 1729; x_wconf 69' lang='grc' dir='ltr'><strong>διεδέξαντο</strong></span> <span class='ocrx_word' id='word_1_224' title='bbox 3063 1679 3077 1700; x_wconf 60' lang='grc' dir='ltr'><strong><em>α</em></strong></span> <span class='ocrx_word' id='word_1_225' title='bbox 3111 1661 3290 1725; x_wconf 77' lang='grc' dir='ltr'>ταῦτα</span> <span class='ocrx_word' id='word_1_226' title='bbox 3337 1659 3432 1715; x_wconf 79' lang='grc' dir='ltr'>καὶ</span> <span class='ocrx_word' id='word_1_227' title='bbox 3475 1659 3545 1714; x_wconf 76' lang='grc' dir='ltr'>τὰ</span> <span class='ocrx_word' id='word_1_228' title='bbox 3595 1676 3708 1712; x_wconf 81' lang='grc' dir='ltr'>τοι-</span> 
     </span>
    </p>
   </div>
   <div class='ocr_carea' id='block_1_34' title="bbox 437 1732 2020 1828">
    <p class='ocr_par' dir='ltr' id='par_1_34' title="bbox 437 1755 2020 1828">
     <span class='ocr_line' id='line_1_34' title="bbox 437 1755 2020 1828; baseline -0.001 -16"><span class='ocrx_word' id='word_1_229' title='bbox 437 1772 504 1822; x_wconf 78' lang='lat' dir='ltr'><strong>ac</strong></span> <span class='ocrx_word' id='word_1_230' title='bbox 546 1758 746 1812; x_wconf 91' lang='lat' dir='ltr'><strong>multos</strong></span> <span class='ocrx_word' id='word_1_231' title='bbox 795 1758 906 1828; x_wconf 86' lang='lat' dir='ltr'><strong>jam</strong></span> <span class='ocrx_word' id='word_1_232' title='bbox 968 1757 1340 1827; x_wconf 88' lang='lat' dir='ltr'><strong>imprudentes</strong></span> <span class='ocrx_word' id='word_1_233' title='bbox 1388 1757 1444 1811; x_wconf 90' lang='lat' dir='ltr'><strong>in</strong></span> <span class='ocrx_word' id='word_1_234' title='bbox 1499 1756 1826 1812; x_wconf 82' lang='lat' dir='ltr'><strong>insanabilia</strong></span> <span class='ocrx_word' id='word_1_235' title='bbox 1879 1755 2020 1812; x_wconf 88' lang='lat' dir='ltr'><strong>mala</strong></span> 
     </span>
    </p>
   </div>
   <div class='ocr_carea' id='block_1_35' title="bbox 2122 1732 3709 1828">
    <p class='ocr_par' dir='ltr' id='par_1_35' title="bbox 2125 1732 3709 1827">
     <span class='ocr_line' id='line_1_35' title="bbox 2125 1732 3709 1827; baseline -0.007 -14"><span class='ocrx_word' id='word_1_236' title='bbox 2125 1732 2263 1814; x_wconf 65' lang='grc' dir='ltr'>αὑτα</span> <span class='ocrx_word' id='word_1_237' title='bbox 2314 1732 2638 1827; x_wconf 69' lang='grc' dir='ltr'>διεξιόντος,</span> <span class='ocrx_word' id='word_1_238' title='bbox 2693 1757 2844 1810; x_wconf 78' lang='grc' dir='ltr'>οὐδὲν</span> <span class='ocrx_word' id='word_1_239' title='bbox 2906 1754 3105 1826; x_wconf 78' lang='grc' dir='ltr'>μᾶλλον</span> <span class='ocrx_word' id='word_1_240' title='bbox 3163 1755 3369 1818; x_wconf 79' lang='grc' dir='ltr'>ἐκεῖνος</span> <span class='ocrx_word' id='word_1_241' title='bbox 3421 1752 3568 1820; x_wconf 80' lang='grc' dir='ltr'>δφίει</span> <span class='ocrx_word' id='word_1_242' title='bbox 3609 1751 3709 1820; x_wconf 75' lang='grc' dir='ltr'>τῆς</span> 
     </span>
    </p>
   </div>
   <div class='ocr_carea' id='block_1_36' title="bbox 437 1848 2022 1920">
    <p class='ocr_par' dir='ltr' id='par_1_36' title="bbox 437 1848 2022 1920">
     <span class='ocr_line' id='line_1_36' title="bbox 437 1848 2022 1920; baseline -0.001 -16"><span class='ocrx_word' id='word_1_243' title='bbox 437 1851 764 1914; x_wconf 72' lang='lat' dir='ltr'><strong>incurrisse,</strong></span> <span class='ocrx_word' id='word_1_244' title='bbox 801 1865 941 1919; x_wconf 92' lang='lat' dir='ltr'><strong>quos</strong></span> <span class='ocrx_word' id='word_1_245' title='bbox 982 1865 1082 1920; x_wconf 89' lang='lat' dir='ltr'><strong>pro</strong></span> <span class='ocrx_word' id='word_1_246' title='bbox 1121 1857 1341 1920; x_wconf 87' lang='lat' dir='ltr'><strong>sperato</strong></span> <span class='ocrx_word' id='word_1_247' title='bbox 1372 1849 1640 1904; x_wconf 87' lang='lat' dir='ltr'><strong>levamine</strong></span> <span class='ocrx_word' id='word_1_248' title='bbox 1673 1848 2022 1903; x_wconf 87' lang='lat' dir='ltr'><strong>lamentatio-</strong></span> 
     </span>
    </p>
   </div>
   <div class='ocr_carea' id='block_1_37' title="bbox 437 1939 2023 2013">
    <p class='ocr_par' dir='ltr' id='par_1_37' title="bbox 437 1939 2023 2013">
     <span class='ocr_line' id='line_1_37' title="bbox 437 1939 2023 2013; baseline -0.004 -15"><span class='ocrx_word' id='word_1_249' title='bbox 437 1954 538 1998; x_wconf 76' lang='lat' dir='ltr'><strong>nes</strong></span> <span class='ocrx_word' id='word_1_250' title='bbox 567 1947 623 1994; x_wconf 86' lang='lat' dir='ltr'><strong>et</strong></span> <span class='ocrx_word' id='word_1_251' title='bbox 669 1940 981 2010; x_wconf 64' lang='lat' dir='ltr'><strong>sepulturae,</strong></span> <span class='ocrx_word' id='word_1_252' title='bbox 1013 1948 1067 1996; x_wconf 92' lang='lat' dir='ltr'><strong>et</strong></span> <span class='ocrx_word' id='word_1_253' title='bbox 1110 1941 1346 2011; x_wconf 82' lang='lat' dir='ltr'><strong>gemitus</strong></span> <span class='ocrx_word' id='word_1_254' title='bbox 1386 1948 1764 2013; x_wconf 81' lang='lat' dir='ltr'><strong>exceperunt:</strong></span> <span class='ocrx_word' id='word_1_255' title='bbox 1806 1939 1921 1994; x_wconf 64' lang='lat' dir='ltr'><strong>haec</strong></span> <span class='ocrx_word' id='word_1_256' title='bbox 1967 1945 2023 1995; x_wconf 89' lang='lat' dir='ltr'><strong>et</strong></span> 
     </span>
    </p>
   </div>
   <div class='ocr_carea' id='block_1_38' title="bbox 437 2032 2022 2106">
    <p class='ocr_par' dir='ltr' id='par_1_38' title="bbox 437 2032 2022 2106">
     <span class='ocr_line' id='line_1_38' title="bbox 437 2032 2022 2106; baseline -0.005 -13"><span class='ocrx_word' id='word_1_257' title='bbox 437 2032 709 2103; x_wconf 68' lang='lat' dir='ltr'><strong>ejusmodi</strong></span> <span class='ocrx_word' id='word_1_258' title='bbox 736 2033 1052 2090; x_wconf 88' lang='lat' dir='ltr'><strong>balneatore</strong></span> <span class='ocrx_word' id='word_1_259' title='bbox 1079 2032 1319 2097; x_wconf 88' lang='lat' dir='ltr'><strong>dicente,</strong></span> <span class='ocrx_word' id='word_1_260' title='bbox 1346 2033 1518 2088; x_wconf 83' lang='lat' dir='ltr'><strong>nihilo</strong></span> <span class='ocrx_word' id='word_1_261' title='bbox 1541 2034 1714 2106; x_wconf 89' lang='lat' dir='ltr'><strong>magis</strong></span> <span class='ocrx_word' id='word_1_262' title='bbox 1745 2033 1832 2088; x_wconf 91' lang='lat' dir='ltr'><strong>ille</strong></span> <span class='ocrx_word' id='word_1_263' title='bbox 1865 2032 2022 2104; x_wconf 89' lang='lat' dir='ltr'><strong>quid-</strong></span> 
     </span>
    </p>
   </div>
   <div class='ocr_carea' id='block_1_39' title="bbox 438 2123 2022 2195">
    <p class='ocr_par' dir='ltr' id='par_1_39' title="bbox 438 2123 2022 2195">
     <span class='ocr_line' id='line_1_39' title="bbox 438 2123 2022 2195; baseline 0.001 -19"><span class='ocrx_word' id='word_1_264' title='bbox 438 2138 604 2193; x_wconf 84' lang='lat' dir='ltr'><strong>quam</strong></span> <span class='ocrx_word' id='word_1_265' title='bbox 633 2123 701 2178; x_wconf 91' lang='lat' dir='ltr'><strong>de</strong></span> <span class='ocrx_word' id='word_1_266' title='bbox 735 2123 1035 2195; x_wconf 84' lang='lat' dir='ltr'><strong>cupiditate</strong></span> <span class='ocrx_word' id='word_1_267' title='bbox 1069 2125 1381 2180; x_wconf 87' lang='lat' dir='ltr'><strong>remittebat</strong></span> <span class='ocrx_word' id='word_1_268' title='bbox 1414 2143 1428 2178; x_wconf 92' lang='lat'>:</span> <span class='ocrx_word' id='word_1_269' title='bbox 1463 2126 1556 2181; x_wconf 92' lang='lat' dir='ltr'><strong>sed</strong></span> <span class='ocrx_word' id='word_1_270' title='bbox 1605 2125 1844 2179; x_wconf 84' lang='lat' dir='ltr'><strong>instabat</strong></span> <span class='ocrx_word' id='word_1_271' title='bbox 1873 2124 2022 2178; x_wconf 87' lang='lat' dir='ltr'><strong>omni</strong></span> 
     </span>
    </p>
   </div>
   <div class='ocr_carea' id='block_1_40' title="bbox 439 2215 2024 2286">
    <p class='ocr_par' dir='ltr' id='par_1_40' title="bbox 439 2215 2024 2286">
     <span class='ocr_line' id='line_1_40' title="bbox 439 2215 2024 2286; baseline 0.002 -19"><span class='ocrx_word' id='word_1_272' title='bbox 439 2215 600 2269; x_wconf 87' lang='lat' dir='ltr'><strong>modo</strong></span> <span class='ocrx_word' id='word_1_273' title='bbox 633 2231 836 2286; x_wconf 89' lang='lat' dir='ltr'><strong>urgens</strong></span> <span class='ocrx_word' id='word_1_274' title='bbox 877 2231 1025 2280; x_wconf 90' lang='lat' dir='ltr'><strong>eum,</strong></span> <span class='ocrx_word' id='word_1_275' title='bbox 1063 2223 1121 2272; x_wconf 91' lang='lat' dir='ltr'><strong>ut</strong></span> <span class='ocrx_word' id='word_1_276' title='bbox 1155 2231 1214 2271; x_wconf 91' lang='lat' dir='ltr'><strong>se</strong></span> <span class='ocrx_word' id='word_1_277' title='bbox 1249 2216 1657 2270; x_wconf 88' lang='lat' dir='ltr'><strong>intromitteret.</strong></span> <span class='ocrx_word' id='word_1_278' title='bbox 1695 2218 1764 2269; x_wconf 80' lang='lat' dir='ltr'><strong>At</strong></span> <span class='ocrx_word' id='word_1_279' title='bbox 1806 2216 2024 2271; x_wconf 85' lang='lat' dir='ltr'><strong>balnea-</strong></span> 
     </span>
    </p>
   </div>
   <div class='ocr_carea' id='block_1_41' title="bbox 439 2304 2025 2376">
    <p class='ocr_par' dir='ltr' id='par_1_41' title="bbox 439 2304 2025 2376">
     <span class='ocr_line' id='line_1_41' title="bbox 439 2304 2025 2376; baseline -0.001 -18"><span class='ocrx_word' id='word_1_280' title='bbox 439 2313 529 2360; x_wconf 90' lang='lat' dir='ltr'><strong>tor</strong></span> <span class='ocrx_word' id='word_1_281' title='bbox 579 2307 635 2360; x_wconf 93' lang='lat' dir='ltr'><strong>in</strong></span> <span class='ocrx_word' id='word_1_282' title='bbox 679 2306 836 2360; x_wconf 88' lang='lat' dir='ltr'><strong>lucro</strong></span> <span class='ocrx_word' id='word_1_283' title='bbox 875 2321 1121 2376; x_wconf 89' lang='lat' dir='ltr'><strong>ponens,</strong></span> <span class='ocrx_word' id='word_1_284' title='bbox 1162 2306 1210 2362; x_wconf 92' lang='lat' dir='ltr'><strong>si</strong></span> <span class='ocrx_word' id='word_1_285' title='bbox 1257 2321 1369 2362; x_wconf 82' lang='lat' dir='ltr'><strong>non</strong></span> <span class='ocrx_word' id='word_1_286' title='bbox 1421 2321 1528 2360; x_wconf 90' lang='lat' dir='ltr'><strong>una</strong></span> <span class='ocrx_word' id='word_1_287' title='bbox 1583 2320 1708 2359; x_wconf 87' lang='lat' dir='ltr'><strong>cum</strong></span> <span class='ocrx_word' id='word_1_288' title='bbox 1771 2304 2025 2373; x_wconf 88' lang='lat' dir='ltr'><strong>imperito</strong></span> 
     </span>
    </p>
   </div>
   <div class='ocr_carea' id='block_1_42' title="bbox 441 2394 2023 2465">
    <p class='ocr_par' dir='ltr' id='par_1_42' title="bbox 441 2394 2023 2465">
     <span class='ocr_line' id='line_1_42' title="bbox 441 2394 2023 2465; baseline 0.003 -19"><span class='ocrx_word' id='word_1_289' title='bbox 441 2395 656 2464; x_wconf 75' lang='lat' dir='ltr'><strong>hospite</strong></span> <span class='ocrx_word' id='word_1_290' title='bbox 694 2397 1116 2465; x_wconf 82' lang='lat' dir='ltr'><strong>periclitaretur,</strong></span> <span class='ocrx_word' id='word_1_291' title='bbox 1153 2412 1277 2450; x_wconf 86' lang='lat' dir='ltr'><strong>cum</strong></span> <span class='ocrx_word' id='word_1_292' title='bbox 1321 2396 1528 2450; x_wconf 81' lang='lat' dir='ltr'><strong>clavem</strong></span> <span class='ocrx_word' id='word_1_293' title='bbox 1575 2397 1624 2451; x_wconf 92' lang='lat' dir='ltr'><strong>ei</strong></span> <span class='ocrx_word' id='word_1_294' title='bbox 1672 2394 2023 2460; x_wconf 83' lang='lat' dir='ltr'><strong>tradidisset,</strong></span> 
     </span>
    </p>
   </div>
   <div class='ocr_carea' id='block_1_43' title="bbox 442 2488 2025 2558">
    <p class='ocr_par' dir='ltr' id='par_1_43' title="bbox 442 2488 2025 2558">
     <span class='ocr_line' id='line_1_43' title="bbox 442 2488 2025 2558; baseline 0.001 -17"><span class='ocrx_word' id='word_1_295' title='bbox 442 2489 635 2556; x_wconf 83' lang='lat' dir='ltr'><strong>procul</strong></span> <span class='ocrx_word' id='word_1_296' title='bbox 664 2503 694 2541; x_wconf 88' lang='lat' dir='ltr'><strong>a</strong></span> <span class='ocrx_word' id='word_1_297' title='bbox 728 2489 946 2544; x_wconf 87' lang='lat' dir='ltr'><strong>lavacro</strong></span> <span class='ocrx_word' id='word_1_298' title='bbox 971 2489 1237 2556; x_wconf 82' lang='lat' dir='ltr'><strong>discedit;</strong></span> <span class='ocrx_word' id='word_1_299' title='bbox 1267 2499 1621 2558; x_wconf 80' lang='lat' dir='ltr'><strong>posteaquam</strong></span> <span class='ocrx_word' id='word_1_300' title='bbox 1653 2497 1837 2544; x_wconf 91' lang='lat' dir='ltr'><strong>autem</strong></span> <span class='ocrx_word' id='word_1_301' title='bbox 1857 2488 2025 2543; x_wconf 89' lang='lat' dir='ltr'><strong>nuda-</strong></span> 
     </span>
    </p>
   </div>
   <div class='ocr_carea' id='block_1_44' title="bbox 443 2578 2025 2650">
    <p class='ocr_par' dir='ltr' id='par_1_44' title="bbox 443 2578 2025 2650">
     <span class='ocr_line' id='line_1_44' title="bbox 443 2578 2025 2650; baseline -0.001 -18"><span class='ocrx_word' id='word_1_302' title='bbox 443 2588 533 2634; x_wconf 91' lang='lat' dir='ltr'><strong>tus</strong></span> <span class='ocrx_word' id='word_1_303' title='bbox 559 2578 710 2633; x_wconf 91' lang='lat' dir='ltr'><strong>intus</strong></span> <span class='ocrx_word' id='word_1_304' title='bbox 747 2587 886 2644; x_wconf 88' lang='lat' dir='ltr'><strong>erat,</strong></span> <span class='ocrx_word' id='word_1_305' title='bbox 948 2579 1279 2650; x_wconf 87' lang='lat' dir='ltr'><strong>multiplices</strong></span> <span class='ocrx_word' id='word_1_306' title='bbox 1335 2579 1588 2649; x_wconf 65' lang='lat' dir='ltr'><strong>quaedam</strong></span> <span class='ocrx_word' id='word_1_307' title='bbox 1644 2587 1919 2635; x_wconf 85' lang='lat' dir='ltr'><strong>terrorum</strong></span> <span class='ocrx_word' id='word_1_308' title='bbox 1969 2585 2025 2636; x_wconf 87' lang='lat' dir='ltr'><strong>et</strong></span> 
     </span>
    </p>
   </div>
   <div class='ocr_carea' id='block_1_45' title="bbox 441 2669 2022 2734">
    <p class='ocr_par' dir='ltr' id='par_1_45' title="bbox 441 2669 2022 2734">
     <span class='ocr_line' id='line_1_45' title="bbox 441 2669 2022 2734; baseline 0.001 -12"><span class='ocrx_word' id='word_1_309' title='bbox 441 2670 868 2725; x_wconf 86' lang='lat' dir='ltr'><strong>eoneussionum</strong></span> <span class='ocrx_word' id='word_1_310' title='bbox 920 2671 1164 2725; x_wconf 68' lang='lat' dir='ltr'><strong>materia:</strong></span> <span class='ocrx_word' id='word_1_311' title='bbox 1217 2685 1248 2724; x_wconf 89' lang='lat' dir='ltr'><strong>a</strong></span> <span class='ocrx_word' id='word_1_312' title='bbox 1281 2670 1551 2724; x_wconf 59' lang='lat' dir='ltr'><strong>daemonio</strong></span> <span class='ocrx_word' id='word_1_313' title='bbox 1587 2669 2022 2734; x_wconf 88' lang='lat' dir='ltr'><strong>instruebantur,</strong></span> 
     </span>
    </p>
   </div>
   <div class='ocr_carea' id='block_1_46' title="bbox 443 2761 2026 2832">
    <p class='ocr_par' dir='ltr' id='par_1_46' title="bbox 443 2761 2026 2832">
     <span class='ocr_line' id='line_1_46' title="bbox 443 2761 2026 2832; baseline -0.001 -14"><span class='ocrx_word' id='word_1_314' title='bbox 443 2769 658 2832; x_wconf 81' lang='lat' dir='ltr'><strong>spectra</strong></span> <span class='ocrx_word' id='word_1_315' title='bbox 694 2762 975 2832; x_wconf 81' lang='lat' dir='ltr'><strong>variaigni</strong></span> <span class='ocrx_word' id='word_1_316' title='bbox 1009 2772 1064 2817; x_wconf 89' lang='lat' dir='ltr'><strong>et</strong></span> <span class='ocrx_word' id='word_1_317' title='bbox 1087 2761 1240 2816; x_wconf 80' lang='lat' dir='ltr'><strong>fumo</strong></span> <span class='ocrx_word' id='word_1_318' title='bbox 1275 2764 1492 2818; x_wconf 90' lang='lat' dir='ltr'><strong>tnistam</strong></span> <span class='ocrx_word' id='word_1_319' title='bbox 1517 2770 1772 2817; x_wconf 88' lang='lat' dir='ltr'><strong>naturam</strong></span> <span class='ocrx_word' id='word_1_320' title='bbox 1812 2777 1923 2832; x_wconf 61' lang='lat' dir='ltr'><strong>prae</strong></span> <span class='ocrx_word' id='word_1_321' title='bbox 1964 2777 2026 2818; x_wconf 89' lang='lat' dir='ltr'><strong>se</strong></span> 
     </span>
    </p>
   </div>
   <div class='ocr_carea' id='block_1_47' title="bbox 444 2852 2023 2918">
    <p class='ocr_par' dir='ltr' id='par_1_47' title="bbox 444 2852 2023 2918">
     <span class='ocr_line' id='line_1_47' title="bbox 444 2852 2023 2918; baseline 0.001 -12"><span class='ocrx_word' id='word_1_322' title='bbox 444 2853 700 2918; x_wconf 77' lang='lat' dir='ltr'><strong>ferentia,</strong></span> <span class='ocrx_word' id='word_1_323' title='bbox 745 2852 801 2906; x_wconf 91' lang='lat' dir='ltr'><strong>in</strong></span> <span class='ocrx_word' id='word_1_324' title='bbox 847 2856 1022 2906; x_wconf 74' lang='lat' dir='ltr'><strong>ternm</strong></span> <span class='ocrx_word' id='word_1_325' title='bbox 1071 2853 1354 2908; x_wconf 81' lang='lat' dir='ltr'><strong>hominum</strong></span> <span class='ocrx_word' id='word_1_326' title='bbox 1385 2865 1438 2908; x_wconf 85' lang='lat' dir='ltr'><strong>et</strong></span> <span class='ocrx_word' id='word_1_327' title='bbox 1458 2854 1698 2910; x_wconf 81' lang='lat' dir='ltr'><strong>ferarum</strong></span> <span class='ocrx_word' id='word_1_328' title='bbox 1729 2853 1907 2910; x_wconf 89' lang='lat' dir='ltr'><strong>oculis</strong></span> <span class='ocrx_word' id='word_1_329' title='bbox 1939 2853 2023 2908; x_wconf 87' lang='lat' dir='ltr'><strong>in-</strong></span> 
     </span>
    </p>
   </div>
   <div class='ocr_carea' id='block_1_48' title="bbox 441 2943 2026 3016">
    <p class='ocr_par' dir='ltr' id='par_1_48' title="bbox 441 2943 2026 3016">
     <span class='ocr_line' id='line_1_48' title="bbox 441 2943 2026 3016; baseline 0.001 -18"><span class='ocrx_word' id='word_1_330' title='bbox 441 2943 703 3006; x_wconf 71' lang='lat' dir='ltr'><strong>cidentia,</strong></span> <span class='ocrx_word' id='word_1_331' title='bbox 721 2943 947 2999; x_wconf 82' lang='lat' dir='ltr'><strong>auribus</strong></span> <span class='ocrx_word' id='word_1_332' title='bbox 961 2944 1295 3006; x_wconf 88' lang='lat' dir='ltr'><strong>insonantia,</strong></span> <span class='ocrx_word' id='word_1_333' title='bbox 1313 2944 1560 3000; x_wconf 85' lang='lat' dir='ltr'><strong>anhelitu</strong></span> <span class='ocrx_word' id='word_1_334' title='bbox 1581 2945 2026 3016; x_wconf 64' lang='lat' dir='ltr'><strong>appropinquatio</strong></span> 
     </span>
    </p>
   </div>
   <div class='ocr_carea' id='block_1_49' title="bbox 2121 1845 3707 1922">
    <p class='ocr_par' dir='ltr' id='par_1_49' title="bbox 2121 1845 3707 1922">
     <span class='ocr_line' id='line_1_49' title="bbox 2121 1845 3707 1922; baseline -0.007 -16"><span class='ocrx_word' id='word_1_335' title='bbox 2121 1850 2451 1922; x_wconf 81' lang='grc' dir='ltr'>ἐπιθυμίας,</span> <span class='ocrx_word' id='word_1_336' title='bbox 2499 1849 2615 1903; x_wconf 84' lang='grc' dir='ltr'>ἀλλ’</span> <span class='ocrx_word' id='word_1_337' title='bbox 2676 1849 2919 1902; x_wconf 84' lang='grc' dir='ltr'>ἐνέκειτο</span> <span class='ocrx_word' id='word_1_338' title='bbox 2971 1847 3137 1900; x_wconf 74' lang='grc' dir='ltr'>παντὶ</span> <span class='ocrx_word' id='word_1_339' title='bbox 3186 1845 3372 1917; x_wconf 74' lang='grc' dir='ltr'>τρόπῳ</span> <span class='ocrx_word' id='word_1_340' title='bbox 3435 1859 3707 1911; x_wconf 79' lang='grc' dir='ltr'>καταναγ-</span> 
     </span>
    </p>
   </div>
   <div class='ocr_carea' id='block_1_50' title="bbox 2122 1934 3712 2012">
    <p class='ocr_par' dir='ltr' id='par_1_50' title="bbox 2122 1934 3712 2012">
     <span class='ocr_line' id='line_1_50' title="bbox 2122 1934 3712 2012; baseline -0.007 -14"><span class='ocrx_word' id='word_1_341' title='bbox 2122 1943 2304 2008; x_wconf 78' lang='grc' dir='ltr'>κάζων</span> <span class='ocrx_word' id='word_1_342' title='bbox 2344 1943 2528 2006; x_wconf 84' lang='grc' dir='ltr'>αὑτὸν,</span> <span class='ocrx_word' id='word_1_343' title='bbox 2571 1943 2652 2005; x_wconf 81' lang='grc' dir='ltr'><strong>είς</strong></span> <span class='ocrx_word' id='word_1_344' title='bbox 2687 1941 2757 1998; x_wconf 85' lang='grc' dir='ltr'><strong>τά</strong></span> <span class='ocrx_word' id='word_1_345' title='bbox 2791 1941 2941 2005; x_wconf 69' lang='grc' dir='ltr'>ἐντὸς</span> <span class='ocrx_word' id='word_1_346' title='bbox 2975 1937 3400 2012; x_wconf 79' lang='grc' dir='ltr'>παραδέξασθαι.</span> <span class='ocrx_word' id='word_1_347' title='bbox 3447 1937 3506 1990; x_wconf 86' lang='lat'><strong>&#39;0</strong></span> <span class='ocrx_word' id='word_1_348' title='bbox 3555 1937 3611 1988; x_wconf 87' lang='grc' dir='ltr'><strong>δέ</strong></span> <span class='ocrx_word' id='word_1_349' title='bbox 3644 1934 3712 1988; x_wconf 80' lang='grc' dir='ltr'><strong>τδ</strong></span> 
     </span>
    </p>
   </div>
   <div class='ocr_carea' id='block_1_51' title="bbox 2126 2026 3710 2106">
    <p class='ocr_par' dir='ltr' id='par_1_51' title="bbox 2126 2026 3710 2106">
     <span class='ocr_line' id='line_1_51' title="bbox 2126 2026 3710 2106; baseline -0.004 -19"><span class='ocrx_word' id='word_1_350' title='bbox 2126 2036 2202 2106; x_wconf 77' lang='grc' dir='ltr'>μὴ</span> <span class='ocrx_word' id='word_1_351' title='bbox 2260 2032 2704 2102; x_wconf 72' lang='grc' dir='ltr'>ωγκινδυνεῦσαι</span> <span class='ocrx_word' id='word_1_352' title='bbox 2757 2034 2824 2104; x_wconf 78' lang='grc' dir='ltr'>τῇ</span> <span class='ocrx_word' id='word_1_353' title='bbox 2880 2030 3076 2102; x_wconf 78' lang='grc' dir='ltr'>ἀγνοίᾳ</span> <span class='ocrx_word' id='word_1_354' title='bbox 3124 2029 3222 2084; x_wconf 79' lang='grc' dir='ltr'>τοῦ</span> <span class='ocrx_word' id='word_1_355' title='bbox 3277 2028 3430 2093; x_wconf 83' lang='grc' dir='ltr'>ξένου</span> <span class='ocrx_word' id='word_1_356' title='bbox 3455 2068 3472 2090; x_wconf 88' lang='grc'><strong>,</strong></span> <span class='ocrx_word' id='word_1_357' title='bbox 3518 2026 3710 2095; x_wconf 81' lang='grc' dir='ltr'>κέρδος</span> 
     </span>
    </p>
   </div>
   <div class='ocr_carea' id='block_1_52' title="bbox 2124 2117 3706 2195">
    <p class='ocr_par' dir='ltr' id='par_1_52' title="bbox 2124 2117 3706 2195">
     <span class='ocr_line' id='line_1_52' title="bbox 2124 2117 3706 2195; baseline -0.004 -20"><span class='ocrx_word' id='word_1_358' title='bbox 2124 2123 2476 2195; x_wconf 83' lang='grc' dir='ltr'>ποιούμενος,</span> <span class='ocrx_word' id='word_1_359' title='bbox 2549 2122 2649 2192; x_wconf 75' lang='grc' dir='ltr'>τὴν</span> <span class='ocrx_word' id='word_1_360' title='bbox 2699 2121 2847 2175; x_wconf 81' lang='grc' dir='ltr'>κλεῖν</span> <span class='ocrx_word' id='word_1_361' title='bbox 2910 2122 2998 2174; x_wconf 82' lang='grc' dir='ltr'>ἐπ’</span> <span class='ocrx_word' id='word_1_362' title='bbox 3046 2119 3197 2190; x_wconf 86' lang='grc' dir='ltr'><strong>αὑτῷ</strong></span> <span class='ocrx_word' id='word_1_363' title='bbox 3253 2135 3385 2188; x_wconf 67' lang='lat' dir='ltr'><strong>mm</strong></span> <span class='ocrx_word' id='word_1_364' title='bbox 3440 2117 3706 2186; x_wconf 81' lang='grc' dir='ltr'>σάμενος,</span> 
     </span>
    </p>
   </div>
   <div class='ocr_carea' id='block_1_53' title="bbox 2125 2207 3708 2287">
    <p class='ocr_par' dir='ltr' id='par_1_53' title="bbox 2125 2207 3708 2287">
     <span class='ocr_line' id='line_1_53' title="bbox 2125 2207 3708 2287; baseline -0.006 -19"><span class='ocrx_word' id='word_1_365' title='bbox 2125 2215 2316 2287; x_wconf 66' lang='grc' dir='ltr'>πόρρω</span> <span class='ocrx_word' id='word_1_366' title='bbox 2363 2213 2460 2268; x_wconf 76' lang='grc' dir='ltr'>τοῦ</span> <span class='ocrx_word' id='word_1_367' title='bbox 2503 2212 2727 2283; x_wconf 79' lang='grc' dir='ltr'>λουτροῦ</span> <span class='ocrx_word' id='word_1_368' title='bbox 2771 2211 3200 2266; x_wconf 80' lang='grc' dir='ltr'>ἀπαλλάσσεται.</span> <span class='ocrx_word' id='word_1_369' title='bbox 3249 2209 3470 2276; x_wconf 79' lang='grc' dir='ltr'>Ἐπειδὴ</span> <span class='ocrx_word' id='word_1_370' title='bbox 3515 2207 3572 2260; x_wconf 88' lang='grc' dir='ltr'><strong>δέ</strong></span> <span class='ocrx_word' id='word_1_371' title='bbox 3608 2224 3708 2276; x_wconf 85' lang='grc' dir='ltr'>γυ-</span> 
     </span>
    </p>
   </div>
   <div class='ocr_carea' id='block_1_54' title="bbox 2128 2301 3710 2378">
    <p class='ocr_par' dir='ltr' id='par_1_54' title="bbox 2128 2301 3710 2378">
     <span class='ocr_line' id='line_1_54' title="bbox 2128 2301 3710 2378; baseline -0.005 -18"><span class='ocrx_word' id='word_1_372' title='bbox 2128 2306 2360 2378; x_wconf 75' lang='grc' dir='ltr'>μνωθεὶς</span> <span class='ocrx_word' id='word_1_373' title='bbox 2393 2305 2544 2369; x_wconf 79' lang='grc' dir='ltr'>ἐντὸς</span> <span class='ocrx_word' id='word_1_374' title='bbox 2571 2301 2660 2376; x_wconf 83' lang='grc' dir='ltr'>ἦν,</span> <span class='ocrx_word' id='word_1_375' title='bbox 2699 2304 3025 2376; x_wconf 87' lang='grc' dir='ltr'>πολύτροποί</span> <span class='ocrx_word' id='word_1_376' title='bbox 3054 2319 3198 2366; x_wconf 87' lang='grc' dir='ltr'>τινες</span> <span class='ocrx_word' id='word_1_377' title='bbox 3227 2301 3410 2370; x_wconf 88' lang='grc' dir='ltr'>φόϐων</span> <span class='ocrx_word' id='word_1_378' title='bbox 3446 2301 3541 2354; x_wconf 75' lang='grc' dir='ltr'>καὶ</span> <span class='ocrx_word' id='word_1_379' title='bbox 3577 2316 3710 2360; x_wconf 75' lang='grc' dir='ltr'>κατ-</span> 
     </span>
    </p>
   </div>
   <div class='ocr_carea' id='block_1_55' title="bbox 2124 2392 3712 2466">
    <p class='ocr_par' dir='ltr' id='par_1_55' title="bbox 2124 2392 3712 2466">
     <span class='ocr_line' id='line_1_55' title="bbox 2124 2392 3712 2466; baseline -0.004 -16"><span class='ocrx_word' id='word_1_380' title='bbox 2124 2396 2411 2466; x_wconf 79' lang='grc' dir='ltr'>απλήξεων</span> <span class='ocrx_word' id='word_1_381' title='bbox 2449 2395 2697 2466; x_wconf 75' lang='grc' dir='ltr'>ἀφορμαὶ</span> <span class='ocrx_word' id='word_1_382' title='bbox 2737 2394 2889 2465; x_wconf 81' lang='grc' dir='ltr'>παρὰ</span> <span class='ocrx_word' id='word_1_383' title='bbox 2929 2393 3026 2448; x_wconf 80' lang='grc' dir='ltr'>τοῦ</span> <span class='ocrx_word' id='word_1_384' title='bbox 3065 2393 3344 2465; x_wconf 85' lang='grc' dir='ltr'>δαιμονίου</span> <span class='ocrx_word' id='word_1_385' title='bbox 3391 2392 3712 2445; x_wconf 84' lang='grc' dir='ltr'>συνεσκευά-</span> 
     </span>
    </p>
   </div>
   <div class='ocr_carea' id='block_1_56' title="bbox 2125 2485 3710 2560">
    <p class='ocr_par' dir='ltr' id='par_1_56' title="bbox 2125 2485 3710 2560">
     <span class='ocr_line' id='line_1_56' title="bbox 2125 2485 3710 2560; baseline -0.003 -17"><span class='ocrx_word' id='word_1_386' title='bbox 2125 2489 2298 2554; x_wconf 79' lang='grc' dir='ltr'>ζοντο,</span> <span class='ocrx_word' id='word_1_387' title='bbox 2333 2490 2598 2560; x_wconf 79' lang='grc' dir='ltr'>φάσματα</span> <span class='ocrx_word' id='word_1_388' title='bbox 2655 2489 2975 2544; x_wconf 88' lang='grc' dir='ltr'>παντοδαπά</span> <span class='ocrx_word' id='word_1_389' title='bbox 3007 2488 3141 2559; x_wconf 76' lang='grc' dir='ltr'>πυρὶ</span> <span class='ocrx_word' id='word_1_390' title='bbox 3189 2487 3284 2542; x_wconf 77' lang='grc' dir='ltr'>καὶ</span> <span class='ocrx_word' id='word_1_391' title='bbox 3325 2485 3520 2556; x_wconf 85' lang='grc' dir='ltr'>καπνῷ</span> <span class='ocrx_word' id='word_1_392' title='bbox 3554 2503 3710 2556; x_wconf 81' lang='grc' dir='ltr'>μεμι-</span> 
     </span>
    </p>
   </div>
   <div class='ocr_carea' id='block_1_57' title="bbox 2125 2577 3710 2654">
    <p class='ocr_par' dir='ltr' id='par_1_57' title="bbox 2125 2577 3710 2654">
     <span class='ocr_line' id='line_1_57' title="bbox 2125 2577 3710 2654; baseline -0.004 -18"><span class='ocrx_word' id='word_1_393' title='bbox 2125 2583 2336 2654; x_wconf 75' lang='grc' dir='ltr'>γμένην</span> <span class='ocrx_word' id='word_1_394' title='bbox 2357 2583 2457 2653; x_wconf 79' lang='grc' dir='ltr'>τὴν</span> <span class='ocrx_word' id='word_1_395' title='bbox 2503 2581 2668 2651; x_wconf 82' lang='grc' dir='ltr'>φύσιν</span> <span class='ocrx_word' id='word_1_396' title='bbox 2692 2581 3136 2652; x_wconf 82' lang='grc' dir='ltr'>ἐπιδεικνύμενα,</span> <span class='ocrx_word' id='word_1_397' title='bbox 3179 2582 3238 2633; x_wconf 83' lang='grc' dir='ltr'><strong>ἐν</strong></span> <span class='ocrx_word' id='word_1_398' title='bbox 3271 2577 3575 2649; x_wconf 73' lang='grc' dir='ltr'>ἀνθρώπιον</span> <span class='ocrx_word' id='word_1_399' title='bbox 3612 2577 3710 2630; x_wconf 70' lang='grc' dir='ltr'><strong>καὶ</strong></span> 
     </span>
    </p>
   </div>
   <div class='ocr_carea' id='block_1_58' title="bbox 2126 2671 3710 2745">
    <p class='ocr_par' dir='ltr' id='par_1_58' title="bbox 2126 2671 3710 2745">
     <span class='ocr_line' id='line_1_58' title="bbox 2126 2671 3710 2745; baseline -0.003 -19"><span class='ocrx_word' id='word_1_400' title='bbox 2126 2673 2331 2745; x_wconf 85' lang='grc' dir='ltr'>θηριων</span> <span class='ocrx_word' id='word_1_401' title='bbox 2403 2675 2585 2744; x_wconf 80' lang='grc' dir='ltr'>μορφῇ</span> <span class='ocrx_word' id='word_1_402' title='bbox 2641 2675 2755 2734; x_wconf 84' lang='grc' dir='ltr'>τοῖς</span> <span class='ocrx_word' id='word_1_403' title='bbox 2813 2672 3112 2744; x_wconf 84' lang='grc' dir='ltr'>ὀφθαλμοῖς</span> <span class='ocrx_word' id='word_1_404' title='bbox 3165 2671 3510 2741; x_wconf 71' lang='grc' dir='ltr'>ἐμπίπτοντα</span> <span class='ocrx_word' id='word_1_405' title='bbox 3537 2712 3552 2735; x_wconf 94' lang='grc'><strong>,</strong></span> <span class='ocrx_word' id='word_1_406' title='bbox 3587 2671 3710 2730; x_wconf 79' lang='grc' dir='ltr'>ταῖς</span> 
     </span>
    </p>
   </div>
   <div class='ocr_carea' id='block_1_59' title="bbox 2126 2760 3711 2834">
    <p class='ocr_par' dir='ltr' id='par_1_59' title="bbox 2126 2760 3711 2834">
     <span class='ocr_line' id='line_1_59' title="bbox 2126 2760 3711 2834; baseline -0.004 -15"><span class='ocrx_word' id='word_1_407' title='bbox 2126 2765 2317 2827; x_wconf 80' lang='grc' dir='ltr'>ἀκοαῖς</span> <span class='ocrx_word' id='word_1_408' title='bbox 2355 2763 2671 2834; x_wconf 82' lang='grc' dir='ltr'>ἐνηχοῦντα,</span> <span class='ocrx_word' id='word_1_409' title='bbox 2693 2763 2774 2834; x_wconf 83' lang='grc' dir='ltr'>τῷ</span> <span class='ocrx_word' id='word_1_410' title='bbox 2801 2763 3038 2834; x_wconf 80' lang='grc' dir='ltr'>ἄσθματι</span> <span class='ocrx_word' id='word_1_411' title='bbox 3059 2761 3510 2834; x_wconf 77' lang='grc' dir='ltr'>προσεγγίζοντα,</span> <span class='ocrx_word' id='word_1_412' title='bbox 3524 2760 3711 2830; x_wconf 81' lang='grc' dir='ltr'>κύκλῳ</span> 
     </span>
    </p>
   </div>
   <div class='ocr_carea' id='block_1_60' title="bbox 2127 2852 3708 2930">
    <p class='ocr_par' dir='ltr' id='par_1_60' title="bbox 2127 2852 3708 2930">
     <span class='ocr_line' id='line_1_60' title="bbox 2127 2852 3708 2930; baseline -0.005 -18"><span class='ocrx_word' id='word_1_413' title='bbox 2127 2861 2257 2930; x_wconf 73' lang='grc' dir='ltr'>περὶ</span> <span class='ocrx_word' id='word_1_414' title='bbox 2291 2857 2354 2912; x_wconf 82' lang='grc' dir='ltr'><strong>τὸ</strong></span> <span class='ocrx_word' id='word_1_415' title='bbox 2391 2857 2553 2928; x_wconf 82' lang='grc' dir='ltr'>σῶμα</span> <span class='ocrx_word' id='word_1_416' title='bbox 2599 2857 2856 2928; x_wconf 85' lang='grc' dir='ltr'>χεόμενα.</span> <span class='ocrx_word' id='word_1_417' title='bbox 2885 2856 2946 2909; x_wconf 84' lang='lat'><strong>&#39;0</strong></span> <span class='ocrx_word' id='word_1_418' title='bbox 2969 2855 3026 2916; x_wconf 82' lang='grc' dir='ltr'><strong>δέ</strong></span> <span class='ocrx_word' id='word_1_419' title='bbox 3066 2855 3168 2924; x_wconf 76' lang='grc' dir='ltr'>τὴν</span> <span class='ocrx_word' id='word_1_420' title='bbox 3213 2853 3483 2924; x_wconf 84' lang='grc' dir='ltr'>σφραγίδα</span> <span class='ocrx_word' id='word_1_421' title='bbox 3513 2852 3708 2905; x_wconf 76' lang='grc' dir='ltr'>ἑαυτοῦ</span> 
     </span>
    </p>
   </div>
   <div class='ocr_carea' id='block_1_61' title="bbox 2128 2943 3709 3020">
    <p class='ocr_par' dir='ltr' id='par_1_61' title="bbox 2128 2943 3709 3020">
     <span class='ocr_line' id='line_1_61' title="bbox 2128 2943 3709 3020; baseline -0.004 -18"><span class='ocrx_word' id='word_1_422' title='bbox 2128 2948 2584 3020; x_wconf 77' lang='grc' dir='ltr'>προϐαλλόμενος,</span> <span class='ocrx_word' id='word_1_423' title='bbox 2609 2948 2786 3002; x_wconf 75' lang='grc' dir='ltr'>καὶτὸ</span> <span class='ocrx_word' id='word_1_424' title='bbox 2804 2945 2901 3001; x_wconf 83' lang='grc' dir='ltr'>τοῦ</span> <span class='ocrx_word' id='word_1_425' title='bbox 2929 2945 3167 3016; x_wconf 80' lang='grc' dir='ltr'>Χριστοῦ</span> <span class='ocrx_word' id='word_1_426' title='bbox 3199 2943 3486 2998; x_wconf 82' lang='grc' dir='ltr'>ἀνακαλῶν</span> <span class='ocrx_word' id='word_1_427' title='bbox 3513 2944 3709 3013; x_wconf 81' lang='grc' dir='ltr'>δνομα,</span> 
     </span>
    </p>
   </div>
   <div class='ocr_carea' id='block_1_62' title="bbox 443 3029 2020 3118">
    <p class='ocr_par' dir='ltr' id='par_1_62' title="bbox 443 3035 2020 3107">
     <span class='ocr_line' id='line_1_62' title="bbox 443 3035 2020 3107; baseline 0.001 -19"><span class='ocrx_word' id='word_1_428' title='bbox 443 3038 538 3100; x_wconf 90' lang='lat' dir='ltr'><strong>tia,</strong></span> <span class='ocrx_word' id='word_1_429' title='bbox 567 3035 807 3105; x_wconf 81' lang='lat' dir='ltr'><strong>undique</strong></span> <span class='ocrx_word' id='word_1_430' title='bbox 835 3036 1052 3107; x_wconf 83' lang='lat' dir='ltr'><strong>corpori</strong></span> <span class='ocrx_word' id='word_1_431' title='bbox 1083 3051 1142 3091; x_wconf 87' lang='lat' dir='ltr'><strong>se</strong></span> <span class='ocrx_word' id='word_1_432' title='bbox 1169 3036 1683 3093; x_wconf 78' lang='lat' dir='ltr'><strong>circumlundentia.</strong></span> <span class='ocrx_word' id='word_1_433' title='bbox 1709 3036 1779 3090; x_wconf 86' lang='lat' dir='ltr'><strong>At</strong></span> <span class='ocrx_word' id='word_1_434' title='bbox 1825 3035 1914 3090; x_wconf 91' lang='lat' dir='ltr'><strong>ille</strong></span> <span class='ocrx_word' id='word_1_435' title='bbox 1956 3035 2020 3090; x_wconf 88' lang='lat' dir='ltr'><strong>si-</strong></span> 
     </span>
    </p>
   </div>
   <div class='ocr_carea' id='block_1_63' title="bbox 2122 3029 3710 3118">
    <p class='ocr_par' dir='ltr' id='par_1_63' title="bbox 2126 3029 3710 3110">
     <span class='ocr_line' id='line_1_63' title="bbox 2126 3029 3710 3110; baseline -0.003 -19"><span class='ocrx_word' id='word_1_436' title='bbox 2126 3039 2343 3110; x_wconf 85' lang='grc' dir='ltr'>ἀπαθὴς</span> <span class='ocrx_word' id='word_1_437' title='bbox 2396 3039 2486 3094; x_wconf 82' lang='grc' dir='ltr'>τὸν</span> <span class='ocrx_word' id='word_1_438' title='bbox 2543 3039 2760 3107; x_wconf 74' lang='grc' dir='ltr'>πρῶτον</span> <span class='ocrx_word' id='word_1_439' title='bbox 2816 3036 3061 3109; x_wconf 78' lang='grc' dir='ltr'>διεξῆλθε</span> <span class='ocrx_word' id='word_1_440' title='bbox 3114 3036 3207 3090; x_wconf 80' lang='grc' dir='ltr'>τὸν</span> <span class='ocrx_word' id='word_1_441' title='bbox 3258 3029 3428 3090; x_wconf 75' lang='grc' dir='ltr'>οἷκον.</span> <span class='ocrx_word' id='word_1_442' title='bbox 3487 3033 3608 3087; x_wconf 78' lang='grc' dir='ltr'><strong>Ἐπὶ</strong></span> <span class='ocrx_word' id='word_1_443' title='bbox 3651 3034 3710 3098; x_wconf 67' lang='grc' dir='ltr'>δὲ</span> 
     </span>
    </p>
   </div>
   <div class='ocr_carea' id='block_1_64' title="bbox 443 3124 2020 3199">
    <p class='ocr_par' dir='ltr' id='par_1_64' title="bbox 443 3124 2020 3196">
     <span class='ocr_line' id='line_1_64' title="bbox 443 3124 2020 3196; baseline 0.002 -18"><span class='ocrx_word' id='word_1_444' title='bbox 443 3140 608 3194; x_wconf 75' lang='lat' dir='ltr'><strong>gnum</strong></span> <span class='ocrx_word' id='word_1_445' title='bbox 640 3124 866 3195; x_wconf 79' lang='lat' dir='ltr'><strong>(crucis)</strong></span> <span class='ocrx_word' id='word_1_446' title='bbox 895 3134 1023 3181; x_wconf 84' lang='lat' dir='ltr'><strong>ante</strong></span> <span class='ocrx_word' id='word_1_447' title='bbox 1037 3141 1158 3181; x_wconf 88' lang='lat' dir='ltr'><strong>sese</strong></span> <span class='ocrx_word' id='word_1_448' title='bbox 1175 3125 1464 3194; x_wconf 87' lang='lat' dir='ltr'><strong>objicieus,</strong></span> <span class='ocrx_word' id='word_1_449' title='bbox 1482 3126 1801 3196; x_wconf 84' lang='lat' dir='ltr'><strong>Christique</strong></span> <span class='ocrx_word' id='word_1_450' title='bbox 1823 3141 2020 3182; x_wconf 87' lang='lat' dir='ltr'><strong>nomen</strong></span> 
     </span>
    </p>
   </div>
   <div class='ocr_carea' id='block_1_65' title="bbox 2122 3124 3711 3199">
    <p class='ocr_par' dir='ltr' id='par_1_65' title="bbox 2125 3124 3711 3199">
     <span class='ocr_line' id='line_1_65' title="bbox 2125 3124 3711 3199; baseline -0.003 -18"><span class='ocrx_word' id='word_1_451' title='bbox 2125 3128 2187 3181; x_wconf 79' lang='grc' dir='ltr'>τὸ</span> <span class='ocrx_word' id='word_1_452' title='bbox 2243 3127 2518 3199; x_wconf 85' lang='grc' dir='ltr'>ἐνδότερον</span> <span class='ocrx_word' id='word_1_453' title='bbox 2563 3129 2852 3198; x_wconf 86' lang='grc' dir='ltr'>χωρήσας,</span> <span class='ocrx_word' id='word_1_454' title='bbox 2903 3126 3300 3197; x_wconf 81' lang='grc' dir='ltr'>χαλεπωτέροις</span> <span class='ocrx_word' id='word_1_455' title='bbox 3339 3124 3554 3194; x_wconf 82' lang='grc' dir='ltr'>ἐνέτυχε</span> <span class='ocrx_word' id='word_1_456' title='bbox 3595 3126 3711 3188; x_wconf 81' lang='grc' dir='ltr'>τοῖς</span> 
     </span>
    </p>
   </div>
   <div class='ocr_carea' id='block_1_66' title="bbox 443 3215 2022 3284">
    <p class='ocr_par' dir='ltr' id='par_1_66' title="bbox 443 3215 2022 3284">
     <span class='ocr_line' id='line_1_66' title="bbox 443 3215 2022 3284; baseline 0.001 -15"><span class='ocrx_word' id='word_1_457' title='bbox 443 3216 732 3280; x_wconf 79' lang='lat' dir='ltr'><strong>invocans,</strong></span> <span class='ocrx_word' id='word_1_458' title='bbox 771 3215 1006 3284; x_wconf 91' lang='lat' dir='ltr'><strong>primum</strong></span> <span class='ocrx_word' id='word_1_459' title='bbox 1056 3217 1318 3271; x_wconf 83' lang='lat' dir='ltr'><strong>conclave</strong></span> <span class='ocrx_word' id='word_1_460' title='bbox 1373 3216 1580 3272; x_wconf 83' lang='lat' dir='ltr'><strong>illaesus</strong></span> <span class='ocrx_word' id='word_1_461' title='bbox 1623 3217 1902 3284; x_wconf 86' lang='lat' dir='ltr'><strong>transivit,</strong></span> <span class='ocrx_word' id='word_1_462' title='bbox 1954 3218 2022 3272; x_wconf 89' lang='lat' dir='ltr'><strong>ad</strong></span> 
     </span>
    </p>
   </div>
   <div class='ocr_carea' id='block_1_67' title="bbox 445 3305 2028 3378">
    <p class='ocr_par' dir='ltr' id='par_1_67' title="bbox 445 3305 2028 3378">
     <span class='ocr_line' id='line_1_67' title="bbox 445 3305 2028 3378; baseline 0.003 -18"><span class='ocrx_word' id='word_1_463' title='bbox 445 3305 760 3364; x_wconf 85' lang='lat' dir='ltr'><strong>interiorem</strong></span> <span class='ocrx_word' id='word_1_464' title='bbox 788 3314 966 3364; x_wconf 87' lang='lat' dir='ltr'><strong>autem</strong></span> <span class='ocrx_word' id='word_1_465' title='bbox 995 3314 1205 3376; x_wconf 87' lang='lat' dir='ltr'><strong>partem</strong></span> <span class='ocrx_word' id='word_1_466' title='bbox 1221 3308 1423 3364; x_wconf 68' lang='lat' dir='ltr'><strong>aedium</strong></span> <span class='ocrx_word' id='word_1_467' title='bbox 1454 3322 1780 3378; x_wconf 86' lang='lat' dir='ltr'><strong>progressus</strong></span> <span class='ocrx_word' id='word_1_468' title='bbox 1838 3308 1892 3367; x_wconf 90' lang='lat' dir='ltr'><strong>in</strong></span> <span class='ocrx_word' id='word_1_469' title='bbox 1917 3325 2028 3364; x_wconf 84' lang='lat' dir='ltr'><strong>mo-</strong></span> 
     </span>
    </p>
   </div>
   <div class='ocr_carea' id='block_1_68' title="bbox 446 3397 2024 3467">
    <p class='ocr_par' dir='ltr' id='par_1_68' title="bbox 446 3397 2024 3467">
     <span class='ocr_line' id='line_1_68' title="bbox 446 3397 2024 3467; baseline 0.003 -15"><span class='ocrx_word' id='word_1_470' title='bbox 446 3397 668 3452; x_wconf 72' lang='lat' dir='ltr'><strong>lestiora</strong></span> <span class='ocrx_word' id='word_1_471' title='bbox 701 3397 893 3454; x_wconf 91' lang='lat' dir='ltr'><strong>incidit</strong></span> <span class='ocrx_word' id='word_1_472' title='bbox 919 3398 1256 3467; x_wconf 84' lang='lat' dir='ltr'><strong>spectacula,</strong></span> <span class='ocrx_word' id='word_1_473' title='bbox 1311 3398 1366 3452; x_wconf 91' lang='lat' dir='ltr'><strong>in</strong></span> <span class='ocrx_word' id='word_1_474' title='bbox 1400 3399 1794 3456; x_wconf 87' lang='lat' dir='ltr'><strong>terribiliorem</strong></span> <span class='ocrx_word' id='word_1_475' title='bbox 1827 3399 2024 3457; x_wconf 85' lang='lat' dir='ltr'><strong>faciem</strong></span> 
     </span>
    </p>
   </div>
   <div class='ocr_carea' id='block_1_69' title="bbox 447 3487 2026 3556">
    <p class='ocr_par' dir='ltr' id='par_1_69' title="bbox 447 3487 2026 3556">
     <span class='ocr_line' id='line_1_69' title="bbox 447 3487 2026 3556; baseline 0.003 -14"><span class='ocrx_word' id='word_1_476' title='bbox 447 3487 844 3545; x_wconf 80' lang='lat' dir='ltr'><strong>transforman</strong></span> <span class='ocrx_word' id='word_1_477' title='bbox 869 3490 1172 3556; x_wconf 71' lang='lat' dir='ltr'><strong>daeinouio;</strong></span> <span class='ocrx_word' id='word_1_478' title='bbox 1199 3497 1254 3546; x_wconf 92' lang='lat' dir='ltr'><strong>et</strong></span> <span class='ocrx_word' id='word_1_479' title='bbox 1277 3491 1440 3546; x_wconf 89' lang='lat' dir='ltr'><strong>simul</strong></span> <span class='ocrx_word' id='word_1_480' title='bbox 1487 3500 1650 3546; x_wconf 79' lang='lat' dir='ltr'><strong>terrae</strong></span> <span class='ocrx_word' id='word_1_481' title='bbox 1681 3499 1834 3547; x_wconf 89' lang='lat' dir='ltr'><strong>motu</strong></span> <span class='ocrx_word' id='word_1_482' title='bbox 1891 3507 2026 3550; x_wconf 90' lang='lat' dir='ltr'><strong>con-</strong></span> 
     </span>
    </p>
   </div>
   <div class='ocr_carea' id='block_1_70' title="bbox 444 3576 2024 3640">
    <p class='ocr_par' dir='ltr' id='par_1_70' title="bbox 444 3576 2024 3640">
     <span class='ocr_line' id='line_1_70' title="bbox 444 3576 2024 3640; baseline 0.003 -10"><span class='ocrx_word' id='word_1_483' title='bbox 444 3579 557 3638; x_wconf 83' lang='lat' dir='ltr'><strong>cuti</strong></span> <span class='ocrx_word' id='word_1_484' title='bbox 585 3577 848 3634; x_wconf 83' lang='lat' dir='ltr'><strong>conclave</strong></span> <span class='ocrx_word' id='word_1_485' title='bbox 896 3578 945 3633; x_wconf 91' lang='lat' dir='ltr'><strong>ei</strong></span> <span class='ocrx_word' id='word_1_486' title='bbox 987 3576 1300 3640; x_wconf 78' lang='lat' dir='ltr'><strong>videbatur,</strong></span> <span class='ocrx_word' id='word_1_487' title='bbox 1344 3577 1479 3632; x_wconf 87' lang='lat' dir='ltr'><strong>adeo</strong></span> <span class='ocrx_word' id='word_1_488' title='bbox 1511 3587 1570 3631; x_wconf 91' lang='lat' dir='ltr'><strong>ut</strong></span> <span class='ocrx_word' id='word_1_489' title='bbox 1621 3579 1786 3632; x_wconf 89' lang='lat' dir='ltr'><strong>etiam</strong></span> <span class='ocrx_word' id='word_1_490' title='bbox 1847 3578 2024 3635; x_wconf 87' lang='lat' dir='ltr'><strong>solum</strong></span> 
     </span>
    </p>
   </div>
   <div class='ocr_carea' id='block_1_71' title="bbox 446 3667 2024 3740">
    <p class='ocr_par' dir='ltr' id='par_1_71' title="bbox 446 3667 2024 3740">
     <span class='ocr_line' id='line_1_71' title="bbox 446 3667 2024 3740; baseline 0.001 -17"><span class='ocrx_word' id='word_1_491' title='bbox 446 3670 589 3736; x_wconf 79' lang='lat' dir='ltr'><strong>infra</strong></span> <span class='ocrx_word' id='word_1_492' title='bbox 611 3678 831 3740; x_wconf 86' lang='lat' dir='ltr'><strong>ruptum</strong></span> <span class='ocrx_word' id='word_1_493' title='bbox 859 3667 1157 3735; x_wconf 69' lang='lat' dir='ltr'><strong>ﬂtuntnam,</strong></span> <span class='ocrx_word' id='word_1_494' title='bbox 1197 3685 1318 3739; x_wconf 61' lang='lat' dir='ltr'><strong>quae</strong></span> <span class='ocrx_word' id='word_1_495' title='bbox 1357 3670 1553 3725; x_wconf 89' lang='lat' dir='ltr'><strong>subtus</strong></span> <span class='ocrx_word' id='word_1_496' title='bbox 1589 3679 1757 3735; x_wconf 91' lang='lat' dir='ltr'><strong>esset,</strong></span> <span class='ocrx_word' id='word_1_497' title='bbox 1821 3669 2024 3725; x_wconf 87' lang='lat' dir='ltr'><strong>nudam</strong></span> 
     </span>
    </p>
   </div>
   <div class='ocr_carea' id='block_1_72' title="bbox 445 3760 2028 3831">
    <p class='ocr_par' dir='ltr' id='par_1_72' title="bbox 445 3760 2028 3831">
     <span class='ocr_line' id='line_1_72' title="bbox 445 3760 2028 3831; baseline -0.001 -12"><span class='ocrx_word' id='word_1_498' title='bbox 445 3760 890 3831; x_wconf 86' lang='lat' dir='ltr'><strong>conspiciendam</strong></span> <span class='ocrx_word' id='word_1_499' title='bbox 928 3761 1215 3828; x_wconf 63' lang='lat' dir='ltr'><strong>praeberet,</strong></span> <span class='ocrx_word' id='word_1_500' title='bbox 1267 3761 1633 3830; x_wconf 68' lang='lat' dir='ltr'><strong>scintillteque</strong></span> <span class='ocrx_word' id='word_1_501' title='bbox 1690 3761 1925 3817; x_wconf 72' lang='lat' dir='ltr'><strong>ﬂamma:</strong></span> <span class='ocrx_word' id='word_1_502' title='bbox 1955 3762 2028 3824; x_wconf 85' lang='lat' dir='ltr'><strong>ab</strong></span> 
     </span>
    </p>
   </div>
   <div class='ocr_carea' id='block_1_73' title="bbox 447 3851 2026 3924">
    <p class='ocr_par' dir='ltr' id='par_1_73' title="bbox 447 3851 2026 3924">
     <span class='ocr_line' id='line_1_73' title="bbox 447 3851 2026 3924; baseline 0.001 -18"><span class='ocrx_word' id='word_1_503' title='bbox 447 3853 606 3922; x_wconf 77' lang='lat' dir='ltr'><strong>aquis</strong></span> <span class='ocrx_word' id='word_1_504' title='bbox 635 3851 1038 3914; x_wconf 89' lang='lat' dir='ltr'><strong>emitterentur,</strong></span> <span class='ocrx_word' id='word_1_505' title='bbox 1071 3868 1134 3906; x_wconf 86' lang='lat' dir='ltr'><strong>ac</strong></span> <span class='ocrx_word' id='word_1_506' title='bbox 1167 3867 1361 3908; x_wconf 84' lang='lat' dir='ltr'><strong>rursus</strong></span> <span class='ocrx_word' id='word_1_507' title='bbox 1390 3852 1597 3908; x_wconf 87' lang='lat' dir='ltr'><strong>eisdem</strong></span> <span class='ocrx_word' id='word_1_508' title='bbox 1627 3855 1819 3920; x_wconf 78' lang='lat' dir='ltr'><strong>armis,</strong></span> <span class='ocrx_word' id='word_1_509' title='bbox 1867 3854 2026 3924; x_wconf 85' lang='lat' dir='ltr'><strong>signo</strong></span> 
     </span>
    </p>
   </div>
   <div class='ocr_carea' id='block_1_74' title="bbox 449 3942 2027 4014">
    <p class='ocr_par' dir='ltr' id='par_1_74' title="bbox 449 3942 2027 4014">
     <span class='ocr_line' id='line_1_74' title="bbox 449 3942 2027 4014; baseline 0.003 -18"><span class='ocrx_word' id='word_1_510' title='bbox 449 3943 652 4012; x_wconf 74' lang='lat' dir='ltr'><strong>(crucis</strong></span> <span class='ocrx_word' id='word_1_511' title='bbox 707 3943 939 4010; x_wconf 86' lang='lat' dir='ltr'><strong>scilicet)</strong></span> <span class='ocrx_word' id='word_1_512' title='bbox 995 3953 1048 3998; x_wconf 90' lang='lat' dir='ltr'><strong>et</strong></span> <span class='ocrx_word' id='word_1_513' title='bbox 1091 3942 1313 4000; x_wconf 87' lang='lat' dir='ltr'><strong>nomine</strong></span> <span class='ocrx_word' id='word_1_514' title='bbox 1375 3942 1600 4010; x_wconf 84' lang='lat' dir='ltr'><strong>Christi,</strong></span> <span class='ocrx_word' id='word_1_515' title='bbox 1661 3944 2027 4014; x_wconf 70' lang='lat' dir='ltr'><strong>prazsidioque</strong></span> 
     </span>
    </p>
   </div>
   <div class='ocr_carea' id='block_1_75' title="bbox 448 4036 2026 4107">
    <p class='ocr_par' dir='ltr' id='par_1_75' title="bbox 448 4036 2026 4107">
     <span class='ocr_line' id='line_1_75' title="bbox 448 4036 2026 4107; baseline 0.003 -19"><span class='ocrx_word' id='word_1_516' title='bbox 448 4051 672 4105; x_wconf 81' lang='lat' dir='ltr'><strong>precum</strong></span> <span class='ocrx_word' id='word_1_517' title='bbox 705 4036 950 4105; x_wconf 80' lang='lat' dir='ltr'><strong>magistri</strong></span> <span class='ocrx_word' id='word_1_518' title='bbox 997 4043 1237 4090; x_wconf 88' lang='lat' dir='ltr'><strong>terrores</strong></span> <span class='ocrx_word' id='word_1_519' title='bbox 1269 4051 1460 4090; x_wconf 88' lang='lat' dir='ltr'><strong>earum</strong></span> <span class='ocrx_word' id='word_1_520' title='bbox 1489 4051 1692 4101; x_wconf 86' lang='lat' dir='ltr'><strong>rerum,</strong></span> <span class='ocrx_word' id='word_1_521' title='bbox 1736 4053 1858 4107; x_wconf 74' lang='lat' dir='ltr'><strong>qtne</strong></span> <span class='ocrx_word' id='word_1_522' title='bbox 1913 4049 2026 4092; x_wconf 86' lang='lat' dir='ltr'><strong>tum</strong></span> 
     </span>
    </p>
   </div>
   <div class='ocr_carea' id='block_1_76' title="bbox 449 4126 2027 4198">
    <p class='ocr_par' dir='ltr' id='par_1_76' title="bbox 449 4126 2027 4198">
     <span class='ocr_line' id='line_1_76' title="bbox 449 4126 2027 4198; baseline 0.003 -18"><span class='ocrx_word' id='word_1_523' title='bbox 449 4128 668 4194; x_wconf 78' lang='lat' dir='ltr'><strong>ﬁebant,</strong></span> <span class='ocrx_word' id='word_1_524' title='bbox 689 4127 976 4185; x_wconf 86' lang='lat' dir='ltr'><strong>discussit.</strong></span> <span class='ocrx_word' id='word_1_525' title='bbox 1004 4126 1254 4196; x_wconf 89' lang='lat' dir='ltr'><strong>Cumque</strong></span> <span class='ocrx_word' id='word_1_526' title='bbox 1275 4127 1389 4196; x_wconf 89' lang='lat' dir='ltr'><strong>jam</strong></span> <span class='ocrx_word' id='word_1_527' title='bbox 1411 4143 1553 4198; x_wconf 91' lang='lat' dir='ltr'><strong>aqua</strong></span> <span class='ocrx_word' id='word_1_528' title='bbox 1577 4139 1856 4184; x_wconf 82' lang='lat' dir='ltr'><strong>recreatus</strong></span> <span class='ocrx_word' id='word_1_529' title='bbox 1877 4132 2027 4186; x_wconf 69' lang='lat' dir='ltr'><strong>exire</strong></span> 
     </span>
    </p>
   </div>
   <div class='ocr_carea' id='block_1_77' title="bbox 449 4220 2022 4293">
    <p class='ocr_par' dir='ltr' id='par_1_77' title="bbox 449 4220 2022 4293">
     <span class='ocr_line' id='line_1_77' title="bbox 449 4220 2022 4293; baseline 0.001 -16"><span class='ocrx_word' id='word_1_530' title='bbox 449 4220 755 4283; x_wconf 73' lang='lat' dir='ltr'><strong>festinaret,</strong></span> <span class='ocrx_word' id='word_1_531' title='bbox 807 4235 1002 4274; x_wconf 90' lang='lat' dir='ltr'><strong>rursus</strong></span> <span class='ocrx_word' id='word_1_532' title='bbox 1057 4221 1447 4289; x_wconf 85' lang='lat' dir='ltr'><strong>prohibebatur</strong></span> <span class='ocrx_word' id='word_1_533' title='bbox 1506 4237 1536 4274; x_wconf 89' lang='lat' dir='ltr'><strong>a</strong></span> <span class='ocrx_word' id='word_1_534' title='bbox 1585 4221 1852 4286; x_wconf 69' lang='lat' dir='ltr'><strong>daemone,</strong></span> <span class='ocrx_word' id='word_1_535' title='bbox 1928 4224 2022 4293; x_wconf 88' lang='lat' dir='ltr'><strong>qui</strong></span> 
     </span>
    </p>
   </div>
   <div class='ocr_carea' id='block_1_78' title="bbox 447 4311 2026 4386">
    <p class='ocr_par' dir='ltr' id='par_1_78' title="bbox 447 4311 2026 4386">
     <span class='ocr_line' id='line_1_78' title="bbox 447 4311 2026 4386; baseline 0 -14"><span class='ocrx_word' id='word_1_536' title='bbox 447 4315 648 4372; x_wconf 88' lang='lat' dir='ltr'><strong>ostium</strong></span> <span class='ocrx_word' id='word_1_537' title='bbox 673 4323 1058 4384; x_wconf 85' lang='lat' dir='ltr'><strong>occupaverat.</strong></span> <span class='ocrx_word' id='word_1_538' title='bbox 1081 4311 1284 4368; x_wconf 82' lang='lat' dir='ltr'><strong>Verum</strong></span> <span class='ocrx_word' id='word_1_539' title='bbox 1307 4314 1468 4369; x_wconf 89' lang='lat' dir='ltr'><strong>etiam</strong></span> <span class='ocrx_word' id='word_1_540' title='bbox 1495 4316 1597 4368; x_wconf 91' lang='lat' dir='ltr'><strong>hoc</strong></span> <span class='ocrx_word' id='word_1_541' title='bbox 1628 4331 1822 4373; x_wconf 90' lang='lat' dir='ltr'><strong>rursus</strong></span> <span class='ocrx_word' id='word_1_542' title='bbox 1858 4317 2026 4386; x_wconf 89' lang='lat' dir='ltr'><strong>impe-</strong></span> 
     </span>
    </p>
   </div>
   <div class='ocr_carea' id='block_1_79' title="bbox 2128 3215 3713 3289">
    <p class='ocr_par' dir='ltr' id='par_1_79' title="bbox 2128 3215 3713 3289">
     <span class='ocr_line' id='line_1_79' title="bbox 2128 3215 3713 3289; baseline -0.001 -18"><span class='ocrx_word' id='word_1_543' title='bbox 2128 3218 2395 3288; x_wconf 84' lang='grc' dir='ltr'>θεὰμασιν</span> <span class='ocrx_word' id='word_1_544' title='bbox 2421 3259 2437 3284; x_wconf 91' lang='grc'><strong>,</strong></span> <span class='ocrx_word' id='word_1_545' title='bbox 2475 3219 2555 3282; x_wconf 79' lang='grc' dir='ltr'><strong>είς</strong></span> <span class='ocrx_word' id='word_1_546' title='bbox 2597 3217 2980 3289; x_wconf 78' lang='grc' dir='ltr'>φοϐερωτέραν</span> <span class='ocrx_word' id='word_1_547' title='bbox 3032 3215 3567 3288; x_wconf 80' lang='grc' dir='ltr'>μετασκευασθέντος</span> <span class='ocrx_word' id='word_1_548' title='bbox 3611 3215 3713 3269; x_wconf 63' lang='grc' dir='ltr'>τοῦ</span> 
     </span>
    </p>
   </div>
   <div class='ocr_carea' id='block_1_80' title="bbox 2061 3306 3710 3379">
    <p class='ocr_par' dir='ltr' id='par_1_80' title="bbox 2061 3306 3710 3379">
     <span class='ocr_line' id='line_1_80' title="bbox 2061 3306 3710 3379; baseline -0.003 -15"><span class='ocrx_word' id='word_1_549' title='bbox 2061 3364 2075 3372; x_wconf 72' lang='grc'>,</span> <span class='ocrx_word' id='word_1_550' title='bbox 2125 3308 2401 3378; x_wconf 84' lang='grc' dir='ltr'>δαιμονίου</span> <span class='ocrx_word' id='word_1_551' title='bbox 2429 3309 2529 3379; x_wconf 85' lang='grc' dir='ltr'>τὴν</span> <span class='ocrx_word' id='word_1_552' title='bbox 2556 3307 2677 3377; x_wconf 67' lang='grc' dir='ltr'>ὄψιν</span> <span class='ocrx_word' id='word_1_553' title='bbox 2706 3325 2720 3341; x_wconf 77' lang='grc' dir='ltr'><strong><em>ο</em></strong></span> <span class='ocrx_word' id='word_1_554' title='bbox 2749 3309 2842 3362; x_wconf 72' lang='grc' dir='ltr'>καὶ</span> <span class='ocrx_word' id='word_1_555' title='bbox 2874 3307 2991 3379; x_wconf 74' lang='grc' dir='ltr'>ἅμα</span> <span class='ocrx_word' id='word_1_556' title='bbox 3028 3306 3236 3378; x_wconf 80' lang='grc' dir='ltr'>σεισμῷ</span> <span class='ocrx_word' id='word_1_557' title='bbox 3261 3307 3710 3362; x_wconf 82' lang='grc' dir='ltr'>κατακλονείσθαι</span> 
     </span>
    </p>
   </div>
   <div class='ocr_carea' id='block_1_81' title="bbox 2125 3397 3711 3472">
    <p class='ocr_par' dir='ltr' id='par_1_81' title="bbox 2125 3397 3711 3472">
     <span class='ocr_line' id='line_1_81' title="bbox 2125 3397 3711 3472; baseline -0.004 -14"><span class='ocrx_word' id='word_1_558' title='bbox 2125 3403 2221 3458; x_wconf 77' lang='grc' dir='ltr'>τὸν</span> <span class='ocrx_word' id='word_1_559' title='bbox 2254 3397 2401 3454; x_wconf 78' lang='grc' dir='ltr'>οἷκον</span> <span class='ocrx_word' id='word_1_560' title='bbox 2433 3400 2592 3471; x_wconf 74' lang='grc' dir='ltr'>ᾤετο,</span> <span class='ocrx_word' id='word_1_561' title='bbox 2630 3399 2723 3454; x_wconf 77' lang='grc' dir='ltr'>καὶ</span> <span class='ocrx_word' id='word_1_562' title='bbox 2753 3399 2815 3454; x_wconf 80' lang='grc' dir='ltr'>τὸ</span> <span class='ocrx_word' id='word_1_563' title='bbox 2856 3399 3050 3468; x_wconf 81' lang='grc' dir='ltr'>ἔδαφος</span> <span class='ocrx_word' id='word_1_564' title='bbox 3091 3400 3576 3472; x_wconf 65' lang='grc' dir='ltr'>ὑπρῤηγνύμενον</span> <span class='ocrx_word' id='word_1_565' title='bbox 3613 3417 3711 3466; x_wconf 82' lang='grc' dir='ltr'>γυο</span> 
     </span>
    </p>
   </div>
   <div class='ocr_carea' id='block_1_82' title="bbox 2131 3489 3712 3564">
    <p class='ocr_par' dir='ltr' id='par_1_82' title="bbox 2131 3489 3712 3564">
     <span class='ocr_line' id='line_1_82' title="bbox 2131 3489 3712 3564; baseline -0.002 -19"><span class='ocrx_word' id='word_1_566' title='bbox 2131 3493 2268 3564; x_wconf 78' lang='grc' dir='ltr'>μνὴν</span> <span class='ocrx_word' id='word_1_567' title='bbox 2316 3490 2686 3546; x_wconf 81' lang='grc' dir='ltr'>ὑποδεικνύειν</span> <span class='ocrx_word' id='word_1_568' title='bbox 2731 3492 2830 3561; x_wconf 73' lang='grc' dir='ltr'><strong>τὴν</strong></span> <span class='ocrx_word' id='word_1_569' title='bbox 2877 3491 3032 3544; x_wconf 79' lang='grc' dir='ltr'>κάτω</span> <span class='ocrx_word' id='word_1_570' title='bbox 3075 3489 3269 3559; x_wconf 89' lang='grc' dir='ltr'>φλόγα,</span> <span class='ocrx_word' id='word_1_571' title='bbox 3305 3491 3608 3561; x_wconf 75' lang='grc' dir='ltr'>σπινθῆρας</span> <span class='ocrx_word' id='word_1_572' title='bbox 3649 3506 3712 3551; x_wconf 77' lang='grc' dir='ltr'><strong>τε</strong></span> 
     </span>
    </p>
   </div>
   <div class='ocr_carea' id='block_1_83' title="bbox 2129 3580 3715 3653">
    <p class='ocr_par' dir='ltr' id='par_1_83' title="bbox 2129 3580 3715 3653">
     <span class='ocr_line' id='line_1_83' title="bbox 2129 3580 3715 3653; baseline -0.001 -18"><span class='ocrx_word' id='word_1_573' title='bbox 2129 3582 2426 3653; x_wconf 84' lang='grc' dir='ltr'>φλογώδεις</span> <span class='ocrx_word' id='word_1_574' title='bbox 2461 3581 2569 3634; x_wconf 87' lang='grc' dir='ltr'>ἀπὸ</span> <span class='ocrx_word' id='word_1_575' title='bbox 2592 3581 2702 3634; x_wconf 84' lang='grc' dir='ltr'><strong>τῶν</strong></span> <span class='ocrx_word' id='word_1_576' title='bbox 2732 3580 2940 3635; x_wconf 80' lang='grc' dir='ltr'>ὑδάτων</span> <span class='ocrx_word' id='word_1_577' title='bbox 2985 3580 3391 3651; x_wconf 73' lang='grc' dir='ltr'>ἐκπέμπεσθαι,</span> <span class='ocrx_word' id='word_1_578' title='bbox 3415 3582 3510 3634; x_wconf 79' lang='grc' dir='ltr'>καὶ</span> <span class='ocrx_word' id='word_1_579' title='bbox 3550 3580 3715 3634; x_wconf 75' lang='grc' dir='ltr'>πάλιν</span> 
     </span>
    </p>
   </div>
   <div class='ocr_carea' id='block_1_84' title="bbox 2127 3671 3712 3744">
    <p class='ocr_par' dir='ltr' id='par_1_84' title="bbox 2127 3671 3712 3744">
     <span class='ocr_line' id='line_1_84' title="bbox 2127 3671 3712 3744; baseline -0.003 -15"><span class='ocrx_word' id='word_1_580' title='bbox 2127 3673 2274 3744; x_wconf 81' lang='grc' dir='ltr'>αὑτῷ</span> <span class='ocrx_word' id='word_1_581' title='bbox 2310 3675 2373 3728; x_wconf 85' lang='grc' dir='ltr'>τὸ</span> <span class='ocrx_word' id='word_1_582' title='bbox 2404 3673 2516 3727; x_wconf 72' lang='grc' dir='ltr'>ἴσον</span> <span class='ocrx_word' id='word_1_583' title='bbox 2555 3672 2719 3728; x_wconf 82' lang='grc' dir='ltr'>ὅπλον</span> <span class='ocrx_word' id='word_1_584' title='bbox 2752 3674 2784 3742; x_wconf 78' lang='grc' dir='ltr'>ἡ</span> <span class='ocrx_word' id='word_1_585' title='bbox 2813 3672 3067 3742; x_wconf 81' lang='grc' dir='ltr'>σφραγὶς,</span> <span class='ocrx_word' id='word_1_586' title='bbox 3107 3673 3199 3726; x_wconf 77' lang='grc' dir='ltr'>καὶ</span> <span class='ocrx_word' id='word_1_587' title='bbox 3247 3673 3310 3726; x_wconf 83' lang='grc' dir='ltr'>τὸ</span> <span class='ocrx_word' id='word_1_588' title='bbox 3346 3671 3440 3726; x_wconf 84' lang='grc' dir='ltr'>τοῦ</span> <span class='ocrx_word' id='word_1_589' title='bbox 3475 3672 3712 3744; x_wconf 70' lang='grc' dir='ltr'>Χριστοῦ</span> 
     </span>
    </p>
   </div>
   <div class='ocr_carea' id='block_1_85' title="bbox 2128 3763 3706 3838">
    <p class='ocr_par' dir='ltr' id='par_1_85' title="bbox 2128 3763 3706 3838">
     <span class='ocr_line' id='line_1_85' title="bbox 2128 3763 3706 3838; baseline -0.004 -16"><span class='ocrx_word' id='word_1_590' title='bbox 2128 3767 2319 3838; x_wconf 78' lang='grc' dir='ltr'>ὄνομα,</span> <span class='ocrx_word' id='word_1_591' title='bbox 2345 3766 2440 3820; x_wconf 70' lang='grc' dir='ltr'>καὶ</span> <span class='ocrx_word' id='word_1_592' title='bbox 2461 3768 2498 3838; x_wconf 76' lang='grc' dir='ltr'><strong>ἡ</strong></span> <span class='ocrx_word' id='word_1_593' title='bbox 2515 3765 2606 3820; x_wconf 87' lang='grc' dir='ltr'><strong>διά</strong></span> <span class='ocrx_word' id='word_1_594' title='bbox 2633 3764 2746 3819; x_wconf 83' lang='grc' dir='ltr'><strong>τῶν</strong></span> <span class='ocrx_word' id='word_1_595' title='bbox 2773 3763 2954 3836; x_wconf 79' lang='grc' dir='ltr'>εὑχῶν</span> <span class='ocrx_word' id='word_1_596' title='bbox 2973 3764 3068 3818; x_wconf 81' lang='grc' dir='ltr'>τοῦ</span> <span class='ocrx_word' id='word_1_597' title='bbox 3103 3763 3424 3820; x_wconf 73' lang='grc' dir='ltr'>διδασκάλου</span> <span class='ocrx_word' id='word_1_598' title='bbox 3454 3764 3672 3834; x_wconf 80' lang='grc' dir='ltr'>βοήθεια</span> <span class='ocrx_word' id='word_1_599' title='bbox 3689 3801 3706 3824; x_wconf 90' lang='grc'><strong>,</strong></span> 
     </span>
    </p>
   </div>
   <div class='ocr_carea' id='block_1_86' title="bbox 2128 3854 3707 3928">
    <p class='ocr_par' dir='ltr' id='par_1_86' title="bbox 2128 3854 3707 3928">
     <span class='ocr_line' id='line_1_86' title="bbox 2128 3854 3707 3928; baseline -0.004 -16"><span class='ocrx_word' id='word_1_600' title='bbox 2128 3859 2195 3912; x_wconf 79' lang='grc' dir='ltr'><strong>τὰ</strong></span> <span class='ocrx_word' id='word_1_601' title='bbox 2215 3857 2424 3928; x_wconf 84' lang='grc' dir='ltr'>φοϐερά</span> <span class='ocrx_word' id='word_1_602' title='bbox 2443 3857 2549 3910; x_wconf 86' lang='grc' dir='ltr'>τῶν</span> <span class='ocrx_word' id='word_1_603' title='bbox 2582 3855 2926 3928; x_wconf 78' lang='grc' dir='ltr'>φαινομένων</span> <span class='ocrx_word' id='word_1_604' title='bbox 2944 3871 3003 3908; x_wconf 85' lang='grc' dir='ltr'><strong>τε</strong></span> <span class='ocrx_word' id='word_1_605' title='bbox 3037 3855 3129 3910; x_wconf 79' lang='grc' dir='ltr'>καὶ</span> <span class='ocrx_word' id='word_1_606' title='bbox 3157 3854 3453 3924; x_wconf 87' lang='grc' dir='ltr'>γινομένων</span> <span class='ocrx_word' id='word_1_607' title='bbox 3485 3854 3707 3925; x_wconf 81' lang='grc' dir='ltr'>διέχεεν.</span> 
     </span>
    </p>
   </div>
   <div class='ocr_carea' id='block_1_87' title="bbox 2142 3945 3708 4019">
    <p class='ocr_par' dir='ltr' id='par_1_87' title="bbox 2142 3945 3708 4019">
     <span class='ocr_line' id='line_1_87' title="bbox 2142 3945 3708 4019; baseline -0.004 -15"><span class='ocrx_word' id='word_1_608' title='bbox 2142 3949 2379 4013; x_wconf 76' lang='grc' dir='ltr'>Ἀνεθεὶς</span> <span class='ocrx_word' id='word_1_609' title='bbox 2397 3949 2454 4002; x_wconf 79' lang='grc' dir='ltr'>δὲ</span> <span class='ocrx_word' id='word_1_610' title='bbox 2481 3948 2581 4019; x_wconf 67' lang='grc' dir='ltr'>ἤδη</span> <span class='ocrx_word' id='word_1_611' title='bbox 2602 3947 2682 4018; x_wconf 80' lang='grc' dir='ltr'><strong>τῷ</strong></span> <span class='ocrx_word' id='word_1_612' title='bbox 2708 3947 2880 4011; x_wconf 76' lang='grc' dir='ltr'>ὕδατι,</span> <span class='ocrx_word' id='word_1_613' title='bbox 2920 3947 3013 4001; x_wconf 68' lang='grc' dir='ltr'>καὶ</span> <span class='ocrx_word' id='word_1_614' title='bbox 3044 3947 3181 4016; x_wconf 85' lang='grc' dir='ltr'>πρὸς</span> <span class='ocrx_word' id='word_1_615' title='bbox 3207 3945 3306 4016; x_wconf 81' lang='grc' dir='ltr'>τὴν</span> <span class='ocrx_word' id='word_1_616' title='bbox 3331 3945 3509 4011; x_wconf 74' lang='grc' dir='ltr'>ἔξοδον</span> <span class='ocrx_word' id='word_1_617' title='bbox 3542 3945 3708 3998; x_wconf 82' lang='grc' dir='ltr'>σπεύ-</span> 
     </span>
    </p>
   </div>
   <div class='ocr_carea' id='block_1_88' title="bbox 2128 4037 3710 4110">
    <p class='ocr_par' dir='ltr' id='par_1_88' title="bbox 2128 4037 3710 4110">
     <span class='ocr_line' id='line_1_88' title="bbox 2128 4037 3710 4110; baseline -0.005 -14"><span class='ocrx_word' id='word_1_618' title='bbox 2128 4043 2254 4110; x_wconf 87' lang='grc' dir='ltr'>δων,</span> <span class='ocrx_word' id='word_1_619' title='bbox 2277 4042 2438 4096; x_wconf 84' lang='grc' dir='ltr'>πάλιν</span> <span class='ocrx_word' id='word_1_620' title='bbox 2467 4039 2758 4102; x_wconf 74' lang='grc' dir='ltr'>ἐκωλύετο,</span> <span class='ocrx_word' id='word_1_621' title='bbox 2781 4039 2876 4097; x_wconf 81' lang='grc' dir='ltr'>τοῦ</span> <span class='ocrx_word' id='word_1_622' title='bbox 2895 4039 3174 4109; x_wconf 85' lang='grc' dir='ltr'>δαιμονίου</span> <span class='ocrx_word' id='word_1_623' title='bbox 3190 4038 3290 4108; x_wconf 80' lang='grc' dir='ltr'>τῆς</span> <span class='ocrx_word' id='word_1_624' title='bbox 3325 4037 3497 4108; x_wconf 88' lang='grc' dir='ltr'>θύρας</span> <span class='ocrx_word' id='word_1_625' title='bbox 3530 4038 3710 4090; x_wconf 81' lang='grc' dir='ltr'>ἀντει-</span> 
     </span>
    </p>
   </div>
   <div class='ocr_carea' id='block_1_89' title="bbox 2129 4127 3709 4205">
    <p class='ocr_par' dir='ltr' id='par_1_89' title="bbox 2129 4127 3709 4205">
     <span class='ocr_line' id='line_1_89' title="bbox 2129 4127 3709 4205; baseline -0.003 -20"><span class='ocrx_word' id='word_1_626' title='bbox 2129 4133 2431 4205; x_wconf 79' lang='grc' dir='ltr'>λημμένου.</span> <span class='ocrx_word' id='word_1_627' title='bbox 2457 4130 2620 4184; x_wconf 81' lang='grc' dir='ltr'><strong>Ἀλλά</strong></span> <span class='ocrx_word' id='word_1_628' title='bbox 2646 4131 2742 4185; x_wconf 71' lang='grc' dir='ltr'>καὶ</span> <span class='ocrx_word' id='word_1_629' title='bbox 2773 4129 2930 4185; x_wconf 83' lang='grc' dir='ltr'>τοῦτο</span> <span class='ocrx_word' id='word_1_630' title='bbox 2956 4129 3119 4184; x_wconf 84' lang='grc' dir='ltr'>πάλιν</span> <span class='ocrx_word' id='word_1_631' title='bbox 3145 4128 3208 4182; x_wconf 79' lang='grc' dir='ltr'>τὸ</span> <span class='ocrx_word' id='word_1_632' title='bbox 3234 4127 3462 4197; x_wconf 83' lang='grc' dir='ltr'>κώλυμα</span> <span class='ocrx_word' id='word_1_633' title='bbox 3501 4127 3587 4181; x_wconf 87' lang='grc' dir='ltr'><strong>διά</strong></span> <span class='ocrx_word' id='word_1_634' title='bbox 3609 4128 3709 4198; x_wconf 84' lang='grc' dir='ltr'>τῆς</span> 
     </span>
    </p>
   </div>
   <div class='ocr_carea' id='block_1_90' title="bbox 2131 4220 3708 4296">
    <p class='ocr_par' dir='ltr' id='par_1_90' title="bbox 2131 4220 3708 4296">
     <span class='ocr_line' id='line_1_90' title="bbox 2131 4220 3708 4296; baseline -0.004 -16"><span class='ocrx_word' id='word_1_635' title='bbox 2131 4227 2252 4296; x_wconf 76' lang='grc' dir='ltr'>ἴσης</span> <span class='ocrx_word' id='word_1_636' title='bbox 2272 4223 2552 4295; x_wconf 85' lang='grc' dir='ltr'>δυνάμεως</span> <span class='ocrx_word' id='word_1_637' title='bbox 2589 4222 2913 4292; x_wconf 82' lang='grc' dir='ltr'>αὐτομάτως</span> <span class='ocrx_word' id='word_1_638' title='bbox 2961 4220 3148 4274; x_wconf 87' lang='grc' dir='ltr'>ἐλύετο</span> <span class='ocrx_word' id='word_1_639' title='bbox 3171 4260 3186 4282; x_wconf 86' lang='grc'><strong>,</strong></span> <span class='ocrx_word' id='word_1_640' title='bbox 3216 4223 3282 4291; x_wconf 85' lang='grc' dir='ltr'><strong>τῇ</strong></span> <span class='ocrx_word' id='word_1_641' title='bbox 3320 4221 3575 4291; x_wconf 83' lang='grc' dir='ltr'>σφραγίδι</span> <span class='ocrx_word' id='word_1_642' title='bbox 3609 4220 3708 4290; x_wconf 77' lang='grc' dir='ltr'>τῆς</span> 
     </span>
    </p>
   </div>
   <div class='ocr_carea' id='block_1_91' title="bbox 2130 4311 3707 4387">
    <p class='ocr_par' dir='ltr' id='par_1_91' title="bbox 2130 4311 3707 4387">
     <span class='ocr_line' id='line_1_91' title="bbox 2130 4311 3707 4387; baseline -0.004 -17"><span class='ocrx_word' id='word_1_643' title='bbox 2130 4317 2299 4387; x_wconf 80' lang='grc' dir='ltr'>θύρας</span> <span class='ocrx_word' id='word_1_644' title='bbox 2321 4313 2728 4386; x_wconf 81' lang='grc' dir='ltr'>ὑποχωρούσης.</span> <span class='ocrx_word' id='word_1_645' title='bbox 2763 4313 2914 4366; x_wconf 82' lang='grc' dir='ltr'>Ἐπεὶ</span> <span class='ocrx_word' id='word_1_646' title='bbox 2944 4311 3000 4366; x_wconf 80' lang='grc' dir='ltr'>δὲ</span> <span class='ocrx_word' id='word_1_647' title='bbox 3029 4311 3170 4366; x_wconf 86' lang='grc' dir='ltr'><strong>κατά</strong></span> <span class='ocrx_word' id='word_1_648' title='bbox 3195 4311 3320 4366; x_wconf 81' lang='grc' dir='ltr'>νοῦν</span> <span class='ocrx_word' id='word_1_649' title='bbox 3359 4311 3510 4382; x_wconf 81' lang='grc' dir='ltr'><strong>αὑτῴ</strong></span> <span class='ocrx_word' id='word_1_650' title='bbox 3537 4311 3707 4381; x_wconf 69' lang='grc' dir='ltr'><strong>προὺ-</strong></span> 
     </span>
    </p>
   </div>
   <div class='ocr_carea' id='block_1_92' title="bbox 447 4390 2020 4480">
    <p class='ocr_par' dir='ltr' id='par_1_92' title="bbox 447 4405 2020 4477">
     <span class='ocr_line' id='line_1_92' title="bbox 447 4405 2020 4477; baseline 0.004 -19"><span class='ocrx_word' id='word_1_651' title='bbox 447 4406 750 4459; x_wconf 86' lang='lat' dir='ltr'><strong>dimentum</strong></span> <span class='ocrx_word' id='word_1_652' title='bbox 781 4420 878 4475; x_wconf 87' lang='lat' dir='ltr'><strong>per</strong></span> <span class='ocrx_word' id='word_1_653' title='bbox 906 4405 1155 4460; x_wconf 84' lang='lat' dir='ltr'><strong>eamdem</strong></span> <span class='ocrx_word' id='word_1_654' title='bbox 1190 4405 1321 4468; x_wconf 85' lang='lat' dir='ltr'><strong>vim,</strong></span> <span class='ocrx_word' id='word_1_655' title='bbox 1343 4415 1539 4473; x_wconf 85' lang='lat' dir='ltr'><strong>sponte</strong></span> <span class='ocrx_word' id='word_1_656' title='bbox 1580 4423 1676 4460; x_wconf 84' lang='lat' dir='ltr'><strong>sua</strong></span> <span class='ocrx_word' id='word_1_657' title='bbox 1719 4408 1892 4477; x_wconf 85' lang='lat' dir='ltr'><strong>janua</strong></span> <span class='ocrx_word' id='word_1_658' title='bbox 1935 4425 2020 4464; x_wconf 88' lang='lat' dir='ltr'><strong>ce-</strong></span> 
     </span>
    </p>
   </div>
   <div class='ocr_carea' id='block_1_93' title="bbox 2122 4390 3706 4480">
    <p class='ocr_par' dir='ltr' id='par_1_93' title="bbox 2130 4402 3706 4480">
     <span class='ocr_line' id='line_1_93' title="bbox 2130 4402 3706 4480; baseline -0.006 -16"><span class='ocrx_word' id='word_1_659' title='bbox 2130 4411 2435 4480; x_wconf 83' lang='grc' dir='ltr'>κεχωρήκει</span> <span class='ocrx_word' id='word_1_660' title='bbox 2475 4407 2542 4459; x_wconf 77' lang='grc' dir='ltr'>τὰ</span> <span class='ocrx_word' id='word_1_661' title='bbox 2588 4405 2788 4468; x_wconf 84' lang='grc' dir='ltr'>πάντα,</span> <span class='ocrx_word' id='word_1_662' title='bbox 2821 4403 3080 4473; x_wconf 77' lang='grc' dir='ltr'>ἐκϐοῆσαι</span> <span class='ocrx_word' id='word_1_663' title='bbox 3125 4403 3340 4472; x_wconf 81' lang='grc' dir='ltr'>λέγεται</span> <span class='ocrx_word' id='word_1_664' title='bbox 3369 4403 3506 4474; x_wconf 72' lang='grc' dir='ltr'>πρὸς</span> <span class='ocrx_word' id='word_1_665' title='bbox 3547 4402 3706 4455; x_wconf 84' lang='grc' dir='ltr'>αὑτὸν</span> 
     </span>
    </p>
   </div>
   <div class='ocr_carea' id='block_1_94' title="bbox 447 4493 2028 4568">
    <p class='ocr_par' dir='ltr' id='par_1_94' title="bbox 447 4493 2028 4568">
     <span class='ocr_line' id='line_1_94' title="bbox 447 4493 2028 4568; baseline 0.004 -20"><span class='ocrx_word' id='word_1_666' title='bbox 447 4495 794 4564; x_wconf 78' lang='lat' dir='ltr'><strong>dente,signo</strong></span> <span class='ocrx_word' id='word_1_667' title='bbox 817 4493 1047 4564; x_wconf 90' lang='lat' dir='ltr'><strong>(crucis)</strong></span> <span class='ocrx_word' id='word_1_668' title='bbox 1079 4495 1497 4550; x_wconf 87' lang='lat' dir='ltr'><strong>discutiebatur.</strong></span> <span class='ocrx_word' id='word_1_669' title='bbox 1533 4496 1895 4568; x_wconf 81' lang='lat' dir='ltr'><strong>Posteaquam</strong></span> <span class='ocrx_word' id='word_1_670' title='bbox 1930 4515 2028 4555; x_wconf 83' lang='lat' dir='ltr'><strong>au-</strong></span> 
     </span>
    </p>
   </div>
   <div class='ocr_carea' id='block_1_95' title="bbox 448 4587 2027 4652">
    <p class='ocr_par' dir='ltr' id='par_1_95' title="bbox 448 4587 2027 4652">
     <span class='ocr_line' id='line_1_95' title="bbox 448 4587 2027 4652; baseline 0.004 -10"><span class='ocrx_word' id='word_1_671' title='bbox 448 4596 558 4652; x_wconf 82' lang='lat' dir='ltr'><strong>tem</strong></span> <span class='ocrx_word' id='word_1_672' title='bbox 576 4587 624 4641; x_wconf 92' lang='lat' dir='ltr'><strong>ei</strong></span> <span class='ocrx_word' id='word_1_673' title='bbox 643 4587 828 4642; x_wconf 89' lang='lat' dir='ltr'><strong>omnia</strong></span> <span class='ocrx_word' id='word_1_674' title='bbox 856 4601 923 4642; x_wconf 84' lang='lat' dir='ltr'><strong>ex</strong></span> <span class='ocrx_word' id='word_1_675' title='bbox 949 4589 1220 4642; x_wconf 86' lang='lat' dir='ltr'><strong>sententia</strong></span> <span class='ocrx_word' id='word_1_676' title='bbox 1246 4600 1656 4651; x_wconf 78' lang='lat' dir='ltr'><strong>successerant.</strong></span> <span class='ocrx_word' id='word_1_677' title='bbox 1686 4593 2027 4652; x_wconf 77' lang='lat' dir='ltr'><strong>exclamasse</strong></span> 
     </span>
    </p>
   </div>
   <div class='ocr_carea' id='block_1_96' title="bbox 447 4676 2025 4748">
    <p class='ocr_par' dir='ltr' id='par_1_96' title="bbox 447 4676 2025 4748">
     <span class='ocr_line' id='line_1_96' title="bbox 447 4676 2025 4748; baseline 0.004 -16"><span class='ocrx_word' id='word_1_678' title='bbox 447 4677 651 4742; x_wconf 86' lang='lat' dir='ltr'><strong>dicitur</strong></span> <span class='ocrx_word' id='word_1_679' title='bbox 671 4677 736 4730; x_wconf 92' lang='lat' dir='ltr'><strong>ad</strong></span> <span class='ocrx_word' id='word_1_680' title='bbox 774 4691 898 4730; x_wconf 90' lang='lat' dir='ltr'><strong>eum</strong></span> <span class='ocrx_word' id='word_1_681' title='bbox 934 4676 1172 4730; x_wconf 85' lang='lat' dir='ltr'><strong>humana</strong></span> <span class='ocrx_word' id='word_1_682' title='bbox 1212 4693 1345 4732; x_wconf 76' lang='lat' dir='ltr'><strong>voce</strong></span> <span class='ocrx_word' id='word_1_683' title='bbox 1409 4679 1758 4748; x_wconf 65' lang='lat' dir='ltr'><strong>daemonium,</strong></span> <span class='ocrx_word' id='word_1_684' title='bbox 1803 4700 1870 4738; x_wconf 91' lang='lat' dir='ltr'><strong>ne</strong></span> <span class='ocrx_word' id='word_1_685' title='bbox 1920 4685 2025 4738; x_wconf 75' lang='lat' dir='ltr'><strong>Sibi</strong></span> 
     </span>
    </p>
   </div>
   <div class='ocr_carea' id='block_1_97' title="bbox 445 4768 2028 4843">
    <p class='ocr_par' dir='ltr' id='par_1_97' title="bbox 445 4768 2028 4843">
     <span class='ocr_line' id='line_1_97' title="bbox 445 4768 2028 4843; baseline 0.005 -19"><span class='ocrx_word' id='word_1_686' title='bbox 445 4770 702 4825; x_wconf 87' lang='lat' dir='ltr'><strong>virtutem</strong></span> <span class='ocrx_word' id='word_1_687' title='bbox 732 4769 876 4822; x_wconf 89' lang='lat' dir='ltr'><strong>illam</strong></span> <span class='ocrx_word' id='word_1_688' title='bbox 905 4768 1222 4836; x_wconf 88' lang='lat' dir='ltr'><strong>imputaret,</strong></span> <span class='ocrx_word' id='word_1_689' title='bbox 1251 4785 1348 4840; x_wconf 89' lang='lat' dir='ltr'><strong>per</strong></span> <span class='ocrx_word' id='word_1_690' title='bbox 1376 4787 1538 4841; x_wconf 84' lang='lat' dir='ltr'><strong>quam</strong></span> <span class='ocrx_word' id='word_1_691' title='bbox 1569 4777 1861 4843; x_wconf 75' lang='lat' dir='ltr'><strong>perniciem</strong></span> <span class='ocrx_word' id='word_1_692' title='bbox 1891 4779 2028 4833; x_wconf 80' lang='lat' dir='ltr'><strong>eli‘u-</strong></span> 
     </span>
    </p>
   </div>
   <div class='ocr_carea' id='block_1_98' title="bbox 2125 4493 3708 4572">
    <p class='ocr_par' dir='ltr' id='par_1_98' title="bbox 2125 4493 3708 4572">
     <span class='ocr_line' id='line_1_98' title="bbox 2125 4493 3708 4572; baseline -0.005 -18"><span class='ocrx_word' id='word_1_693' title='bbox 2125 4499 2440 4572; x_wconf 80' lang='grc' dir='ltr'>ἀνθρωπίνῃ</span> <span class='ocrx_word' id='word_1_694' title='bbox 2471 4499 2620 4568; x_wconf 84' lang='grc' dir='ltr'>φωνῇ</span> <span class='ocrx_word' id='word_1_695' title='bbox 2641 4497 2705 4550; x_wconf 81' lang='grc' dir='ltr'>τὸ</span> <span class='ocrx_word' id='word_1_696' title='bbox 2731 4495 3026 4568; x_wconf 84' lang='grc' dir='ltr'>δαιμόνιον,</span> <span class='ocrx_word' id='word_1_697' title='bbox 3056 4495 3130 4566; x_wconf 82' lang='grc' dir='ltr'>μὴ</span> <span class='ocrx_word' id='word_1_698' title='bbox 3157 4497 3243 4549; x_wconf 81' lang='grc' dir='ltr'>ἐπ’</span> <span class='ocrx_word' id='word_1_699' title='bbox 3261 4494 3408 4565; x_wconf 85' lang='grc' dir='ltr'>αὐτῷ</span> <span class='ocrx_word' id='word_1_700' title='bbox 3427 4495 3526 4564; x_wconf 82' lang='grc' dir='ltr'>τὴν</span> <span class='ocrx_word' id='word_1_701' title='bbox 3553 4493 3708 4547; x_wconf 85' lang='grc' dir='ltr'>δύνα-</span> 
     </span>
    </p>
   </div>
   <div class='ocr_carea' id='block_1_99' title="bbox 2129 4576 3704 4664">
    <p class='ocr_par' dir='ltr' id='par_1_99' title="bbox 2129 4576 3704 4664">
     <span class='ocr_line' id='line_1_99' title="bbox 2129 4576 3704 4664; baseline -0.005 -18"><span class='ocrx_word' id='word_1_702' title='bbox 2129 4611 2219 4664; x_wconf 87' lang='grc' dir='ltr'><strong>μιν</strong></span> <span class='ocrx_word' id='word_1_703' title='bbox 2258 4576 2468 4660; x_wconf 77' lang='grc' dir='ltr'>ἐκείνην</span> <span class='ocrx_word' id='word_1_704' title='bbox 2518 4588 2855 4657; x_wconf 85' lang='grc' dir='ltr'>λογίσασθαι,</span> <span class='ocrx_word' id='word_1_705' title='bbox 2884 4587 2951 4640; x_wconf 79' lang='grc' dir='ltr'><strong>δι’</strong></span> <span class='ocrx_word' id='word_1_706' title='bbox 2979 4582 3048 4660; x_wconf 81' lang='grc' dir='ltr'>ἦς</span> <span class='ocrx_word' id='word_1_707' title='bbox 3088 4588 3179 4640; x_wconf 78' lang='grc' dir='ltr'>τὸν</span> <span class='ocrx_word' id='word_1_708' title='bbox 3205 4585 3424 4657; x_wconf 72' lang='grc' dir='ltr'>ὄλεθρον</span> <span class='ocrx_word' id='word_1_709' title='bbox 3465 4587 3666 4657; x_wconf 75' lang='grc' dir='ltr'>ἔφυγεν</span> <span class='ocrx_word' id='word_1_710' title='bbox 3687 4601 3704 4620; x_wconf 74' lang='lat'><strong>&#39;-</strong></span> 
     </span>
    </p>
   </div>
   <div class='ocr_carea' id='block_1_100' title="bbox 2126 4679 3704 4755">
    <p class='ocr_par' dir='ltr' id='par_1_100' title="bbox 2126 4679 3704 4755">
     <span class='ocr_line' id='line_1_100' title="bbox 2126 4679 3704 4755; baseline -0.003 -19"><span class='ocrx_word' id='word_1_711' title='bbox 2126 4687 2159 4755; x_wconf 81' lang='grc' dir='ltr'><strong>ἠ</strong></span> <span class='ocrx_word' id='word_1_712' title='bbox 2194 4685 2302 4754; x_wconf 75' lang='grc' dir='ltr'>γὰρ</span> <span class='ocrx_word' id='word_1_713' title='bbox 2335 4682 2486 4752; x_wconf 83' lang='grc' dir='ltr'>φωνὴ</span> <span class='ocrx_word' id='word_1_714' title='bbox 2511 4680 2604 4734; x_wconf 86' lang='grc' dir='ltr'>τοῦ</span> <span class='ocrx_word' id='word_1_715' title='bbox 2654 4679 3036 4751; x_wconf 82' lang='grc' dir='ltr'>παραθεμένου</span> <span class='ocrx_word' id='word_1_716' title='bbox 3065 4679 3230 4733; x_wconf 85' lang='grc' dir='ltr'>αὑτὸν</span> <span class='ocrx_word' id='word_1_717' title='bbox 3263 4679 3342 4749; x_wconf 79' lang='grc' dir='ltr'>τῷ</span> <span class='ocrx_word' id='word_1_718' title='bbox 3381 4679 3704 4748; x_wconf 84' lang='grc' dir='ltr'>φυλάσσοντι</span> 
     </span>
    </p>
   </div>
   <div class='ocr_carea' id='block_1_101' title="bbox 2123 4773 2776 4843">
    <p class='ocr_par' dir='ltr' id='par_1_101' title="bbox 2123 4773 2776 4843">
     <span class='ocr_line' id='line_1_101' title="bbox 2123 4773 2776 4843; baseline -0.006 -13"><span class='ocrx_word' id='word_1_719' title='bbox 2123 4778 2186 4830; x_wconf 76' lang='grc' dir='ltr'>τὸ</span> <span class='ocrx_word' id='word_1_720' title='bbox 2225 4774 2434 4836; x_wconf 81' lang='grc' dir='ltr'>ἀπαθὲς</span> <span class='ocrx_word' id='word_1_721' title='bbox 2461 4773 2776 4843; x_wconf 83' lang='grc' dir='ltr'>ἐχαρίσατο.</span> 
     </span>
    </p>
   </div>
   <div class='ocr_carea' id='block_1_102' title="bbox 446 4859 3706 4942">
    <p class='ocr_par' dir='ltr' id='par_1_102' title="bbox 446 4859 3706 4942">
     <span class='ocr_line' id='line_1_102' title="bbox 446 4859 3706 4942; baseline 0 -29"><span class='ocrx_word' id='word_1_722' title='bbox 446 4864 650 4930; x_wconf 86' lang='lat' dir='ltr'><strong>gisset;</strong></span> <span class='ocrx_word' id='word_1_723' title='bbox 705 4875 896 4914; x_wconf 85' lang='lat' dir='ltr'><strong>vocem</strong></span> <span class='ocrx_word' id='word_1_724' title='bbox 935 4859 1082 4913; x_wconf 92' lang='lat' dir='ltr'><strong>enim</strong></span> <span class='ocrx_word' id='word_1_725' title='bbox 1131 4859 1275 4928; x_wconf 84' lang='lat' dir='ltr'><strong>ejus,</strong></span> <span class='ocrx_word' id='word_1_726' title='bbox 1326 4877 1357 4916; x_wconf 75' lang='grc' dir='ltr'><strong>α</strong></span> <span class='ocrx_word' id='word_1_727' title='bbox 1398 4879 1509 4932; x_wconf 90' lang='lat' dir='ltr'><strong>quo</strong></span> <span class='ocrx_word' id='word_1_728' title='bbox 1547 4867 1811 4922; x_wconf 73' lang='lat' dir='ltr'><strong>custodite</strong></span> <span class='ocrx_word' id='word_1_729' title='bbox 1860 4878 2026 4937; x_wconf 83' lang='lat' dir='ltr'><strong>atque</strong></span> <span class='ocrx_word' id='word_1_730' title='bbox 2070 4867 2332 4942; x_wconf 61' lang='lat' dir='ltr'><strong>pra‘sidio</strong></span> <span class='ocrx_word' id='word_1_731' title='bbox 2366 4865 2552 4920; x_wconf 86' lang='lat' dir='ltr'><strong>divino</strong></span> <span class='ocrx_word' id='word_1_732' title='bbox 2594 4861 3012 4918; x_wconf 86' lang='lat' dir='ltr'><strong>commendatus</strong></span> <span class='ocrx_word' id='word_1_733' title='bbox 3051 4868 3218 4926; x_wconf 85' lang='lat' dir='ltr'><strong>esset,</strong></span> <span class='ocrx_word' id='word_1_734' title='bbox 3269 4860 3372 4916; x_wconf 89' lang='lat' dir='ltr'><strong>hoc</strong></span> <span class='ocrx_word' id='word_1_735' title='bbox 3400 4865 3454 4914; x_wconf 81' lang='lat' dir='ltr'><strong>ei</strong></span> <span class='ocrx_word' id='word_1_736' title='bbox 3495 4860 3706 4930; x_wconf 59' lang='lat' dir='ltr'><strong>praesti—</strong></span> 
     </span>
    </p>
   </div>
   <div class='ocr_carea' id='block_1_103' title="bbox 381 4955 1553 5034">
    <p class='ocr_par' dir='ltr' id='par_1_103' title="bbox 381 4955 1553 5034">
     <span class='ocr_line' id='line_1_103' title="bbox 381 4955 1553 5034; baseline -0.001 -23"><span class='ocrx_word' id='word_1_737' title='bbox 381 5021 387 5034; x_wconf 23' lang='grc' dir='ltr'><strong><em>Β</em></strong></span> <span class='ocrx_word' id='word_1_738' title='bbox 445 4958 602 5034; x_wconf 73' lang='lat' dir='ltr'><strong>tisse,</strong></span> <span class='ocrx_word' id='word_1_739' title='bbox 632 4963 691 5010; x_wconf 87' lang='lat' dir='ltr'><strong>ut</strong></span> <span class='ocrx_word' id='word_1_740' title='bbox 717 4956 786 5009; x_wconf 89' lang='lat' dir='ltr'><strong>ab</strong></span> <span class='ocrx_word' id='word_1_741' title='bbox 815 4955 1177 5010; x_wconf 80' lang='lat' dir='ltr'><strong>incommodis</strong></span> <span class='ocrx_word' id='word_1_742' title='bbox 1206 4964 1359 5010; x_wconf 87' lang='lat' dir='ltr'><strong>tutus</strong></span> <span class='ocrx_word' id='word_1_743' title='bbox 1388 4963 1553 5010; x_wconf 63' lang='lat' dir='ltr'><strong>essu.</strong></span> 
     </span>
    </p>
   </div>
   <div class='ocr_carea' id='block_1_104' title="bbox 380 5031 2026 5118">
    <p class='ocr_par' dir='ltr' id='par_1_104' title="bbox 380 5031 2026 5118">
     <span class='ocr_line' id='line_1_104' title="bbox 380 5031 2026 5118; baseline 0.002 -15"><span class='ocrx_word' id='word_1_744' title='bbox 380 5031 384 5039; x_wconf 59' lang='grc'><em>’</em></span> <span class='ocrx_word' id='word_1_745' title='bbox 519 5031 780 5103; x_wconf 80' lang='lat' dir='ltr'><strong>Servatus</strong></span> <span class='ocrx_word' id='word_1_746' title='bbox 815 5047 1018 5118; x_wconf 85' lang='lat' dir='ltr'><strong>igitur,</strong></span> <span class='ocrx_word' id='word_1_747' title='bbox 1063 5047 1525 5118; x_wconf 88' lang='lat' dir='ltr'><strong>quemadmodum</strong></span> <span class='ocrx_word' id='word_1_748' title='bbox 1557 5047 1818 5116; x_wconf 75' lang='lat' dir='ltr'><strong>diximus,</strong></span> <span class='ocrx_word' id='word_1_749' title='bbox 1852 5051 2026 5106; x_wconf 87' lang='lat' dir='ltr'><strong>admi-</strong></span> 
     </span>
    </p>
   </div>
   <div class='ocr_carea' id='block_1_105' title="bbox 449 5139 2022 5210">
    <p class='ocr_par' dir='ltr' id='par_1_105' title="bbox 449 5139 2022 5210">
     <span class='ocr_line' id='line_1_105' title="bbox 449 5139 2022 5210; baseline 0.003 -18"><span class='ocrx_word' id='word_1_750' title='bbox 449 5139 645 5194; x_wconf 87' lang='lat' dir='ltr'><strong>rationi</strong></span> <span class='ocrx_word' id='word_1_751' title='bbox 687 5141 790 5194; x_wconf 88' lang='lat' dir='ltr'><strong>luci</strong></span> <span class='ocrx_word' id='word_1_752' title='bbox 835 5141 1110 5209; x_wconf 67' lang='lat' dir='ltr'><strong>prtel‘ectis</strong></span> <span class='ocrx_word' id='word_1_753' title='bbox 1140 5141 1272 5204; x_wconf 80' lang='lat' dir='ltr'><strong>fuit,</strong></span> <span class='ocrx_word' id='word_1_754' title='bbox 1326 5155 1392 5195; x_wconf 86' lang='lat' dir='ltr'><strong>eo</strong></span> <span class='ocrx_word' id='word_1_755' title='bbox 1425 5140 1570 5210; x_wconf 89' lang='lat' dir='ltr'><strong>quod</strong></span> <span class='ocrx_word' id='word_1_756' title='bbox 1612 5156 1774 5195; x_wconf 88' lang='lat' dir='ltr'><strong>nemo</strong></span> <span class='ocrx_word' id='word_1_757' title='bbox 1805 5159 2022 5206; x_wconf 86' lang='lat' dir='ltr'><strong>eorum,</strong></span> 
     </span>
    </p>
   </div>
   <div class='ocr_carea' id='block_1_106' title="bbox 451 5229 2026 5301">
    <p class='ocr_par' dir='ltr' id='par_1_106' title="bbox 451 5229 2026 5301">
     <span class='ocr_line' id='line_1_106' title="bbox 451 5229 2026 5301; baseline 0.006 -20"><span class='ocrx_word' id='word_1_758' title='bbox 451 5229 540 5298; x_wconf 87' lang='lat' dir='ltr'><strong>qui</strong></span> <span class='ocrx_word' id='word_1_759' title='bbox 579 5246 820 5297; x_wconf 88' lang='lat' dir='ltr'><strong>unquam</strong></span> <span class='ocrx_word' id='word_1_760' title='bbox 874 5231 928 5284; x_wconf 88' lang='lat' dir='ltr'><strong>id</strong></span> <span class='ocrx_word' id='word_1_761' title='bbox 970 5232 1231 5300; x_wconf 83' lang='lat' dir='ltr'><strong>temporis</strong></span> <span class='ocrx_word' id='word_1_762' title='bbox 1273 5247 1469 5301; x_wconf 83' lang='lat' dir='ltr'><strong>aquam</strong></span> <span class='ocrx_word' id='word_1_763' title='bbox 1500 5232 1706 5300; x_wconf 76' lang='lat' dir='ltr'><strong>ingredi</strong></span> <span class='ocrx_word' id='word_1_764' title='bbox 1757 5237 1906 5290; x_wconf 85' lang='lat' dir='ltr'><strong>aussi</strong></span> <span class='ocrx_word' id='word_1_765' title='bbox 1936 5252 2026 5290; x_wconf 85' lang='lat' dir='ltr'><strong>es-</strong></span> 
     </span>
    </p>
   </div>
   <div class='ocr_carea' id='block_1_107' title="bbox 449 5321 2026 5394">
    <p class='ocr_par' dir='ltr' id='par_1_107' title="bbox 449 5321 2026 5394">
     <span class='ocr_line' id='line_1_107' title="bbox 449 5321 2026 5394; baseline 0.003 -17"><span class='ocrx_word' id='word_1_766' title='bbox 449 5330 593 5383; x_wconf 90' lang='lat' dir='ltr'><strong>sent,</strong></span> <span class='ocrx_word' id='word_1_767' title='bbox 621 5321 761 5376; x_wconf 89' lang='lat' dir='ltr'><strong>inler</strong></span> <span class='ocrx_word' id='word_1_768' title='bbox 783 5323 937 5377; x_wconf 83' lang='lat' dir='ltr'><strong>vivos</strong></span> <span class='ocrx_word' id='word_1_769' title='bbox 966 5335 1152 5391; x_wconf 89' lang='lat' dir='ltr'><strong>postea</strong></span> <span class='ocrx_word' id='word_1_770' title='bbox 1187 5334 1517 5394; x_wconf 86' lang='lat' dir='ltr'><strong>conspectus</strong></span> <span class='ocrx_word' id='word_1_771' title='bbox 1547 5335 1713 5379; x_wconf 84' lang='lat' dir='ltr'><strong>esset.</strong></span> <span class='ocrx_word' id='word_1_772' title='bbox 1750 5326 1888 5380; x_wconf 88' lang='lat' dir='ltr'><strong>Cum</strong></span> <span class='ocrx_word' id='word_1_773' title='bbox 1927 5344 2026 5383; x_wconf 87' lang='lat' dir='ltr'><strong>au-</strong></span> 
     </span>
    </p>
   </div>
   <div class='ocr_carea' id='block_1_108' title="bbox 448 5410 2020 5479">
    <p class='ocr_par' dir='ltr' id='par_1_108' title="bbox 448 5410 2020 5479">
     <span class='ocr_line' id='line_1_108' title="bbox 448 5410 2020 5479; baseline 0.005 -16"><span class='ocrx_word' id='word_1_774' title='bbox 448 5419 558 5463; x_wconf 88' lang='lat' dir='ltr'><strong>tem</strong></span> <span class='ocrx_word' id='word_1_775' title='bbox 586 5421 638 5463; x_wconf 89' lang='lat' dir='ltr'><strong>et</strong></span> <span class='ocrx_word' id='word_1_776' title='bbox 669 5410 767 5462; x_wconf 87' lang='lat' dir='ltr'><strong>hos</strong></span> <span class='ocrx_word' id='word_1_777' title='bbox 793 5428 912 5479; x_wconf 67' lang='lat' dir='ltr'><strong>quae</strong></span> <span class='ocrx_word' id='word_1_778' title='bbox 938 5413 1040 5466; x_wconf 87' lang='lat' dir='ltr'><strong>sibi</strong></span> <span class='ocrx_word' id='word_1_779' title='bbox 1073 5415 1422 5476; x_wconf 83' lang='lat' dir='ltr'><strong>accidissent,</strong></span> <span class='ocrx_word' id='word_1_780' title='bbox 1448 5414 1752 5479; x_wconf 91' lang='lat' dir='ltr'><strong>docuisset,</strong></span> <span class='ocrx_word' id='word_1_781' title='bbox 1787 5425 1840 5470; x_wconf 88' lang='lat' dir='ltr'><strong>et</strong></span> <span class='ocrx_word' id='word_1_782' title='bbox 1873 5434 2020 5471; x_wconf 88' lang='lat' dir='ltr'><strong>mar-</strong></span> 
     </span>
    </p>
   </div>
   <div class='ocr_carea' id='block_1_109' title="bbox 448 5501 2016 5576">
    <p class='ocr_par' dir='ltr' id='par_1_109' title="bbox 448 5501 2016 5576">
     <span class='ocr_line' id='line_1_109' title="bbox 448 5501 2016 5576; baseline 0.003 -21"><span class='ocrx_word' id='word_1_783' title='bbox 448 5513 627 5573; x_wconf 82' lang='lat' dir='ltr'><strong>tyrum</strong></span> <span class='ocrx_word' id='word_1_784' title='bbox 656 5501 707 5554; x_wconf 91' lang='lat' dir='ltr'><strong>in</strong></span> <span class='ocrx_word' id='word_1_785' title='bbox 732 5502 866 5556; x_wconf 85' lang='lat' dir='ltr'><strong>urbe</strong></span> <span class='ocrx_word' id='word_1_786' title='bbox 894 5503 1052 5556; x_wconf 72' lang='lat' dir='ltr'><strong>fortia</strong></span> <span class='ocrx_word' id='word_1_787' title='bbox 1078 5504 1218 5558; x_wconf 73' lang='lat' dir='ltr'><strong>facta</strong></span> <span class='ocrx_word' id='word_1_788' title='bbox 1247 5505 1321 5559; x_wconf 88' lang='lat' dir='ltr'><strong>ita</strong></span> <span class='ocrx_word' id='word_1_789' title='bbox 1347 5506 1618 5561; x_wconf 89' lang='lat' dir='ltr'><strong>accidisse</strong></span> <span class='ocrx_word' id='word_1_790' title='bbox 1651 5507 2016 5576; x_wconf 85' lang='lat' dir='ltr'><strong>cognovisset,</strong></span> 
     </span>
    </p>
   </div>
   <div class='ocr_carea' id='block_1_110' title="bbox 448 5595 2021 5668">
    <p class='ocr_par' dir='ltr' id='par_1_110' title="bbox 448 5595 2021 5668">
     <span class='ocr_line' id='line_1_110' title="bbox 448 5595 2021 5668; baseline 0.003 -20"><span class='ocrx_word' id='word_1_791' title='bbox 448 5595 907 5665; x_wconf 81' lang='lat' dir='ltr'><strong>qtn-unulmodum</strong></span> <span class='ocrx_word' id='word_1_792' title='bbox 931 5611 1159 5665; x_wconf 84' lang='lat' dir='ltr'><strong>magnus</strong></span> <span class='ocrx_word' id='word_1_793' title='bbox 1191 5598 1376 5650; x_wconf 88' lang='lat' dir='ltr'><strong>illevir</strong></span> <span class='ocrx_word' id='word_1_794' title='bbox 1408 5597 1461 5652; x_wconf 90' lang='lat' dir='ltr'><strong>in</strong></span> <span class='ocrx_word' id='word_1_795' title='bbox 1493 5599 1789 5652; x_wconf 88' lang='lat' dir='ltr'><strong>solitudine</strong></span> <span class='ocrx_word' id='word_1_796' title='bbox 1819 5599 2021 5668; x_wconf 84' lang='lat' dir='ltr'><strong>degens</strong></span> 
     </span>
    </p>
   </div>
   <div class='ocr_carea' id='block_1_111' title="bbox 451 5689 2017 5769">
    <p class='ocr_par' dir='ltr' id='par_1_111' title="bbox 451 5689 2017 5769">
     <span class='ocr_line' id='line_1_111' title="bbox 451 5689 2017 5769; baseline 0.001 -25"><span class='ocrx_word' id='word_1_797' title='bbox 451 5698 576 5759; x_wconf 74' lang='lat' dir='ltr'><strong>ante</strong></span> <span class='ocrx_word' id='word_1_798' title='bbox 605 5689 986 5768; x_wconf 72' lang='lat' dir='ltr'><strong>exposuisset,</strong></span> <span class='ocrx_word' id='word_1_799' title='bbox 1034 5697 1254 5769; x_wconf 75' lang='lat' dir='ltr'><strong>propter</strong></span> <span class='ocrx_word' id='word_1_800' title='bbox 1293 5706 1386 5745; x_wconf 88' lang='lat' dir='ltr'><strong>eas</strong></span> <span class='ocrx_word' id='word_1_801' title='bbox 1424 5706 1510 5745; x_wconf 86' lang='lat' dir='ltr'><strong>res</strong></span> <span class='ocrx_word' id='word_1_802' title='bbox 1537 5707 1673 5760; x_wconf 86' lang='lat' dir='ltr'><strong>quas</strong></span> <span class='ocrx_word' id='word_1_803' title='bbox 1705 5700 1760 5744; x_wconf 85' lang='lat' dir='ltr'><strong>et</strong></span> <span class='ocrx_word' id='word_1_804' title='bbox 1791 5691 2017 5747; x_wconf 56' lang='grc' dir='ltr'><strong>γὶάίεςΛ</strong></span> 
     </span>
    </p>
   </div>
   <div class='ocr_carea' id='block_1_112' title="bbox 2196 5044 3706 5118">
    <p class='ocr_par' dir='ltr' id='par_1_112' title="bbox 2196 5044 3706 5118">
     <span class='ocr_line' id='line_1_112' title="bbox 2196 5044 3706 5118; baseline -0.004 -14"><span class='ocrx_word' id='word_1_805' title='bbox 2196 5047 2490 5110; x_wconf 76' lang='grc' dir='ltr'>Διασωθεὶς</span> <span class='ocrx_word' id='word_1_806' title='bbox 2517 5047 2697 5099; x_wconf 88' lang='grc' dir='ltr'>τοίνυν</span> <span class='ocrx_word' id='word_1_807' title='bbox 2744 5046 2888 5101; x_wconf 84' lang='grc' dir='ltr'><strong>κατά</strong></span> <span class='ocrx_word' id='word_1_808' title='bbox 2918 5046 3009 5099; x_wconf 77' lang='grc' dir='ltr'>τὸν</span> <span class='ocrx_word' id='word_1_809' title='bbox 3038 5046 3328 5118; x_wconf 73' lang='grc' dir='ltr'>εἰρημένον</span> <span class='ocrx_word' id='word_1_810' title='bbox 3365 5046 3585 5118; x_wconf 79' lang='grc' dir='ltr'>τρόπον,</span> <span class='ocrx_word' id='word_1_811' title='bbox 3615 5044 3706 5098; x_wconf 80' lang='grc' dir='ltr'>ἐκ·</span> 
     </span>
    </p>
   </div>
   <div class='ocr_carea' id='block_1_113' title="bbox 2123 5138 3706 5212">
    <p class='ocr_par' dir='ltr' id='par_1_113' title="bbox 2123 5138 3706 5212">
     <span class='ocr_line' id='line_1_113' title="bbox 2123 5138 3706 5212; baseline -0.003 -16"><span class='ocrx_word' id='word_1_812' title='bbox 2123 5143 2320 5212; x_wconf 80' lang='grc' dir='ltr'>πληξιν</span> <span class='ocrx_word' id='word_1_813' title='bbox 2351 5141 2576 5209; x_wconf 79' lang='grc' dir='ltr'>παρεῖχε</span> <span class='ocrx_word' id='word_1_814' title='bbox 2604 5141 2715 5201; x_wconf 80' lang='grc' dir='ltr'>τοῖς</span> <span class='ocrx_word' id='word_1_815' title='bbox 2746 5138 3098 5192; x_wconf 81' lang='grc' dir='ltr'>ἐπιστατοῦσι</span> <span class='ocrx_word' id='word_1_816' title='bbox 3143 5139 3236 5192; x_wconf 82' lang='grc' dir='ltr'>τοῦ</span> <span class='ocrx_word' id='word_1_817' title='bbox 3279 5140 3466 5199; x_wconf 82' lang='grc' dir='ltr'>τόπου,</span> <span class='ocrx_word' id='word_1_818' title='bbox 3494 5139 3706 5202; x_wconf 74' lang='grc' dir='ltr'>οὐδενὸς</span> 
     </span>
    </p>
   </div>
   <div class='ocr_carea' id='block_1_114' title="bbox 2123 5229 3704 5301">
    <p class='ocr_par' dir='ltr' id='par_1_114' title="bbox 2123 5229 3704 5301">
     <span class='ocr_line' id='line_1_114' title="bbox 2123 5229 3704 5301; baseline -0.003 -13"><span class='ocrx_word' id='word_1_819' title='bbox 2123 5234 2230 5288; x_wconf 85' lang='grc' dir='ltr'><strong>τῶν</strong></span> <span class='ocrx_word' id='word_1_820' title='bbox 2271 5231 2489 5286; x_wconf 80' lang='grc' dir='ltr'>πώποτε</span> <span class='ocrx_word' id='word_1_821' title='bbox 2517 5230 2659 5283; x_wconf 86' lang='grc' dir='ltr'><strong>κατά</strong></span> <span class='ocrx_word' id='word_1_822' title='bbox 2691 5229 2788 5301; x_wconf 81' lang='grc' dir='ltr'>τὴν</span> <span class='ocrx_word' id='word_1_823' title='bbox 2830 5229 2978 5299; x_wconf 81' lang='grc' dir='ltr'>ὤραν</span> <span class='ocrx_word' id='word_1_824' title='bbox 3020 5230 3235 5300; x_wconf 82' lang='grc' dir='ltr'>ἐκείνην</span> <span class='ocrx_word' id='word_1_825' title='bbox 3259 5229 3704 5300; x_wconf 64' lang='grc' dir='ltr'>κατατολμησάνμ-</span> 
     </span>
    </p>
   </div>
   <div class='ocr_carea' id='block_1_115' title="bbox 2123 5322 3703 5391">
    <p class='ocr_par' dir='ltr' id='par_1_115' title="bbox 2123 5322 3703 5391">
     <span class='ocr_line' id='line_1_115' title="bbox 2123 5322 3703 5391; baseline -0.004 -10"><span class='ocrx_word' id='word_1_826' title='bbox 2123 5345 2231 5380; x_wconf 84' lang='grc' dir='ltr'><strong>των</strong></span> <span class='ocrx_word' id='word_1_827' title='bbox 2262 5325 2357 5379; x_wconf 84' lang='grc' dir='ltr'><strong>τοῦ</strong></span> <span class='ocrx_word' id='word_1_828' title='bbox 2389 5323 2581 5386; x_wconf 80' lang='grc' dir='ltr'>ὓδατος</span> <span class='ocrx_word' id='word_1_829' title='bbox 2606 5325 2663 5376; x_wconf 77' lang='grc' dir='ltr'><strong>ἐν</strong></span> <span class='ocrx_word' id='word_1_830' title='bbox 2699 5325 2812 5386; x_wconf 83' lang='grc' dir='ltr'>τοῖς</span> <span class='ocrx_word' id='word_1_831' title='bbox 2843 5322 2978 5384; x_wconf 77' lang='grc' dir='ltr'>ζῶσι</span> <span class='ocrx_word' id='word_1_832' title='bbox 3009 5323 3286 5391; x_wconf 85' lang='grc' dir='ltr'>φανέντος.</span> <span class='ocrx_word' id='word_1_833' title='bbox 3329 5323 3480 5374; x_wconf 76' lang='grc' dir='ltr'>Ἐπεὶ</span> <span class='ocrx_word' id='word_1_834' title='bbox 3501 5322 3558 5375; x_wconf 79' lang='grc' dir='ltr'>δὲ</span> <span class='ocrx_word' id='word_1_835' title='bbox 3577 5322 3703 5375; x_wconf 87' lang='grc' dir='ltr'>τού-</span> 
     </span>
    </p>
   </div>
   <div class='ocr_carea' id='block_1_116' title="bbox 2128 5412 3706 5484">
    <p class='ocr_par' dir='ltr' id='par_1_116' title="bbox 2128 5412 3706 5484">
     <span class='ocr_line' id='line_1_116' title="bbox 2128 5412 3706 5484; baseline -0.005 -12"><span class='ocrx_word' id='word_1_836' title='bbox 2128 5435 2240 5481; x_wconf 86' lang='grc' dir='ltr'>τοις</span> <span class='ocrx_word' id='word_1_837' title='bbox 2262 5417 2331 5471; x_wconf 89' lang='grc' dir='ltr'><strong>τά</strong></span> <span class='ocrx_word' id='word_1_838' title='bbox 2362 5415 2482 5470; x_wconf 83' lang='grc' dir='ltr'>καθ’</span> <span class='ocrx_word' id='word_1_839' title='bbox 2498 5415 2687 5468; x_wconf 77' lang='grc' dir='ltr'>ἑαυτὸν</span> <span class='ocrx_word' id='word_1_840' title='bbox 2707 5415 3023 5484; x_wconf 78' lang='grc' dir='ltr'>διηγήσατο,</span> <span class='ocrx_word' id='word_1_841' title='bbox 3047 5414 3140 5466; x_wconf 76' lang='grc' dir='ltr'>καὶ</span> <span class='ocrx_word' id='word_1_842' title='bbox 3165 5413 3235 5466; x_wconf 79' lang='grc' dir='ltr'><strong>τὰ</strong></span> <span class='ocrx_word' id='word_1_843' title='bbox 3265 5412 3405 5465; x_wconf 72' lang='grc' dir='ltr'>κατὰ</span> <span class='ocrx_word' id='word_1_844' title='bbox 3428 5414 3527 5476; x_wconf 76' lang='grc' dir='ltr'>τὴν</span> <span class='ocrx_word' id='word_1_845' title='bbox 3557 5414 3706 5465; x_wconf 77' lang='grc' dir='ltr'>πόλιν</span> 
     </span>
    </p>
   </div>
   <div class='ocr_carea' id='block_1_117' title="bbox 2128 5506 3708 5580">
    <p class='ocr_par' dir='ltr' id='par_1_117' title="bbox 2128 5506 3708 5580">
     <span class='ocr_line' id='line_1_117' title="bbox 2128 5506 3708 5580; baseline -0.003 -19"><span class='ocrx_word' id='word_1_846' title='bbox 2128 5511 2236 5561; x_wconf 85' lang='grc' dir='ltr'>τῶν</span> <span class='ocrx_word' id='word_1_847' title='bbox 2270 5506 2560 5580; x_wconf 83' lang='grc' dir='ltr'>μαρτύρων</span> <span class='ocrx_word' id='word_1_848' title='bbox 2599 5507 2911 5579; x_wconf 84' lang='grc' dir='ltr'>ἀνδραγαθή</span> <span class='ocrx_word' id='word_1_849' title='bbox 2922 5522 3066 5576; x_wconf 88' lang='grc' dir='ltr'>ματα</span> <span class='ocrx_word' id='word_1_850' title='bbox 3094 5507 3285 5560; x_wconf 83' lang='grc' dir='ltr'>τοῦτον</span> <span class='ocrx_word' id='word_1_851' title='bbox 3306 5506 3450 5574; x_wconf 80' lang='grc' dir='ltr'>ἔγνω</span> <span class='ocrx_word' id='word_1_852' title='bbox 3480 5523 3708 5574; x_wconf 77' lang='grc' dir='ltr'>γεγενη·</span> 
     </span>
    </p>
   </div>
   <div class='ocr_carea' id='block_1_118' title="bbox 2135 5597 3706 5670">
    <p class='ocr_par' dir='ltr' id='par_1_118' title="bbox 2135 5597 3706 5670">
     <span class='ocr_line' id='line_1_118' title="bbox 2135 5597 3706 5670; baseline -0.003 -18"><span class='ocrx_word' id='word_1_853' title='bbox 2135 5601 2272 5670; x_wconf 83' lang='grc' dir='ltr'>μένα.</span> <span class='ocrx_word' id='word_1_854' title='bbox 2293 5600 2384 5652; x_wconf 83' lang='grc' dir='ltr'>τὸν</span> <span class='ocrx_word' id='word_1_855' title='bbox 2405 5599 2625 5669; x_wconf 80' lang='grc' dir='ltr'>τρόπον,</span> <span class='ocrx_word' id='word_1_856' title='bbox 2649 5597 2708 5648; x_wconf 86' lang='grc' dir='ltr'>ὃν</span> <span class='ocrx_word' id='word_1_857' title='bbox 2738 5598 2830 5648; x_wconf 73' lang='grc' dir='ltr'><strong>ἐπὶ</strong></span> <span class='ocrx_word' id='word_1_858' title='bbox 2855 5597 2956 5666; x_wconf 83' lang='grc' dir='ltr'>τῆς</span> <span class='ocrx_word' id='word_1_859' title='bbox 2992 5598 3227 5667; x_wconf 79' lang='grc' dir='ltr'>ἐρημίας</span> <span class='ocrx_word' id='word_1_860' title='bbox 3252 5599 3279 5650; x_wconf 82' lang='grc' dir='ltr'><em>ὀ</em></span> <span class='ocrx_word' id='word_1_861' title='bbox 3313 5598 3487 5668; x_wconf 82' lang='grc' dir='ltr'>μέγας</span> <span class='ocrx_word' id='word_1_862' title='bbox 3506 5597 3706 5664; x_wconf 77' lang='grc' dir='ltr'>διάγων</span> 
     </span>
    </p>
   </div>
   <div class='ocr_carea' id='block_1_119' title="bbox 2129 5687 3707 5762">
    <p class='ocr_par' dir='ltr' id='par_1_119' title="bbox 2129 5687 3707 5762">
     <span class='ocr_line' id='line_1_119' title="bbox 2129 5687 3707 5762; baseline -0.002 -20"><span class='ocrx_word' id='word_1_863' title='bbox 2129 5689 2550 5762; x_wconf 77' lang='grc' dir='ltr'>προδιηγήσατο,</span> <span class='ocrx_word' id='word_1_864' title='bbox 2579 5688 2832 5758; x_wconf 68' lang='grc' dir='ltr'>προσθεὶς</span> <span class='ocrx_word' id='word_1_865' title='bbox 2884 5691 2994 5752; x_wconf 78' lang='grc' dir='ltr'>τοῖς</span> <span class='ocrx_word' id='word_1_866' title='bbox 3035 5689 3160 5760; x_wconf 74' lang='grc' dir='ltr'>περὶ</span> <span class='ocrx_word' id='word_1_867' title='bbox 3206 5689 3372 5748; x_wconf 73' lang='grc' dir='ltr'>αὑτοῦ</span> <span class='ocrx_word' id='word_1_868' title='bbox 3405 5687 3707 5760; x_wconf 54' lang='grc' dir='ltr'>διηγήμασι</span> 
     </span>
    </p>
   </div>
  </div>
