4092 6368
328 301 437 359 955
1320 299 1409 354 DE
1449 300 1609 356 vm
1648 300 1706 356 s.
1735 300 2070 358 GBEGORII
2110 300 2649 361 THAUMATURGI.
3478 289 3585 362 ρει

330 436 388 471 τε
440 416 532 471 καὶ
564 416 827 488 θαύμασι,
856 416 922 470 δι’
953 409 1029 471 ὧν
1079 433 1138 469 τε
1168 415 1297 483 εἶδε,
1320 419 1414 471 καὶ
1465 418 1534 471 δι’
1581 412 1658 473 ὧν
1687 421 1909 491 ἤκουσε,

2033 426 2065 473 :t
2095 420 2415 481 audivisset,
2447 430 2499 475 et
2528 438 2623 491 per
2648 437 2786 489 quas
2820 414 2923 479 suo
2957 423 3202 493 periculo
3233 431 3396 493 atque
3419 436 3587 490 eXpe-

332 509 423 561 καὶ
449 508 517 562 δι’
549 502 623 561 ὧν
651 512 716 579 τῇ
742 507 935 562 ἑαυτοῦ
967 508 1129 579 πείρᾳ
1158 509 1254 578 τῆς
1285 509 1378 561 τοῦ
1412 510 1648 580 μεγάλου
1674 511 1906 574 πίστεως

2033 511 2205 565 ’ἰοηιίτι
2228 513 2409 579 magni
2434 512 2581 567 illius
2609 513 2709 566 viri
2742 514 2866 568 ﬁdei
2892 515 3030 578 vim,
3065 515 3153 568 cui
3185 514 3349 569 etiam
3381 514 3587 567 daemo—

333 600 584 671 ἐδιδάχθη
621 602 721 673 τὴν
767 601 1017 671 δύναμιν,
1114 601 1605 672 προσεμαρτύρησε
1633 601 1693 655 τὸ
1716 602 1907 672 δαιμό-

333 709 466 755 νιον,
494 692 656 745 πάλιν
691 693 979 763 ἀνατρέχει
1010 692 1146 762 πρὸς
1191 691 1282 745 τὸν
1315 692 1662 745 διδάσκαλον·
1697 695 1807 756 τοῖς
1848 711 1908 746 τε

333 782 454 836 κατ’
481 782 660 847 αὑτὸν,
694 784 789 835 καὶ
818 786 931 846 τοῖς
967 783 1103 852 μετά
1136 781 1309 835 ταῦτα
1350 783 1524 835 κοινὸν
1543 782 1703 851 ἀφεὶς
1735 784 1909 852 φυλα-

336 873 577 944 κτήριον,
605 873 665 926 τδ
688 872 777 926 διὰ
804 873 910 925 τῶν
945 874 1134 944 ἱερέων
1185 876 1415 928 ἕκαστον
1461 878 1652 929 ἑαυτὸν
1678 876 1755 947 τῷ
1791 876 1911 947 Θεῷ

337 960 758 1029 παρατίθεσθαι.
804 963 914 1015 Καὶ
942 962 1036 1016 νῦν
1066 965 1181 1016 ἐστι
1230 964 1329 1034 μὲν
1392 966 1532 1018 κατὰ
1584 966 1765 1019 πᾶσαν
1814 966 1912 1037 τὴν

351 1053 696 1125 Ἐκκλησίαν,
745 1054 1034 1125 ἐξαιρέτως
1067 1054 1124 1107 δὲ
1169 1059 1297 1127 παρ’
1347 1056 1574 1119 ἐκείνοις
1621 1059 1655 1127 ἡ
1688 1058 1913 1127 τοιαύτη

340 1143 513 1215 φωνὴ,
566 1146 667 1215 τῆς
703 1144 823 1197 τότε
878 1145 1249 1216 γεγενημένης
1297 1146 1375 1217 τῷ
1420 1146 1573 1216 ἀνδρὶ
1618 1147 1769 1217 παρά
1817 1147 1912 1199 τοῦ

340 1235 642 1307 Γρηγορίου
692 1236 944 1307 βοηθείας
983 1237 1344 1308 μνημόσυνον.
1378 1237 1490 1307 Τῆς
1513 1238 1572 1290 δὲ
1606 1238 1917 1307 τυραννίδος

343 1328 557 1399 ἐκείνης
585 1329 686 1399 ήδη
718 1329 860 1382 κατὰ
890 1326 1039 1382 θείαν
1080 1329 1394 1400 συμμαχίαν
1432 1328 1795 1398 διαλυθείσης,
1822 1329 1918 1380 καὶ

343 1416 504 1471 πάλιν
536 1419 759 1489 είρήνης
806 1418 905 1487 τὴν
933 1418 1276 1489 ἀνθρωπίνην
1324 1416 1469 1489 ζωὴν
1496 1417 1881 1489 διαδεξαμένης
1902 1456 1916 1480 ,

343 1508 465 1562 καθ’
500 1510 565 1579 ῆν
595 1507 781 1571 ἄνετος
809 1504 876 1579 ἦν
910 1509 1028 1562 κατ’
1069 1508 1317 1575 ἐξουσίαν
1359 1508 1696 1579 προκειμένη
1753 1510 1919 1561 πᾶσιν

342 1602 375 1670 ὴ
399 1616 465 1653 πε
474 1600 526 1671 pi.
555 1599 613 1652 τὸ
632 1599 784 1651 Θεῖον
812 1600 1034 1669 σπουδὴ,
1063 1599 1305 1665 καταϐὰς
1321 1601 1481 1654 πάλιν
1506 1600 1599 1653 ἐπὶ
1623 1599 1723 1670 τὴν
1744 1599 1918 1664 πόλιν,

344 1691 439 1743 καὶ
467 1691 645 1743 πᾶσαν
684 1692 1077 1761 περινοστήσας
1102 1692 1160 1743 ἐν
1180 1691 1363 1763 κύκλῳ
1387 1693 1486 1762 τὴν
1514 1689 1720 1762 χώραν,
1754 1706 1923 1762 προσ-

2009 604 2163 657 nium
2221 603 2446 671 insuper
2493 604 2867 658 testiinonium
2915 605 3252 674 perhiberet,
3306 603 3587 658 didicisset

2011 694 2099 763 (de
2134 692 2414 748 miraculis
2456 693 2577 762 ejus
2624 710 2733 748 non
2778 695 3012 763 amplius
3049 694 3353 761 dubitans),
3388 694 3583 747 iterum

2011 783 2154 838 redit
2199 786 2263 837 ad
2309 784 2654 853 magistrum,
2703 793 2760 838 et
2790 797 2903 838 suae
2943 786 3121 838 aetatis
3172 783 3488 838 hominibus
3536 794 3587 835 et

2014 872 2250 942 posteris
2289 886 2581 925 commune
2620 871 2944 942 'praesidium
2990 872 3337 941 relinquens,
3385 879 3443 925 ut
3493 887 3588 940 per

2014 965 2329 1020 sacerdotes
2366 964 2598 1034 quisque
2645 979 2768 1018 sese
2808 963 2920 1017 Deo
2974 964 3319 1018 commendet
3355 981 3370 1017 :
3423 973 3589 1032 atque

2015 1056 2177 1110 etiam
2210 1070 2357 1109 nunc
2386 1070 2509 1109 cum
2549 1069 2645 1123 per
2687 1069 2900 1109 onmem
2939 1055 3262 1117 Ecclesiam,
3299 1063 3412 1107 tum
3449 1069 3588 1123 prae-

2015 1147 2175 1216 cipue
2201 1147 2342 1217 apud
2375 1147 2497 1202 illos
2527 1147 2795 1217 ejusmodi
2834 1159 2936 1200 vox
2977 1159 3076 1214 pro
3106 1160 3460 1200 monumento
3496 1145 3591 1197 ha-

2017 1238 2180 1293 betur
2211 1238 2401 1292 auxilii
2440 1248 2601 1308 atque
2641 1238 2903 1308 prarsidii,
2942 1237 3090 1307 quod
3140 1246 3271 1291 ttmc
3304 1237 3379 1290 illi
3415 1237 3532 1291 viro
3560 1251 3592 1289 a

2018 1331 2280 1402 Gregorio
2306 1331 2608 1400 praestitum
2647 1339 2752 1385 est.
2785 1330 3053 1385 Cmterum
3091 1344 3218 1383 cum
3239 1330 3350 1398 jam
3389 1328 3593 1382 auxilio

2019 1422 2210 1476 divino
2238 1422 2487 1493 tyrannis
2517 1422 2610 1475 illa
2639 1421 2907 1476 dissoluta
2937 1427 3117 1485 esset,
3158 1435 3222 1473 ac
3254 1435 3359 1489 pax
3397 1434 3592 1472 rursus

2019 1511 2317 1565 humanam
2350 1512 2518 1565 vitam
2551 1510 2892 1580 excepisset,
2941 1524 3037 1580 per
3074 1523 3241 1579 quam
3281 1509 3592 1577 expeditum

2021 1613 2139 1659 erat
2161 1603 2231 1656 ad
2258 1603 2545 1657 arbitrium
2574 1603 2830 1657 onmibus
2866 1601 3083 1657 abunde
3110 1602 3451 1671 propositum
3482 1607 3599 1655 stu-

2022 1695 2173 1749 dium
2203 1710 2331 1764 erga
2359 1710 2560 1749 numen
2588 1695 2853 1759 divinum,
2876 1692 3161 1748 descendit
3189 1707 3383 1746 rursus
3409 1690 3475 1742 ad
3507 1705 3601 1743 ur-

346 1780 522 1851 θήκην
578 1783 812 1834 ἐποιεῖτο
859 1784 972 1845 τοῖς
1019 1782 1327 1852 ἁπανταχοῦ
1378 1783 1526 1846 λαοῖς
1562 1783 1662 1854 τῆς
1712 1782 1841 1852 περὶ
1864 1780 1926 1835 τὸ

2033 1785 2169 1849 hem,
2200 1794 2255 1839 et
2286 1788 2434 1838 omni
2468 1787 2619 1839 circa
2665 1784 2889 1853 regione
2920 1782 3162 1852 undique
3207 1787 3495 1852 peragrata
3538 1792 3601 1832 ac

345 1872 498 1927 Θεῖον
530 1872 790 1943 σπουδῆς,
815 1873 914 1936 τὰς
947 1873 1085 1944 ὑπὲρ
1117 1874 1225 1927 τῶν
1246 1874 1617 1946 ἐνηθληκότων
1647 1877 1713 1946 τῇ
1741 1874 1925 1927 πίστει

346 1961 678 2032 πανηγύρεις
708 1963 1090 2034 νομοθετήσας.
1127 1967 1236 2019 Καὶ
1276 1965 1619 2028 διαλαϐόντες
1648 1965 1805 2028 ἄλλος
1832 1965 1927 2017 ἀλ-

346 2048 484 2119 λαχῆ
518 2050 626 2103 τῶν
655 2051 948 2123 μαρτύρων
986 2054 1054 2106 τὰ
1093 2054 1354 2125 σώματα,
1388 2056 1528 2109 κατά
1568 2055 1666 2126 τὴν
1709 2056 1923 2126 ἐτήσιον

348 2142 441 2199 τοῦ
488 2144 813 2197 ἐνιαυσιαίου
860 2144 1058 2197 κύκλου
1109 2146 1355 2217 περίοδον
1406 2148 1708 2212 συνιόντες,
1756 2147 1926 2218 ἠγάλ-

348 2230 501 2288 λοντο
552 2236 620 2303 τῇ
661 2236 794 2303 τιμῇ
837 2233 946 2286 τῶν
979 2235 1270 2305 μαρτύρων
1300 2238 1784 2308 πανηγυρίζοντες.
1818 2239 1927 2291 Καὶ

349 2322 458 2391 γὰρ
488 2322 553 2393 δὴ
588 2323 867 2378 καὶτοῦτο
908 2327 1007 2394 τῆς
1058 2326 1298 2397 μεγάλης
1344 2327 1507 2381 αὐτοῦ
1555 2329 1746 2397 σοφίας
1790 2329 1927 2381 ἀπό-

350 2410 515 2473 δειξις
544 2406 632 2482 ἦν,
676 2413 757 2464 ὅτι
780 2413 915 2482 πρὸς
942 2415 1123 2468 καινὸν
1149 2416 1262 2485 βίον
1313 2418 1769 2489 μεταρῤυθμίζων
1818 2421 1927 2472 πᾶ-

357 2518 454 2561 σαν
491 2502 700 2574 ἀθρόως
744 2503 842 2574 τὴν
888 2508 1006 2559 κατ’
1035 2508 1198 2562 αὑτὸν
1221 2509 1431 2577 γενεὰν,
1460 2505 1572 2564 οἷόν
1602 2528 1684 2575 τις
1715 2512 1929 2582 ἡνίοχος

356 2596 580 2658 ἐπιστὰς
617 2599 682 2666 τῇ
722 2597 920 2665 φύσει,
951 2600 1043 2651 καὶ
1086 2603 1197 2663 τοῖς
1237 2602 1336 2671 τῆς
1382 2601 1615 2666 πίστεως
1669 2605 1764 2658 καὶ
1813 2604 1931 2658 θεο-

355 2685 592 2753 γνωσίας
622 2686 855 2756 χαλινοῖς
888 2689 1139 2757 ἀσφαλῶς
1182 2693 1377 2755 αὐτοὺς
1418 2692 1738 2758 ὑποζεύξας,
1762 2694 1930 2747 ἐνεδί-

356 2778 448 2830 δου
479 2795 530 2829 τι
582 2778 773 2849 μικρὸν
802 2779 879 2848 τῷ
910 2780 1058 2850 ζυγῴ
1091 2782 1190 2849 τῆς
1224 2783 1460 2846 πίστεως
1489 2784 1555 2837 δι’
1596 2785 1931 2855 εὐφροσύνης

360 2868 691 2938 ὺποσκιρτᾷν
739 2869 799 2921 τὸ
829 2870 1086 2941 ὑπήκοον.
1123 2872 1355 2925 Συνιδὼν
1382 2872 1491 2943 γὰρ
1534 2873 1617 2925 ὃτι
1661 2876 1779 2935 ταῖς
1829 2890 1935 2926 σω-

362 2960 616 3029 ματικαῖς
648 2960 932 3029 θυμηδίαις
966 2963 1031 3031 τῇ
1073 2962 1201 3032 περί¹
1236 2962 1305 3015 τά
1333 2963 1523 3016 εἴδωλα
1555 2963 1734 3034 πλάνῃ
1756 2980 1935 3035 παρα-

363 3049 512 3120 μένει
542 3049 601 3101 τὸ
628 3049 895 3120 νηπιῶδες
940 3051 1047 3104 τῶν
1082 3052 1291 3105 πολλῶν
1340 3054 1437 3106 καὶ
1466 3053 1789 3107 ἀπαίδευτον
1810 3071 1822 3083 ·
1858 3054 1934 3118 ὡς

2026 1877 2395 1947 perlustrata,
2443 1876 2872 1929 additamentum
2928 1880 2983 1928 et
3032 1872 3187 1942 quasi
3240 1869 3600 1924 corollarium

2026 1968 2194 2023 studii
2225 1983 2353 2037 erga
2387 1982 2585 2021 numen
2620 1965 2865 2019 divinum
2898 1964 3218 2019 instituebat
3245 1961 3388 2030 apud
3410 1973 3601 2014 omnes

2030 2058 2229 2127 ubique
2276 2058 2505 2127 populos
2539 2055 2832 2121 sanciens,
2885 2062 2944 2107 ut
2986 2052 3204 2107 nomine
3236 2065 3459 2113 eorum,
3510 2051 3603 2116 qui

2029 2163 2129 2218 pro
2172 2147 2279 2203 (ide
2318 2148 2732 2210 decertassent,
2783 2145 2904 2200 dies
2951 2142 3077 2198 festi
3124 2148 3286 2210 atque
3330 2139 3604 2193 solemnes

2028 2245 2332 2292 conventus
2383 2236 2793 2291 celebrarentur
2826 2250 2842 2288 :
2895 2246 3130 2302 cumque
3161 2230 3299 2285 alios
3347 2229 3401 2282 in
3437 2227 3603 2281 alium

2030 2329 2208 2384 iocum
2238 2342 2469 2398 corpora
2496 2335 2798 2396 martyrum
2829 2323 3196 2386 diduxissent,
3224 2334 3322 2390 per
3352 2318 3607 2373 anniver—

2032 2420 2240 2476 sarium
2275 2419 2469 2474 circuli
2502 2417 2767 2472 ambitum
2810 2413 3125 2485 congregati
3162 2412 3505 2471 laetabantur,
3548 2408 3607 2461 in

2033 2511 2294 2563 honorem
2335 2518 2639 2578 martyrum
2692 2505 2859 2560 ferias
2907 2511 3151 2574 agentes.
3202 2500 3409 2555 Etenim
3437 2498 3607 2553 etiam

2030 2603 2136 2657 hoc
2166 2601 2421 2655 nimirum
2459 2614 2669 2671 magnae
2695 2599 2977 2669 sapientia:
3006 2604 3170 2666 atque
3221 2591 3457 2649 solertia:
3486 2589 3611 2658 ejus

2031 2697 2425 2750 documentum
2466 2702 2581 2757 est,
2634 2692 2780 2762 quod
2821 2706 2946 2746 cum
2996 2704 3190 2745 omnes
3233 2700 3344 2742 suae
3378 2697 3609 2754 prorsus

2032 2787 2211 2842 aetatis
2236 2802 2301 2840 ac
2323 2785 2502 2857 gentis
2536 2785 2786 2839 homines
2818 2783 2885 2838 ad
2920 2796 3120 2836 novum
3145 2778 3269 2832 vita;
3300 2775 3609 2832 institutum

2034 2876 2476 2939 transformaret,
2529 2883 2583 2929 et
2626 2881 2886 2943 tanquam
2919 2872 3107 2941 auriga
3139 2868 3362 2939 quidam
3399 2875 3611 2920 natum

2040 2964 2337 3033 praefectus
2368 2962 2492 3017 ﬁdei
2525 2977 2591 3017 ac
2613 2960 2711 3017 Dei
2743 2961 3045 3033 agnitionis
3093 2958 3263 3013 l'renis
3299 2971 3395 3012 eos
3435 2954 3609 3008 ﬁrmi-

2034 3063 2117 3110 ter
2144 3055 2482 3124 subjugaret,
2527 3053 2866 3120 indulgebat,
2914 3061 2973 3106 ut
3021 3049 3302 3119 paululum
3347 3043 3610 3114 quiddam

361 3136 427 3189 ἂν
460 3138 517 3190 τὸ
551 3140 959 3210 προηγούμενον
988 3142 1124 3204 τέως
1156 3144 1214 3194 ὲν
1260 3144 1445 3206 αὐτοῖς
1470 3144 1700 3212 μάλιστα
1734 3161 1931 3214 κατορ-

2037 3144 2243 3200 subditi
2270 3144 2373 3197 sub
2385 3144 2519 3214 jugo
2544 3144 2667 3199 ﬁdei
2690 3142 2874 3197 laetitia
2891 3141 3250 3196 exsultarent.
3273 3137 3411 3193 Cum
3434 3136 3612 3190 anim-

361 3227 577 3298 θωθείη.
613 3230 673 3281 τὸ
700 3231 835 3301 πρὸς
857 3229 987 3283 Θεὸν
1020 3232 1139 3285 ἀντὶ
1164 3232 1274 3284 τῶν
1308 3232 1549 3301 ματαίων
1578 3234 1934 3303 σεϐασμάτων

363 3316 598 3386 βλέπειν,
633 3319 915 3390 ἐπαφῆκεν
939 3322 1121 3384 αὐτοῖς
1145 3324 1264 3386 ταῖς
1290 3323 1398 3374 τῶν
1434 3322 1601 3389 ἁγίων
1644 3323 1932 3393 μαρτύρων

360 3406 820 3477 ὲμφαιδρύνεσθαι
853 3410 1115 3479 μνήμαις,
1141 3410 1235 3462 καὶ
1273 3410 1548 3475 εὐπαθεῖν,
1583 3410 1677 3462 καὶ
1702 3410 1932 3477 ἀγάλλε-

363 3496 507 3561 σθαι,
538 3497 613 3560 ὡς
637 3500 813 3569 χρόνῳ
839 3501 969 3553 ποτὲ
992 3502 1131 3554 κατά
1158 3502 1219 3554 τὸ
1243 3503 1546 3572 αὐτόματον
1568 3504 1703 3574 πρὸς
1737 3507 1930 3575 σεμνό-

361 3589 517 3658 τερόν
568 3607 627 3643 τε
674 3592 768 3645 καὶ
810 3593 1199 3665 ἀκριϐέστερον
1264 3596 1765 3667 μετατεθησομένου
1837 3598 1932 3652 τοῦ

364 3678 502 3748 βίου,
543 3682 636 3734 καὶ
684 3682 819 3753 πρὸς
860 3684 1035 3736 ἐκεῖνο
1077 3685 1493 3755 καθηγουμένης
1532 3686 1634 3755 τῆς
1675 3687 1930 3752 πίστεως,

362 3768 499 3840 ὅπερ
524 3770 587 3841 δὴ
618 3772 710 3824 καὶ
739 3773 797 3825 ὲν
824 3774 934 3836 τοῖς
958 3773 1174 3836 πολλοῖς
1220 3775 1321 3843 ἤδη
1352 3774 1708 3846 κατωρθώθη,
1753 3777 1932 3845 πάσης

364 3859 627 3930 θυμηδίας
648 3864 756 3917 ἀπὸ
782 3864 893 3917 τῶν
930 3864 1020 3918 τοῦ
1048 3864 1296 3934 σώματος
1318 3867 1488 3937 ἡδέων
1524 3867 1661 3937 πρὸς
1684 3869 1744 3921 τὸ
1772 3886 1932 3921 πνευ-

366 3953 592 4020 ματικὸν
612 3954 712 4023 τῆς
736 3955 1069 4027 εὐφροσύνης
1103 3952 1242 4019 εἶδος
1280 3958 1686 4029 μετατεθείσης.

2038 3233 2368 3290 advertisset
2398 3236 2546 3289 enim
2584 3231 2733 3302 quod
2766 3240 2990 3302 propter
3013 3229 3265 3298 corporis
3298 3228 3612 3296 voluptates

2036 3324 2270 3394 simplex
2296 3332 2350 3378 et
2379 3324 2693 3393 imperitum
2724 3322 2921 3391 vulgus
2955 3321 3010 3375 in
3041 3334 3231 3375 errore
3280 3317 3612 3373 simulacro-

2031 3431 2155 3470 rum
2188 3416 2374 3470 cultus
2392 3420 2761 3483 permaneret,
2784 3428 2895 3482 quo
2921 3410 3157 3465 maxime
3190 3408 3266 3472 id,
3301 3406 3446 3476 quod
3468 3420 3611 3476 prat-

2030 3508 2252 3575 eipuum
2278 3512 2395 3568 est,
2426 3504 2644 3558 interim
2692 3503 2748 3556 in
2779 3502 2847 3558 iis
2875 3509 3283 3570 assequeretur.
3315 3510 3508 3565 nempe
3543 3503 3604 3549 ut

2039 3598 2198 3651 vanis
2223 3594 2711 3666 superstitionibus
2751 3592 2956 3648 relictis
3003 3591 3070 3645 ad
3114 3590 3286 3645 Deum
3332 3594 3614 3641 converte-

2039 3699 2250 3751 rentur,
2285 3686 2535 3756 permisit
2566 3686 2684 3748 eis,
2730 3692 2786 3739 ut
2816 3684 2874 3739 in
2927 3680 3247 3738 memoriam
3298 3685 3615 3733 sanctorum

2039 3788 2340 3849 martyrum
2380 3793 2503 3833 sese
2544 3777 2919 3832 exbilararent
2966 3781 3022 3829 et
3058 3772 3426 3833 oblectarent,
3453 3775 3618 3837 atque

2040 3874 2096 3926 in
2134 3873 2379 3927 laetitiam
2419 3868 2832 3927 eﬁunderentur
2877 3885 2893 3922 :
2927 3866 3075 3936 quod
3114 3878 3380 3920 successu
3409 3870 3616 3933 tempoo

2036 3966 2117 4019 ris
2146 3962 2445 4031 aliquando
2476 3962 2719 4015 futurum
2739 3966 2984 4020 esset,ut
3019 3971 3122 4012 sua
3149 3960 3346 4025 sponte
3372 3951 3622 4006 homines

367 4044 437 4097 ad
458 4045 822 4101 honestiorem
846 4056 899 4102 et
928 4048 1257 4102 exactiorem
1287 4050 1405 4103 vita:
1436 4050 1703 4103 rationem
1743 4052 2064 4131 transirent,
2115 4053 2419 4123 praesertim
2469 4066 2595 4106 cum
2643 4049 2810 4104 etiam
2861 4046 2996 4102 ades
3034 4046 3105 4099 ad
3142 4045 3290 4099 illam
3324 4056 3439 4096 rem
3477 4039 3622 4096 viain

366 4145 812 4202 prmmoustraret
843 4155 856 4190 :
888 4154 1009 4206 quae
1039 4153 1127 4192 res
1164 4139 1420 4192 nimirum
1456 4138 1567 4208 jam
1596 4140 1760 4193 etiam
1793 4141 1846 4193 in
1888 4142 2164 4213 plerisque
2192 4143 2463 4197 successit
2492 4150 2663 4210 atque
2683 4136 2933 4194 conlecta
2964 4141 3070 4200 est,
3096 4132 3243 4189 omni
3276 4131 3554 4199 voluptate
3586 4142 3623 4185 a

368 4229 616 4296 corporis
653 4230 1066 4284 oblectamentis
1100 4232 1163 4283 ad
1202 4231 1538 4299 spiritualem
1573 4231 1769 4286 laetitia:
1805 4233 2036 4287 formam
2064 4235 2333 4289 traducta.

438 4318 638 4372 Τοῦτον
663 4320 718 4373 δὲ
750 4322 840 4374 τὸν
867 4322 1066 4392 τρόπον
1099 4322 1586 4392 ἑμπολιτευόμενος
1608 4326 1675 4393 τῇ
1710 4325 1939 4395 Ἐκκλη-

2119 4327 2256 4381 Cum
2288 4335 2469 4381 autem
2496 4324 2600 4378 hoc
2626 4322 2789 4377 modo
2815 4336 2877 4377 se
2909 4326 3145 4392 gereret,
3175 4323 3233 4372 et
3265 4328 3491 4369 munere
3518 4328 3626 4369 suo

371 4409 482 4479 σία,
517 4411 608 4463 καὶ
648 4412 883 4483 σπουδὴν
936 4411 1074 4481 ἔχων
1133 4412 1239 4481 πρὸ
1274 4413 1373 4482 τῆς
1402 4415 1466 4464 ὲκ
1499 4412 1591 4465 τού
1628 4413 1743 4482 βίου
1778 4432 1931 4484 μετα-

2050 4417 2371 4489 fungeretur
2401 4417 2453 4470 in
2474 4411 2718 4473 Ecclesia
2750 4409 3216 4471 administranda,
3238 4414 3295 4463 et
3323 4413 3621 4487 antequam

373 4502 613 4564 στάσεως
640 4501 849 4565 πάντας
882 4504 1009 4555 ἰδεῖν
1040 4505 1175 4575 πρὸς
1198 4503 1294 4573 τὴν
1330 4505 1593 4574 σωτήριον
1630 4505 1810 4557 πίστιν
1840 4506 1948 4559 ἀπὸ

370 4592 481 4645 τῶν
526 4592 755 4645 εἰδώλων
802 4593 1161 4665 μεταθέντας*
1217 4594 1403 4663 ἐπειδὴ
1460 4595 1707 4665 προέγνω
1754 4595 1947 4648 ἑαυτοῦ

373 4684 472 4753 τὴν
520 4683 872 4754 μετάστασιν,
898 4685 1101 4754 σπουδῇ
1166 4685 1344 4738 πᾶσάν
1392 4702 1450 4737 τε
1480 4685 1581 4754 τὴν
1646 4686 1951 4755 περιοικίδα

373 4776 783 4846 διηρευνήσατο,
819 4777 1008 4844 μαθεῖν
1042 4777 1211 4831 θέλων
1246 4778 1298 4830 εἴ
1343 4795 1491 4841 τινες
1540 4775 1649 4830 εἷεν
1691 4780 1740 4830 oi
1803 4797 1951 4849 περι-

376 4863 681 4932 λειφθέντες
734 4863 837 4928 ἔξω
897 4868 993 4935 τῆς
1051 4866 1302 4929 πίστεως.
1339 4867 1488 4920 Ἐπεὶ
1529 4862 1622 4920 οὖν
1660 4866 1949 4935 ἕγνωτοὺς

377 4957 908 5027 παραμεμενηκότας
938 4960 1003 5027 τῇ
1031 4958 1232 5028 ἀρχαίᾳ
1252 4957 1425 5030 πλάνῃ
1459 4958 1532 5028 μὴ
1562 4959 1780 5022 πλείους
1811 4954 1950 5011 εἶναι

375 5052 484 5103 τῶν
538 5050 926 5112 ἑπτακαίδεκα,
962 5049 1290 5119 Σκυθρωπὸν
1326 5049 1424 5118 μὲν
1469 5050 1561 5102 καὶ
1613 5049 1789 5113 τοῦτο,
1818 5051 1951 5119 φησὶ

378 5141 514 5210 πρὸς
542 5141 632 5195 τὸν
662 5141 792 5194 Θεὸν
824 5141 1152 5207 ἀποϐλέψας,
1182 5140 1241 5192 τὸ
1269 5140 1442 5192 λιπεῖν
1467 5157 1520 5192 τι
1550 5140 1627 5209 τῷ
1651 5140 1760 5192 τῶν
1785 5139 1951 5204 σωζο-

382 5233 557 5301 μένων
610 5232 957 5304 πληρώματι.
987 5232 1131 5302 Πλὴν
1154 5231 1289 5285 ἀλλὰ
1318 5231 1559 5301 μεγάλης
1604 5232 1951 5300 εὐχαριστίας

381 5322 530 5384 ἄξιον
557 5360 571 5383 ,
602 5322 684 5374 ὅτι
717 5322 1003 5385 τοσούτους
1042 5320 1360 5374 καταλείπει
1408 5320 1535 5381 τοὺς
1565 5319 1952 5389 εἰδωλολάτρας

380 5413 458 5479 τῷ
487 5396 780 5481 μετάὑτὸν
805 5414 1143 5484 ὲκδεχομένῳ
1169 5413 1265 5483 τὴν
1308 5411 1650 5481 Ἐκκλησίαν,
1672 5413 1828 5475 ὅσους
1855 5412 1952 5464 αύ-

384 5503 473 5565 τδς
522 5504 878 5572 Χριστιανοὺς
938 5505 1250 5570 ὑπεδέξατο.
1303 5503 1698 5573 Ἐπευξὰμενος
1739 5503 1797 5555 δὲ
1841 5506 1953 5567 τοῖς

384 5608 441 5645 τέ
498 5596 909 5649 πεπιστευκόσιν
939 5597 1035 5667 ἤδη
1083 5597 1179 5666 τὴν
1233 5597 1310 5658 είς
1366 5594 1426 5648 τὸ
1479 5593 1676 5646 τέλειον
1706 5592 1953 5664 αὔξησιν,

390 5685 481 5739 καὶ
511 5686 608 5757 τὴν
641 5687 972 5758 ἐπιστροφὴν
1015 5692 1125 5750 τοῖς
1159 5688 1423 5749 ἀπίστοις,
1458 5684 1598 5738 οὕτω
1626 5683 1715 5737 τοῦ
1741 5684 1951 5754 ἀνθρω-

2048 4508 2336 4561 excederet
2369 4506 2500 4565 vita.
2530 4510 2756 4574 cuperet
2784 4516 2977 4557 omnes
3021 4515 3054 4555 a
3086 4495 3401 4554 simulacris
3435 4494 3503 4549 ad
3528 4508 3627 4548 sa-s

2050 4597 2285 4650 lutarem
2312 4594 2471 4649 tidem
2498 4593 2685 4647 videre
2708 4604 3039 4653 conversos,
3088 4585 3186 4641 ubi
3214 4598 3377 4640 suum
3411 4582 3626 4637 obitum

2050 4682 2368 4753 praesensit,
2424 4680 2672 4737 studiose
2734 4678 3134 4749 diligenterque
3201 4680 3373 4727 totam
3434 4670 3627 4724 urbem

2051 4789 2351 4845 agrumque
2375 4773 2525 4827 circa
2552 4770 2796 4825 vicinum
2828 4774 3230 4838 perscrutatur,
3260 4763 3402 4819 scire
3432 4761 3627 4816 volens

2050 4868 2209 4938 ecqui
2241 4868 2419 4922 adhuc
2465 4872 2653 4920 essent
2691 4869 2847 4918 extra
2877 4860 3038 4915 ﬁdem
3082 4857 3284 4913 relicti.
3336 4853 3407 4909 Ut
3458 4852 3631 4923 igitur

2051 4960 2328 5031 cognovit,
2360 4973 2470 5013 non
2500 4958 2684 5027 plures
2716 4949 3107 5024 septemdecim
3141 4963 3284 5011 esse,
3316 4946 3412 5016 qui
3448 4946 3507 4998 in
3526 4960 3630 4998 ana

2052 5052 2204 5119 tiquo
2226 5064 2411 5104 errore
2433 5046 2868 5118 permansissent
2891 5062 2906 5097 :
2926 5041 3195 5095 Acerbum
3216 5038 3433 5108 quidem
3460 5035 3626 5092 etiam

2051 5144 2186 5204 hoc,
2238 5141 2417 5210 inquit
2473 5140 2538 5192 ad
2583 5138 2751 5193 Deum
2796 5132 3129 5204 suspiciens,
3174 5129 3369 5184 deesse
3415 5124 3625 5195 aliquid

2052 5244 2241 5284 eorum
2293 5226 2658 5298 plenitudini,
2714 5225 2808 5294 qui
2858 5227 3167 5277 servantur.
3234 5215 3626 5271 Verumtamen

2054 5333 2249 5387 magna
2279 5319 2576 5388 gratiarum
2616 5314 2835 5369 actione
2865 5312 3086 5382 dignam
3124 5324 3241 5364 rem
3269 5322 3394 5362 esse
3420 5306 3622 5371 aiebat,

2054 5410 2199 5480 quod
2246 5407 2473 5461 totidem
2524 5405 2942 5459 simulacrorum
2983 5401 3226 5456 cultores
3288 5398 3627 5466 relinqueret

2054 5501 2126 5564 ei,
2146 5499 2237 5569 qui
2269 5499 2373 5552 sibi
2401 5511 2762 5552 successurus
2787 5502 2934 5549 esset
2964 5493 3018 5546 in
3044 5489 3315 5549 Ecclesia.
3337 5493 3471 5558 quot
3506 5486 3626 5554 ipse

2055 5591 2399 5646 Christianos
2430 5587 2734 5657 accepisset
2774 5604 2786 5639 :
2817 5592 3070 5655 precatus
3101 5592 3292 5636 autem
3327 5590 3383 5634 et
3416 5579 3503 5641 iis,
3530 5574 3624 5645 qui

2052 5683 2165 5753 jam
2201 5681 2596 5745 credidissent,
2646 5679 3045 5739 incrementum
3092 5673 3161 5728 ad
3205 5670 3623 5741 perfectionem.
