4092 6368
501 322 611 384 955
1736 327 1794 392 _S.
1851 316 2181 384 GREGORII
2238 328 2528 386 NYSSENI
3657 332 3786 387 93-5

498 453 554 497 et
584 439 884 497 incredulis
931 440 1342 498 conversionem
1364 482 1380 508 ,
1435 441 1510 495 ita
1550 439 1814 512 (tandem)
1863 457 1930 498 ex
1963 443 2074 499 vita
2105 482 2114 506 ε

2217 445 2334 499 ’ίνου
2367 446 2482 516 βίου
2513 446 2650 516 πρὸς
2687 446 2778 499 τὸν
2818 445 2950 500 Θεὸν
2993 446 3402 516 μετανίσταται,
3451 447 3786 517 ἐπισκηψας

503 536 742 588 humana
776 534 842 587 ad
874 534 1045 589 Deum
1097 534 1332 604 migrat,
1380 534 1692 590 obtestatus
1732 536 2077 591 necessarios

2217 541 2290 600 οἷς
2318 538 2658 609 ἐπιτηδείοις,
2693 539 2766 610 μὴ
2802 539 3102 608 κτήσασθαι
3132 539 3297 591 τόπον
3327 538 3475 609 αύτῷ
3500 539 3633 611 πρὸς
3665 559 3782 592 τα-

502 641 656 686 suos,
694 638 760 676 ne
792 623 1120 692 peculiarem
1153 623 1258 678 sibi
1301 623 1482 676 locum
1527 625 1823 694 sepultura:
1859 641 2080 695 compa-

504 720 708 768 rarent.
743 713 875 768 Nam
914 714 963 770 si
1002 714 1158 769 vivus
1190 713 1392 769 nullius
1439 715 1541 769 loci
1590 717 1848 773 dominus
1889 719 2077 772 vocari

504 805 790 866 voluisset,
821 803 915 858 sed
947 805 1000 858 in
1032 805 1228 860 alienis
1261 811 1521 875 tanquam
1553 806 1858 876 inquilinus
1880 817 1932 862 et
1960 823 2083 878 per-

505 897 730 969 egrinus
777 897 1032 952 habitans
1060 897 1226 950 vitam
1261 898 1636 968 transegisset,
1679 916 1747 954 ne
1783 907 1906 969 post
1934 915 2082 953 mor-

508 997 616 1042 tem
640 987 858 1056 quidem
883 1001 1110 1056 prorsus
1140 985 1528 1055 inquilinatum
1556 987 1660 1042 sibi
1687 987 1944 1043 dedecori
1971 987 2088 1043 fore

508 1085 698 1147 putare
728 1095 741 1130 :
769 1075 871 1131 Sed
889 1077 1203 1146 insequenti,
1250 1077 1446 1146 inquit,
1482 1078 1678 1132 swculo
1703 1078 1853 1147 fama
1890 1078 2087 1148 proda-

508 1177 617 1234 tur,
648 1166 786 1232 quod
808 1165 1088 1236 Gregorius
1111 1183 1203 1222 nec
1227 1168 1396 1222 vivens
1427 1167 1638 1238 quidem
1665 1169 1729 1222 ab
1765 1170 1943 1240 aliquo
1973 1169 2088 1224 loco

508 1259 907 1328 cognominatus
935 1259 1027 1323 sit,
1053 1267 1102 1312 et
1130 1268 1250 1326 post
1279 1267 1500 1313 mortem
1522 1260 1819 1314 alienorum
1852 1261 2089 1316 locorum

503 1344 668 1414 fuerit
694 1345 1001 1414 inquilinus,
1023 1363 1142 1399 cum
1157 1346 1224 1399 ab
1250 1348 1391 1401 omni
1414 1355 1616 1402 terrena
1635 1351 1961 1418 possessione
1982 1367 2092 1405 sese

512 1437 878 1501 abstinuisset,
929 1438 1058 1492 adeo
1086 1448 1142 1492 ut
1195 1455 1258 1494 ne
1302 1439 1511 1508 sepeliri
1548 1440 1758 1509 quidem
1791 1442 1848 1494 in
1877 1443 2091 1512 proprio

513 1526 629 1582 loco
677 1530 1029 1593 sustinuerit;
1094 1530 1267 1585 solam
1316 1534 1454 1586 enim
1509 1533 1662 1586 illam
1711 1534 2092 1602 possessionem

512 1622 800 1689 pretiosam
850 1629 901 1676 et
940 1623 1284 1690 expetendam
1325 1636 1563 1692 putasse,
1608 1640 1724 1693 qua:
1789 1624 1998 1692 fraudis
2045 1634 2093 1678 et

2183 627 2287 698 φῆν
2323 627 2609 691 ἰδιάιῖοντει.
2646 631 2707 682 Ei
2751 629 2860 699 γὰρ
2893 629 3031 693 ζῶν,
3083 628 3270 699 κύριος
3303 628 3564 698 κληθῆναι
3598 631 3784 683 τόπου

2181 719 2327 782 τινὸς
2350 719 2448 772 οὐκ
2492 718 2728 784 ἐδέξατο,
2762 720 2898 773 ἀλλὰ
2955 719 3236 790 παροικῶν
3259 721 3316 773 ἐν
3345 719 3644 788 ἀλλοτρίοις
3669 721 3785 772 τὸν

2187 810 2299 881 βίον
2341 809 2618 881 διήγαγεν,
2655 811 2775 865 ούδέ
2823 812 2959 881 μετὰ
2990 811 3216 865 θάνατον
3245 813 3310 882 τῇ
3339 812 3597 882 παροικία
3624 812 3783 865 πάν-

2183 921 2292 968 τως
2323 903 2815 974 ἐπαισχυνθήσεται
2846 919 2860 934 ·
2899 904 3051 957 Ἀλλ’
3092 903 3268 969 ἔστω,
3299 904 3433 972 φησὶ
3452 945 3466 966 ,
3498 901 3578 968 τῷ
3615 903 3788 972 μετὰ

2186 993 2373 1048 ταῦτα
2393 994 2511 1058 ,Βίῳ
2533 991 2810 1063 διήγημα,
2839 995 2930 1047 ὅτι
2959 995 3281 1062 Γρηγόριος
3325 994 3463 1046 οὔτε
3510 991 3620 1052 ζῶν
3661 993 3786 1045 ἐπ-

2188 1082 2504 1152 ωνομάσθη
2526 1085 2686 1150 τόπῳ
2710 1084 2845 1145 τινὶ.
2874 1084 2968 1138 καὶ
2987 1081 3136 1152 μετὰ
3159 1082 3418 1136 θάνατον
3437 1082 3789 1150 ἀλλοτρίων

2188 1173 2392 1243 τάφων
2423 1174 2659 1244 ἐγένετο
2713 1174 3020 1241 πάροικος,
3050 1173 3253 1240 πάσης
3286 1171 3395 1240 τῆς
3447 1172 3516 1226 ἐν
3560 1171 3634 1240 τῇ
3694 1171 3786 1240 γῆ

2191 1265 2460 1332 κτήσεως
2485 1265 2702 1319 ἑαυτὸν
2733 1265 3110 1334 ἀποστήσας,
3146 1265 3226 1330 ὡς
3256 1263 3411 1333 μηδὲ
3440 1261 3789 1332 ἐνταφῆναι

2195 1356 2320 1422 ιδίῳ
2339 1355 2772 1420 καταδέξασθαι
2794 1358 2956 1420 τόπῳ
2975 1373 2987 1386 ·
3010 1357 3209 1425 μόνην
3236 1355 3346 1426 γὰρ
3368 1353 3530 1418 αὐτῷ
3556 1355 3792 1422 κτῆσιν

2193 1449 2394 1517 τιμίαν
2435 1444 2587 1502 εἶναι
2619 1447 2858 1515 ἔκρινεν
2885 1447 3129 1515 ἐκείνην
3151 1487 3165 1512 ,
3199 1446 3237 1514 ἢ
3270 1446 3624 1511 πλεονεξίας
3681 1446 3787 1514 ἐφ’

2195 1539 2418 1607 ἑαυτῆς
2445 1540 2616 1610 ἴχνος
2647 1541 2720 1593 οὐ
2772 1539 3027 1607 δέχεται.
3060 1538 3172 1610 Τὴν
3219 1539 3277 1593 δέ
3335 1538 3540 1609 ἀθρόαν
3577 1539 3791 1602 παντὸς

2195 1630 2290 1683 τοῦ
2319 1629 2505 1694 ἔθνους
2539 1630 2867 1700 μετάστασιν
2889 1630 2996 1682 ἀπὸ
3018 1632 3116 1701 τῆς
3145 1631 3462 1701 Ἑλληνικῆς
3489 1630 3792 1700 ματαιότη-

516 1715 758 1767 avaritia:
797 1714 1070 1784 vestigium
1104 1715 1158 1768 in
1201 1731 1312 1769 sese
1369 1733 1473 1769 non
1517 1715 1771 1768 admittit.
1824 1715 2095 1772 Caeterum

2217 1739 2290 1786 :0;
2311 1723 2390 1785 εἰς
2411 1722 2510 1792 τὴν
2536 1722 2830 1791 ἐπίγνωσιν
2869 1721 2972 1791 τῆς
3011 1720 3268 1790 ἀληθείας
3297 1720 3624 1790 θαυμαζέτω
3650 1719 3792 1772 ἐκα-

515 1805 664 1874 qnod
701 1806 954 1861 universa
988 1814 1214 1877 repente
1245 1807 1393 1861 natio
1428 1821 1458 1860 a
1499 1807 1817 1862 Graecanica
1853 1809 2094 1863 vanitate

2217 1830 2328 1876 sto;
2353 1813 2462 1866 τῶν
2497 1813 2932 1882 ἐντυγχανόντων
2963 1811 3040 1883 τῷ
3089 1813 3251 1881 λόγῳ,
3283 1813 3377 1865 καὶ
3429 1811 3618 1882 μηδεὶς
3651 1811 3786 1863 ἁπι-

517 1897 583 1951 ad
643 1897 976 1966 agnitionem
1031 1899 1280 1955 veritatis
1337 1899 1591 1953 traducta
1637 1911 1750 1966 est,
1793 1901 2097 1957 admiretur

517 1989 738 2059 quidem
763 1990 1079 2060 quicunque
1113 1990 1217 2044 hoc
1244 1991 1512 2062 scriptum
1551 1992 1727 2062 leget;
1773 2007 1935 2047 nemo
1968 2009 2096 2048 vero

521 2082 684 2136 Iidem
713 2080 988 2146 detrahat,
1018 2082 1113 2138 sed
1161 2082 1228 2137 ad
1260 2083 1676 2154 dispositionem
1709 2095 1875 2155 atque
1907 2085 2096 2141 consi-

519 2175 654 2227 lium
691 2172 975 2242 respiciat,
1007 2189 1120 2244 quo
1144 2182 1292 2228 tanta
1332 2178 1564 2230 mutatio
1601 2176 1743 2230 facta
1774 2184 2097 2244 esteorum,

520 2265 615 2334 qui
653 2279 685 2318 a
715 2264 1005 2320 mendacio
1036 2265 1106 2320 ad
1151 2266 1440 2321 veritatem
1488 2265 1723 2321 traducti
1754 2275 1902 2324 sunt.
1962 2267 2098 2323 Nam

521 2354 670 2424 quod
697 2355 754 2408 in
783 2354 979 2423 primis
1009 2353 1305 2411 sacerdotii
1339 2356 1460 2425 ejus
1501 2357 1838 2426 temporibus
1875 2357 2099 2423 accidit,

523 2443 670 2514 quod
700 2442 769 2498 ad
806 2443 1020 2514 reliqua
1049 2443 1316 2499 miracula
1357 2444 1628 2500 festinans
1659 2445 1840 2500 oratio
1882 2455 2104 2516 praeter-

525 2535 698 2596 misit,
730 2548 880 2588 nunc
907 2534 1196 2604 repetitum
1241 2543 1405 2606 atque
1443 2545 1782 2606 resumptum
1807 2552 2100 2607 exponam.

525 2625 703 2682 Feria:
730 2626 979 2697 quaedam
1005 2627 1238 2697 publica:
1260 2635 1315 2682 et
1343 2627 1686 2683 universales
1711 2637 1869 2683 erant
1897 2629 1952 2684 in
1973 2631 2106 2686 urbe

526 2717 761 2775 dannoni
789 2718 1006 2773 cuidam
1037 2717 1360 2783 domestico,
1392 2718 1572 2788 patrio
1625 2718 1864 2788 quodam
1891 2720 2002 2774 ritu
2041 2735 2107 2776 ac

530 2825 682 2865 more
707 2809 938 2864 solemni
969 2809 1236 2866 celebrari
1257 2818 1556 2875 consueta,
1587 2810 1654 2864 ad
1682 2826 1820 2882 quas
1844 2827 1950 2865 una
1979 2825 2108 2866 cum

532 2901 764 2958 urbanis
807 2900 1169 2957 celebrandas
1227 2901 1483 2956 universa
1531 2902 1924 2971 propemodum
1975 2919 2109 2974 gens

531 3013 596 3052 ex
627 3004 740 3050 tota
782 3009 848 3050 ea
895 2995 1116 3066 regione
1159 2992 1468 3048 conﬂuebat
1520 3013 1534 3048 :
1579 3001 1744 3065 atque
1776 3009 1969 3050 eorum
2013 2995 2111 3066 qui

533 3093 951 3148 concurrerant,
981 3086 1252 3141 theatrum
1287 3085 1505 3156 plenum
1535 3093 1672 3151 erat,
1702 3095 1756 3140 et
1781 3086 2110 3156 eorum,qui

536 3162 797 3250 postremi
826 3176 1180 3243 atlluxerant,
1223 3177 1519 3232 multitudo
1549 3176 1830 3233 subselliis
1870 3177 2116 3249 undique

538 3267 1056 3340 superfundebatur,
1093 3275 1260 3337 atque
1289 3266 1546 3322 omnibus
1577 3266 1644 3321 ad
1678 3269 1992 3338 spectacula
2032 3274 2117 3322 at-

539 3377 648 3432 que
709 3362 1022 3415 acroamata
1079 3359 1422 3413 orchestram
1491 3357 1694 3414 intueri
1738 3359 2114 3429 cupientibus,

541 3454 702 3524 plena
732 3458 853 3506 erat
885 3464 1052 3507 scena
1094 3451 1364 3505 tumultus
1399 3457 1454 3505 et
1487 3451 1894 3520 trepidationis,
1929 3451 2117 3506 irrita-

539 3559 649 3615 que
673 3542 1163 3613 praestigiatoribus
1201 3541 1644 3611 mirabiliumque
1676 3544 2118 3610 spectaculorum

543 3632 852 3689 artiticibus
878 3631 1196 3693 ostentatio,
1236 3630 1474 3685 tuntultu
1518 3645 1642 3686 sese
1681 3637 1874 3685 mutuo
1906 3632 2119 3686 consti-

546 3724 793 3796 pantium
856 3737 966 3777 non
1017 3719 1180 3776 modo
1224 3719 1650 3776 oblectationem
1683 3719 1908 3775 musiece
1953 3720 2124 3790 impe-

547 3816 751 3880 diente,
777 3811 870 3867 sed
900 3827 968 3866 ne
991 3809 1413 3866 circulatoribus
1438 3808 1658 3878 quidem
1674 3816 1730 3863 et
1756 3809 2122 3879 praestigiato-

551 3907 705 3961 ribus
724 3917 854 3959 suas
874 3911 1020 3958 artes
1038 3900 1351 3957 ostentandi
1369 3907 1582 3962 tempus
1604 3899 1959 3956 concedente.
1985 3899 2124 3956 Tum

551 4013 682 4054 vero
712 3995 1022 4053 communis
1064 3996 1133 4049 ab
1179 3995 1328 4049 omni
1363 3992 1717 4048 multitudine
1748 3993 1990 4062 erumpit
2020 4009 2127 4057 vos

552 4087 979 4151 daemonem,cui
1007 4085 1150 4143 diem
1179 4085 1381 4142 festum
1404 4085 1658 4156 agebant,
1691 4084 2125 4154 implorantium,

553 4192 610 4240 et
639 4183 822 4239 abillo
847 4180 953 4237 sibi
975 4177 1253 4234 laxitatem
1279 4176 1395 4232 ﬁeri
1418 4175 1738 4246 petentium.
1762 4173 2128 4245 Posteaquam

552 4284 734 4331 autem
779 4273 1036 4328 omnibus
1069 4269 1234 4326 simul
1282 4265 1640 4336 loquentibus
1697 4263 1750 4318 in
1795 4264 1968 4318 altum
2023 4278 2130 4317 vox

553 4366 870 4428 tollebatur,
904 4378 968 4418 ac
995 4363 1164 4418 totius
1199 4359 1444 4416 civitatis
1470 4356 1639 4412 veluti
1679 4357 1845 4412 unius
1871 4357 1985 4411 oris
2013 4371 2131 4411 ser-

556 4473 648 4513 mo
675 4471 799 4512 esse
831 4455 1141 4516 videbatur,
1196 4467 1307 4522 quo
1342 4451 1428 4505 hae
1450 4464 1675 4546 preces
1701 4446 1935 4546 daantoni
1971 4447 2132 4546 adhi-
2163 4487 2210 4546 Β

553 4549 833 4604 bebantur
861 4543 1015 4618 (erat
1047 4550 1230 4598 autem
1259 4541 1525 4611 precatio,
1555 4549 1617 4595 ut
1662 4540 1780 4610 ipsa
1808 4541 1976 4594 verba
2007 4537 2132 4605 ejus

558 4641 896 4697 audiantur:
943 4635 1178 4706 Jupiter,
1214 4634 1302 4704 {ac
1343 4632 1494 4687 nobis
1534 4632 1750 4702 locum),
1782 4631 1970 4686 audito
2003 4645 2136 4685 sane

560 4747 793 4804 magnus
819 4730 912 4786 ille
949 4729 1036 4783 vir
1069 4741 1210 4782 sono
1245 4723 1573 4781 nominatim
1612 4724 1986 4779 invocantium
2021 4721 2133 4775 dte-

2205 1904 2398 1958 στείτω
2437 1905 2570 1975 πρὸς
2599 1905 2698 1975 τὴν
2743 1904 3055 1974 οἰκονομίαν
3087 1903 3318 1972 βλέπων.
3344 1903 3410 1956 δι’
3453 1897 3521 1974 ἦς
3562 1902 3790 1972 γέγονεν

2205 1999 2239 2067 ή
2300 1997 2537 2068 τοσαύτη
2594 1997 2862 2068 μεταϐολὴ
2910 1998 3017 2051 τῶν
3061 1996 3494 2067 μετατιθεμένων
3547 1995 3654 2049 ἀπὸ
3691 1993 3791 2047 τοῦ

2203 2090 2432 2161 ψεύδους
2465 2088 2601 2158 πρὸς
2629 2088 2727 2159 τὴν
2759 2087 3038 2158 ἀλήθειαν.
3067 2088 3140 2140 Τὸ
3169 2071 3277 2159 γὰρ
3318 2087 3376 2139 ἐν
3405 2088 3516 2150 τοῖς
3552 2084 3794 2158 πρώτοις

2207 2181 2374 2236 αὐτοῦ
2403 2181 2504 2250 τῆς
2536 2180 2832 2251 ἱερωσύνης
2855 2178 3218 2248 γεγενημένον
3243 2177 3471 2248 χρόνοις,
3500 2178 3634 2246 ὅπερ
3655 2176 3796 2245 πρὸς

2206 2270 2277 2323 τά
2305 2269 2470 2322 λοιπὰ
2515 2268 2626 2322 τῶν
2670 2268 2960 2340 θαυμάτων
3009 2266 3358 2337 ἐπειγόμενος
3387 2269 3415 2320 6
3453 2265 3609 2332 λόγος
3645 2283 3793 2336 παρ-

2211 2363 2432 2431 έδραμε,
2465 2359 2561 2414 νῦν
2600 2357 2958 2412 ἐπαναλαϐὼν
2995 2358 3348 2428 διηγήσομαι.
3382 2356 3575 2426 Ἐορτή
3606 2373 3690 2418 τις
3724 2351 3794 2425 ἦν

2210 2449 2490 2519 πάνδημος
2519 2450 2578 2502 ἐν
2630 2451 2696 2518 τῇ
2754 2447 2928 2510 πόλει,
2969 2446 3184 2517 δαίμονί
3219 2463 3326 2498 τινι
3376 2446 3482 2499 τῶν
3514 2444 3798 2515 ἐγχωρίων

2211 2539 2356 2594 κατά
2382 2556 2434 2592 τι
2481 2538 2707 2608 πάτριον
2745 2537 3010 2608 ἀγομένη.
3041 2536 3185 2607 Πρὸς
3203 2535 3408 2606 ταύτην
3441 2534 3585 2588 ἅπαν
3612 2533 3800 2603 σχεδὸν

2215 2631 2466 2701 συνέρρει
2499 2630 2560 2682 τὸ
2596 2629 2769 2692 ἔθνος,
2789 2629 2888 2706 τῆς
2920 2625 3103 2698 χώρας
3132 2627 3312 2696 πάσης
3335 2624 3802 2695 συνεορταζούσης

2212 2725 2280 2794 τῇ
2309 2723 2481 2776 πόλει.
2520 2720 2908 2791 Ἐπεπλήρωτο
2953 2719 3010 2772 δέ
3039 2718 3144 2772 τῶν
3191 2716 3706 2788 συνδεδραμηκότων
3739 2716 3805 2767 τὸ

2216 2815 2461 2887 θέατρον,
2497 2813 2592 2866 καὶ
2625 2812 2942 2881 ύπερεχεῖτο
2982 2808 3314 2878 πανταχόθεν
3352 2806 3493 2879 ὑπὲρ
3529 2806 3627 2869 τάς
3664 2805 3804 2858 καθ-

2188 2919 2190 2921 ’
2219 2905 2376 2976 ἐδρας
2412 2902 2520 2956 τῶν
2550 2901 2918 2972 ἐπιρῤυέντων
2950 2899 3012 2951 τὸ
3038 2897 3261 2968 πλῆθος,
3292 2899 3388 2950 καὶ
3417 2897 3635 2949 πάντων
3670 2893 3805 2964 περὶ

2219 2995 2287 3050 τὰ
2316 2993 2563 3064 θεάματά
2598 3009 2658 3044 τε
2690 2993 2785 3044 καὶ
2831 2990 3158 3061 ἀκροάματα
3202 2987 3337 3059 πρὸς
3368 2986 3465 3057 τὴν
3495 2986 3806 3059 ὀρχήστραν

2219 3084 2548 3140 ἀποϐλέπειν
2592 3079 3054 3152 προθυμουμένων
3078 3117 3092 3141 ,
3125 3075 3352 3148 θορύϐου
3384 3073 3595 3144 πλήρης
3645 3065 3716 3141 ἧν
3768 3074 3804 3141 ή

2223 3177 2416 3246 σκηνὴ,
2445 3175 2540 3228 καὶ
2587 3172 2867 3242 ἄπρακτος
2920 3168 3129 3236 ἐγίνετο
3155 3168 3268 3229 τοῖς
3318 3162 3740 3234 θαυματοποιοῖς
3771 3161 3806 3228 ἠ

2222 3264 2498 3330 ἐπίδειξις,
2531 3265 2632 3333 τῆς
2663 3261 2907 3333 ταραχῆς
2934 3257 3042 3312 τῶν
3077 3253 3592 3326 στενοχωρουμένων
3619 3251 3681 3304 οὐ
3721 3251 3814 3320 μό-

2222 3375 2312 3413 νον
2343 3358 2442 3426 τὴν
2471 3355 2767 3408 ἀπόλαυσιν
2799 3351 2898 3420 τῆς
2945 3348 3212 3420 μουσικῆς
3242 3343 3665 3412 ἐπικοπτούσης,
3688 3340 3812 3392 ἀλλ’

2223 3443 2347 3498 οὔτε
2387 3445 2500 3505 τοῖς
2533 3439 2955 3510 θαυματοποιοῖς
2998 3433 3305 3504 ἐνδιδούσης
3342 3429 3534 3500 καιρὸν
3564 3427 3634 3480 τά
3682 3428 3818 3479 ἐαυ-

2224 3535 2333 3589 τῶν
2390 3529 2813 3586 ἐπιδείκνυσθαι.
2869 3524 3038 3578 Ἔνθα
3085 3524 3143 3576 δὲ
3199 3520 3352 3590 κοινὴ
3405 3517 3558 3589 παρά
3609 3513 3814 3575 παντὸς

2228 3626 2559 3697 ἐκρήγνυται
2586 3619 2680 3674 τοῦ
2707 3620 2880 3690 δήμου
2909 3615 3081 3687 φωνὴ,
3106 3614 3195 3668 τὸν
3226 3611 3475 3681 δαίμονα,
3496 3602 3541 3676 ᾧ
3568 3607 3666 3678 τὴν
3689 3607 3818 3675 ἐορ-

2227 3719 2325 3790 τὴν
2357 3713 2512 3786 ἦγον,
2547 3711 2977 3770 ἀνακαλούντων,
3023 3709 3118 3762 καὶ
3157 3707 3286 3774 παρ’
3317 3701 3526 3757 ἐκείνου
3570 3699 3669 3768 τὴν
3720 3697 3818 3750 εὐ·-

2232 3785 2510 3880 ρυχωρίαν
2574 3805 2757 3866 αὐτοῖς
2809 3799 3104 3865 ἀξιούντων
3171 3792 3442 3862 γενέσθαι.
3491 3787 3706 3880 Ἐπειδὴ
3755 3785 3816 3880 δέ

2232 3877 2447 3954 πάντων
2481 3895 2729 3964 ἀλλήλοις
2775 3887 3294 3960 συμφθεγγομένων,
3319 3885 3395 3946 είς
3425 3880 3558 3951 ὕψος
3588 3878 3753 3950 ᾔρετο
3779 3877 3816 3944 ὴ

2232 3990 2405 4061 φωνὴ,
2450 3988 2542 4041 καὶ
2586 3987 2764 4054 πάσης
2813 3983 2985 4036 ἐδόκει
3022 3980 3122 4049 τῆς
3170 3976 3377 4038 πόλεως
3416 3971 3667 4039 καθάπερ
3695 3967 3820 4061 ἐνὸς

2231 4058 2381 4145 τινος
2439 4079 2700 4149 στόματος
2727 4078 2755 4129 6
2782 4075 2939 4142 λόγος
2974 4069 3134 4135 εἶναι,
3187 4071 3215 4123 6
3257 4068 3358 4139 τὴν
3404 4065 3572 4136 εὐχὴν
3612 4058 3817 4130 ταύτην

2233 4173 2524 4244 προσάγων
2553 4169 2632 4240 τῷ
2665 4168 2880 4238 δαίμονι
2921 4161 3010 4235 (ἦν
3056 4163 3110 4215 δὲ
3165 4163 3196 4231 ἡ
3245 4159 3402 4230 εύχὴ,
3427 4157 3502 4220 ὡς
3533 4155 3619 4209 ἐπ’
3643 4152 3819 4220 αὐτῆς

2225 4265 2462 4320 ,ἀκοῦσαι
2487 4263 2585 4332 τῆς
2614 4260 2810 4325 λέξεως
2847 4273 2862 4286 ·
2895 4255 3009 4308 Ζεῦ
3031 4293 3045 4317 ,
3071 4253 3334 4319 ποίησον
3366 4247 3524 4318 ἡμῖν’
3566 4244 3772 4314 τόπον)
3795 4261 3814 4274 ·

2237 4344 2472 4418 ἀκούσας
2492 4354 2547 4406 δὲ
2574 4354 2603 4405 ὁ
2643 4351 2815 4422 μέγας
2867 4349 3070 4408 ἐκεῖνος
3107 4343 3200 4397 τοῦ
3242 4343 3376 4413 ἠχου
3408 4338 3518 4393 τῶν
3558 4333 3818 4406 ὀνομαστὶ

2237 4443 2622 4515 ἐπιϐοωμένων
2651 4441 2742 4494 τὸν
2772 4438 3000 4508 δαίμονα
3023 4477 3036 4498 ,
3068 4435 3195 4505 παρ’
3225 4428 3286 4486 οὗ
3335 4431 3433 4502 τὴν
3475 4427 3819 4501 εὐρυχωρίαν

2239 4538 2402 4609 ᾔτουν
2423 4531 2672 4603 γενέσθαι
2701 4533 2766 4601 τῇ
2799 4528 2970 4594 πόλει,
2995 4525 3130 4596 φησὶ
3171 4523 3308 4594 πρὸς
3335 4521 3553 4582 αὐτοὺς,
3595 4517 3819 4588 πέμψας

2240 4628 2362 4682 τινὰ
2387 4625 2495 4679 τῶν
2541 4620 2983 4694 παρεστηκότων,
3013 4614 3334 4687 δοθήσεσθαι
3375 4614 3559 4675 αὐτοῖς
3579 4611 3700 4664 ὅσον
3728 4609 3821 4662 οὗ·

2240 4719 2388 4772 δέπω
2417 4716 2639 4768 πλείονα
2665 4713 2765 4782 τῆς
2783 4711 2946 4782 εὐχῆς
2977 4709 3077 4780 τὴν
3101 4704 3462 4778 εὐρυχωρίαν.

560 4791 799 4890 manem,
834 4837 865 4875 a
893 4835 1004 4892 quo
1031 4818 1316 4874 laxitatem
1349 4815 1561 4871 civitati
1600 4814 1716 4870 ﬁeri
1747 4815 2029 4884 petebant,
2068 4810 2306 4882 quodam
2333 4824 2398 4863 ex
2425 4804 2782 4862 adstantibus
2806 4802 2876 4857 ad
2905 4816 3004 4858 eos
3028 4799 3222 4864 misso,
3256 4796 3542 4852 laxitatem
3571 4794 3647 4850 ait
3681 4791 3819 4864 ipsis

561 4933 685 4971 mox
721 4915 909 4969 datum
949 4911 1337 4981 iri'majorem,
1367 4925 1533 4981 quam
1563 4918 1842 4981 optarent.

632 5014 747 5067 Hac
775 5020 956 5067 autem
988 5009 1059 5064 ab
1088 5024 1154 5064 eo
1202 5023 1338 5062 voce
1389 5013 1652 5075 tanquam
1707 5003 1854 5059 tristi
1905 5001 2140 5072 quadam

563 5108 833 5165 sententia
864 5095 1098 5174 prolata,
1142 5099 1458 5170 pestilentia
1494 5096 1842 5167 frequentem
1873 5094 2022 5148 illum
2061 5091 2139 5146 fe-

561 5201 674 5254 rias
723 5196 1000 5267 agentium
1054 5201 1110 5247 et
1163 5192 1325 5246 ludos
1365 5187 1767 5244 celebrantium
1805 5191 2139 5238 conventum

563 5291 790 5358 excipit.
818 5289 893 5340 Ac
929 5285 1112 5342 statim
1145 5280 1572 5351 tripudiantinm
1599 5276 1786 5332 choris
1824 5272 2144 5327 lamentatio

565 5379 926 5440 miscebatur,
975 5375 1112 5429 adeo
1150 5382 1212 5427 ut
1255 5373 1310 5425 in
1348 5371 1530 5424 luctus
1571 5375 1625 5421 et
1675 5365 2019 5420 calamitates
2065 5362 2145 5418 eis

566 5469 876 5535 voluptates
917 5471 1391 5527 converterentur,
1438 5474 1562 5516 cum
1617 5472 1716 5527 pro
1766 5455 2050 5526 plausibus
2089 5460 2143 5507 et

569 5570 737 5616 cantu
779 5557 1040 5613 tibiarum
1073 5555 1195 5611 alia:
1234 5569 1401 5626 super
1433 5553 1570 5607 alias
1609 5550 1800 5606 naenia:
1837 5555 2144 5617 cantusque

569 5642 831 5720 lugubres
858 5649 1051 5704 urbem
1089 5649 1294 5719 passim
1320 5645 1678 5701 invasissent.
1720 5642 1858 5696 Cum
1891 5641 2034 5696 enim
2064 5653 2144 5693 se-

573 5741 681 5799 mel
732 5742 962 5799 morbus
1021 5740 1272 5796 homines
1316 5733 1637 5799 invasisset,
1678 5733 1937 5804 opinione
1979 5730 2140 5788 citius

2306 4995 2522 5062 Ταύτης
2551 4993 2607 5046 δὲ
2627 4988 2964 5063 παρἠαὑτοῢ
3017 4989 3119 5060 τῆς
3157 4988 3338 5059 φωνῆς
3368 4979 3479 5040 οἷόν
3509 4999 3654 5045 τινος
3696 4995 3826 5032 σκυ-

2241 5085 2462 5158 θρωπῆς
2493 5083 2821 5151 ἀποφάσεως
2845 5080 3215 5150 ἐξενεχθείσης
3236 5121 3250 5144 ,
3274 5076 3460 5146 λοιμὸς
3492 5074 3590 5145 τὴν
3617 5071 3820 5141 πάνδη-

2245 5195 2345 5247 μον
2391 5174 2602 5244 ἐκείνην
2633 5171 2950 5243 ἱερομηνίαν
3006 5169 3306 5238 ἐκδέχεται.
3332 5165 3445 5220 Καὶ
3481 5163 3826 5232 παραχρῆμα.

2244 5269 2606 5338 κατεμίγνυτο
2662 5268 2782 5328 ταῖς
2818 5261 3194 5334 χοροστασίαις
3223 5261 3250 5313 6
3281 5257 3501 5328 θρῆνος,
3538 5255 3679 5308 ὥστε
3727 5252 3830 5304 αὗ-

2244 5365 2354 5424 τοῖς
2380 5360 2457 5422 είς
2482 5357 2654 5426 πένθη
2683 5357 2775 5410 καὶ
2806 5353 3091 5426 συμφορὰς
3131 5348 3574 5422 μεταστραφῆναι
3599 5345 3697 5406 τάς
3731 5342 3828 5396 θυ-

2253 5451 2467 5525 μηδίας,
2494 5450 2612 5504 ἀντὶ
2639 5446 2816 5502 αὐλῶν
2849 5445 2944 5499 καὶ
2969 5444 3178 5514 κρότων
3209 5441 3311 5510 τῆς
3349 5436 3649 5507 ἐπαλλήλου
3693 5434 3830 5525 θρηξ

2249 5523 2440 5605 νωδίας
2481 5537 2840 5606 διαλαϐούσης
2872 5535 2970 5605 τὴν
3001 5533 3174 5587 πόλιν.
3209 5529 3516 5600 Ἐνσκῆψαν
3545 5527 3653 5596 γὰρ
3678 5523 3832 5589 ἅπαξ

2250 5637 2360 5697 τοῖς
2385 5630 2690 5702 ἀνθρώποις
2710 5628 2770 5682 τὸ
2789 5626 2980 5691 πάθος,
3010 5623 3203 5678 θᾶττον
3227 5621 3260 5691 ἢ
3290 5621 3410 5674 κατ’
3445 5617 3662 5680 ἐλπίδας
3687 5613 3830 5679 διεξ-

2250 5723 2336 5795 ῄει
2385 5722 2553 5792 πυρὸς
2599 5720 2751 5788 δίκην
2796 5718 2922 5781 τοὺς
2965 5716 3144 5780 οἴκους
3190 5712 3644 5784 ἐπιϐοσκόμενον,
3682 5704 3825 5761 ὥστε
