  <div class='ocr_page' id='page_1' title='image "/cluster/home/n/w/nwhite01/storage/ocr_20150623/46/nnc1.0046978380/486.png"; bbox 0 0 4092 6368; ppageno 0'>
   <div class='ocr_carea' id='block_1_1' title="bbox 352 301 456 355">
    <p class='ocr_par' dir='ltr' id='par_1_1' title="bbox 352 301 456 355">
     <span class='ocr_line' id='line_1_1' title="bbox 352 301 456 355; baseline -0.029 -1"><span class='ocrx_word' id='word_1_1' title='bbox 352 301 456 355; x_wconf 70' lang='lat'><strong>957</strong></span> 
     </span>
    </p>
   </div>
   <div class='ocr_carea' id='block_1_2' title="bbox 1342 296 2651 358">
    <p class='ocr_par' dir='ltr' id='par_1_2' title="bbox 1342 296 2651 358">
     <span class='ocr_line' id='line_1_2' title="bbox 1342 296 2651 358; baseline 0.001 -6"><span class='ocrx_word' id='word_1_2' title='bbox 1342 298 1432 353; x_wconf 83' lang='lat' dir='ltr'><strong>DE</strong></span> <span class='ocrx_word' id='word_1_3' title='bbox 1461 297 1625 355; x_wconf 75' lang='lat' dir='ltr'><strong>VlTA</strong></span> <span class='ocrx_word' id='word_1_4' title='bbox 1662 296 1724 355; x_wconf 87' lang='lat' dir='ltr'><strong>S.</strong></span> <span class='ocrx_word' id='word_1_5' title='bbox 1756 297 2087 355; x_wconf 76' lang='lat' dir='ltr'><strong>GREGORII</strong></span> <span class='ocrx_word' id='word_1_6' title='bbox 2115 296 2651 358; x_wconf 69' lang='lat' dir='ltr'><strong>THAUIATUBGL</strong></span> 
     </span>
    </p>
   </div>
   <div class='ocr_carea' id='block_1_3' title="bbox 3510 295 3614 351">
    <p class='ocr_par' dir='ltr' id='par_1_3' title="bbox 3510 295 3614 351">
     <span class='ocr_line' id='line_1_3' title="bbox 3510 295 3614 351; baseline 0.01 -1"><span class='ocrx_word' id='word_1_7' title='bbox 3510 295 3614 351; x_wconf 74' lang='lat'><strong>958</strong></span> 
     </span>
    </p>
   </div>
   <div class='ocr_carea' id='block_1_4' title="bbox 354 405 1931 489">
    <p class='ocr_par' dir='ltr' id='par_1_4' title="bbox 354 412 1931 486">
     <span class='ocr_line' id='line_1_4' title="bbox 354 412 1931 486; baseline -0.001 -17"><span class='ocrx_word' id='word_1_8' title='bbox 354 412 686 484; x_wconf 78' lang='grc' dir='ltr'>πληροῦσθαι</span> <span class='ocrx_word' id='word_1_9' title='bbox 738 415 835 485; x_wconf 86' lang='grc' dir='ltr'><strong>μὲν</strong></span> <span class='ocrx_word' id='word_1_10' title='bbox 861 413 969 467; x_wconf 85' lang='grc' dir='ltr'><strong>τῶν</strong></span> <span class='ocrx_word' id='word_1_11' title='bbox 1007 417 1073 486; x_wconf 84' lang='grc' dir='ltr'>τῇ</span> <span class='ocrx_word' id='word_1_12' title='bbox 1131 414 1267 482; x_wconf 89' lang='grc' dir='ltr'>νόσῳ</span> <span class='ocrx_word' id='word_1_13' title='bbox 1318 415 1836 486; x_wconf 71' lang='grc' dir='ltr'>καταφθειρομένων</span> <span class='ocrx_word' id='word_1_14' title='bbox 1867 413 1931 467; x_wconf 85' lang='grc' dir='ltr'>τὰ</span> 
     </span>
    </p>
   </div>
   <div class='ocr_carea' id='block_1_5' title="bbox 2030 405 3612 489">
    <p class='ocr_par' dir='ltr' id='par_1_5' title="bbox 2038 405 3612 489">
     <span class='ocr_line' id='line_1_5' title="bbox 2038 405 3612 489; baseline -0.008 -20"><span class='ocrx_word' id='word_1_15' title='bbox 2038 416 2446 489; x_wconf 81' lang='lat' dir='ltr'><strong>pr0pagabatur</strong></span> <span class='ocrx_word' id='word_1_16' title='bbox 2475 421 2643 484; x_wconf 92' lang='lat' dir='ltr'><strong>atque</strong></span> <span class='ocrx_word' id='word_1_17' title='bbox 2668 410 2945 481; x_wconf 90' lang='lat' dir='ltr'><strong>serpebat,</strong></span> <span class='ocrx_word' id='word_1_18' title='bbox 2984 408 3131 480; x_wconf 83' lang='lat' dir='ltr'><strong>tgnis</strong></span> <span class='ocrx_word' id='word_1_19' title='bbox 3165 407 3222 462; x_wconf 91' lang='lat' dir='ltr'><strong>in</strong></span> <span class='ocrx_word' id='word_1_20' title='bbox 3255 405 3479 460; x_wconf 86' lang='lat' dir='ltr'><strong>modum</strong></span> <span class='ocrx_word' id='word_1_21' title='bbox 3511 408 3612 459; x_wconf 79' lang='lat' dir='ltr'><strong>dn-</strong></span> 
     </span>
    </p>
   </div>
   <div class='ocr_carea' id='block_1_6' title="bbox 355 502 1927 575">
    <p class='ocr_par' dir='ltr' id='par_1_6' title="bbox 355 502 1927 575">
     <span class='ocr_line' id='line_1_6' title="bbox 355 502 1927 575; baseline 0 -20"><span class='ocrx_word' id='word_1_22' title='bbox 355 504 474 574; x_wconf 75' lang='grc' dir='ltr'>ἱερὰ</span> <span class='ocrx_word' id='word_1_23' title='bbox 499 503 605 556; x_wconf 84' lang='grc' dir='ltr'>τῶν</span> <span class='ocrx_word' id='word_1_24' title='bbox 653 503 825 556; x_wconf 85' lang='grc' dir='ltr'>ἐλπίδι</span> <span class='ocrx_word' id='word_1_25' title='bbox 872 503 1167 575; x_wconf 83' lang='grc' dir='ltr'>θεραπείας</span> <span class='ocrx_word' id='word_1_26' title='bbox 1215 504 1669 575; x_wconf 78' lang='grc' dir='ltr'>προσφευγόντων</span> <span class='ocrx_word' id='word_1_27' title='bbox 1692 521 1705 534; x_wconf 90' lang='grc'><strong>·</strong></span> <span class='ocrx_word' id='word_1_28' title='bbox 1735 502 1927 573; x_wconf 78' lang='grc' dir='ltr'><strong>γέμειν</strong></span> 
     </span>
    </p>
   </div>
   <div class='ocr_carea' id='block_1_7' title="bbox 348 592 1925 666">
    <p class='ocr_par' dir='ltr' id='par_1_7' title="bbox 348 592 1925 666">
     <span class='ocr_line' id='line_1_7' title="bbox 348 592 1925 666; baseline -0.001 -19"><span class='ocrx_word' id='word_1_29' title='bbox 348 595 404 648; x_wconf 80' lang='grc' dir='ltr'>δὲ</span> <span class='ocrx_word' id='word_1_30' title='bbox 433 594 634 665; x_wconf 81' lang='grc' dir='ltr'>πηγάς,</span> <span class='ocrx_word' id='word_1_31' title='bbox 654 594 748 648; x_wconf 78' lang='grc' dir='ltr'>καὶ</span> <span class='ocrx_word' id='word_1_32' title='bbox 778 596 1161 666; x_wconf 76' lang='grc' dir='ltr'>κρουνοὺς,καὶ</span> <span class='ocrx_word' id='word_1_33' title='bbox 1193 594 1551 666; x_wconf 78' lang='grc' dir='ltr'>φρέατα,τῶν</span> <span class='ocrx_word' id='word_1_34' title='bbox 1583 594 1687 647; x_wconf 88' lang='grc' dir='ltr'><strong>ὑπὸ</strong></span> <span class='ocrx_word' id='word_1_35' title='bbox 1712 594 1812 662; x_wconf 79' lang='grc' dir='ltr'>τῆς</span> <span class='ocrx_word' id='word_1_36' title='bbox 1831 592 1925 647; x_wconf 89' lang='grc' dir='ltr'><strong>τοῦ</strong></span> 
     </span>
    </p>
   </div>
   <div class='ocr_carea' id='block_1_8' title="bbox 348 686 1926 759">
    <p class='ocr_par' dir='ltr' id='par_1_8' title="bbox 348 686 1926 759">
     <span class='ocr_line' id='line_1_8' title="bbox 348 686 1926 759; baseline 0.001 -22"><span class='ocrx_word' id='word_1_37' title='bbox 348 688 651 757; x_wconf 82' lang='grc' dir='ltr'>νοσήματος</span> <span class='ocrx_word' id='word_1_38' title='bbox 696 687 1003 757; x_wconf 83' lang='grc' dir='ltr'><strong>ἀμηχανίας</strong></span> <span class='ocrx_word' id='word_1_39' title='bbox 1042 687 1434 757; x_wconf 87' lang='grc' dir='ltr'>διακαιομένων</span> <span class='ocrx_word' id='word_1_40' title='bbox 1458 690 1517 740; x_wconf 83' lang='grc' dir='ltr'><strong>ἐν</strong></span> <span class='ocrx_word' id='word_1_41' title='bbox 1559 690 1626 758; x_wconf 82' lang='grc' dir='ltr'>τῇ</span> <span class='ocrx_word' id='word_1_42' title='bbox 1663 687 1791 759; x_wconf 68' lang='grc' dir='ltr'>δίψῃ</span> <span class='ocrx_word' id='word_1_43' title='bbox 1818 686 1926 753; x_wconf 84' lang='grc' dir='ltr'>(ἐφ’</span> 
     </span>
    </p>
   </div>
   <div class='ocr_carea' id='block_1_9' title="bbox 348 769 1926 847">
    <p class='ocr_par' dir='ltr' id='par_1_9' title="bbox 348 769 1926 847">
     <span class='ocr_line' id='line_1_9' title="bbox 348 769 1926 847; baseline 0 -19"><span class='ocrx_word' id='word_1_44' title='bbox 348 769 424 828; x_wconf 83' lang='grc' dir='ltr'>ὧν</span> <span class='ocrx_word' id='word_1_45' title='bbox 447 777 625 847; x_wconf 76' lang='grc' dir='ltr'>ἠτόνει</span> <span class='ocrx_word' id='word_1_46' title='bbox 658 776 718 830; x_wconf 83' lang='grc' dir='ltr'><strong>τὸ</strong></span> <span class='ocrx_word' id='word_1_47' title='bbox 768 776 911 847; x_wconf 77' lang='grc' dir='ltr'>ὕδωρ</span> <span class='ocrx_word' id='word_1_48' title='bbox 958 778 1049 830; x_wconf 91' lang='grc' dir='ltr'><strong>τὸν</strong></span> <span class='ocrx_word' id='word_1_49' title='bbox 1086 779 1151 831; x_wconf 86' lang='grc' dir='ltr'><strong>ἐκ</strong></span> <span class='ocrx_word' id='word_1_50' title='bbox 1206 777 1297 831; x_wconf 87' lang='grc' dir='ltr'><strong>τοῦ</strong></span> <span class='ocrx_word' id='word_1_51' title='bbox 1343 777 1547 841; x_wconf 81' lang='grc' dir='ltr'>πάθους</span> <span class='ocrx_word' id='word_1_52' title='bbox 1594 776 1926 831; x_wconf 78' lang='grc' dir='ltr'>κατασϐέσαι</span> 
     </span>
    </p>
   </div>
   <div class='ocr_carea' id='block_1_10' title="bbox 350 866 1925 939">
    <p class='ocr_par' dir='ltr' id='par_1_10' title="bbox 350 866 1925 939">
     <span class='ocr_line' id='line_1_10' title="bbox 350 866 1925 939; baseline 0.001 -21"><span class='ocrx_word' id='word_1_53' title='bbox 350 868 623 937; x_wconf 83' lang='grc' dir='ltr'><strong>φλογμὸν,</strong></span> <span class='ocrx_word' id='word_1_54' title='bbox 652 868 852 939; x_wconf 82' lang='grc' dir='ltr'>ὁμοίως</span> <span class='ocrx_word' id='word_1_55' title='bbox 902 868 1131 939; x_wconf 85' lang='grc' dir='ltr'>ἐχόντων</span> <span class='ocrx_word' id='word_1_56' title='bbox 1180 869 1275 921; x_wconf 77' lang='grc' dir='ltr'><strong>καὶ</strong></span> <span class='ocrx_word' id='word_1_57' title='bbox 1341 869 1479 939; x_wconf 88' lang='grc' dir='ltr'><strong>μετά</strong></span> <span class='ocrx_word' id='word_1_58' title='bbox 1531 867 1593 921; x_wconf 87' lang='grc' dir='ltr'><strong>τὸ</strong></span> <span class='ocrx_word' id='word_1_59' title='bbox 1642 866 1925 938; x_wconf 73' lang='grc' dir='ltr'>ῦδωρ,καὶ</span> 
     </span>
    </p>
   </div>
   <div class='ocr_carea' id='block_1_11' title="bbox 350 956 1922 1030">
    <p class='ocr_par' dir='ltr' id='par_1_11' title="bbox 350 956 1922 1030">
     <span class='ocr_line' id='line_1_11' title="bbox 350 956 1922 1030; baseline -0.001 -20"><span class='ocrx_word' id='word_1_60' title='bbox 350 958 456 1030; x_wconf 87' lang='grc' dir='ltr'><strong>πρὸ</strong></span> <span class='ocrx_word' id='word_1_61' title='bbox 480 957 574 1010; x_wconf 90' lang='grc' dir='ltr'><strong>τοῦ</strong></span> <span class='ocrx_word' id='word_1_62' title='bbox 602 957 813 1021; x_wconf 74' lang='grc' dir='ltr'>ὓδατος,</span> <span class='ocrx_word' id='word_1_63' title='bbox 841 958 948 1010; x_wconf 84' lang='grc' dir='ltr'><strong>τῶν</strong></span> <span class='ocrx_word' id='word_1_64' title='bbox 969 958 1116 1023; x_wconf 76' lang='grc' dir='ltr'>ἅπαξ</span> <span class='ocrx_word' id='word_1_65' title='bbox 1136 957 1575 1028; x_wconf 86' lang='grc' dir='ltr'>κατασχεθέντων</span> <span class='ocrx_word' id='word_1_66' title='bbox 1603 956 1679 1026; x_wconf 80' lang='grc' dir='ltr'>τῷ</span> <span class='ocrx_word' id='word_1_67' title='bbox 1717 956 1922 1026; x_wconf 88' lang='grc' dir='ltr'>πάθει)·</span> 
     </span>
    </p>
   </div>
   <div class='ocr_carea' id='block_1_12' title="bbox 349 1047 1924 1120">
    <p class='ocr_par' dir='ltr' id='par_1_12' title="bbox 349 1047 1924 1120">
     <span class='ocr_line' id='line_1_12' title="bbox 349 1047 1924 1120; baseline -0.001 -19"><span class='ocrx_word' id='word_1_68' title='bbox 349 1048 576 1109; x_wconf 81' lang='grc' dir='ltr'>πολλοὺς</span> <span class='ocrx_word' id='word_1_69' title='bbox 603 1048 658 1101; x_wconf 83' lang='grc' dir='ltr'>δὲ</span> <span class='ocrx_word' id='word_1_70' title='bbox 692 1048 1009 1119; x_wconf 83' lang='grc' dir='ltr'>αὐτομολεῖν</span> <span class='ocrx_word' id='word_1_71' title='bbox 1033 1048 1168 1120; x_wconf 85' lang='grc' dir='ltr'>πρὸς</span> <span class='ocrx_word' id='word_1_72' title='bbox 1191 1050 1315 1112; x_wconf 79' lang='grc' dir='ltr'>τοὺς</span> <span class='ocrx_word' id='word_1_73' title='bbox 1340 1049 1561 1117; x_wconf 69' lang='grc' dir='ltr'>τάφους,</span> <span class='ocrx_word' id='word_1_74' title='bbox 1593 1047 1687 1101; x_wconf 72' lang='grc' dir='ltr'><strong>καὶ</strong></span> <span class='ocrx_word' id='word_1_75' title='bbox 1728 1048 1924 1119; x_wconf 80' lang='grc' dir='ltr'>μηκέτι</span> 
     </span>
    </p>
   </div>
   <div class='ocr_carea' id='block_1_13' title="bbox 347 1139 1925 1212">
    <p class='ocr_par' dir='ltr' id='par_1_13' title="bbox 347 1139 1925 1212">
     <span class='ocr_line' id='line_1_13' title="bbox 347 1139 1925 1212; baseline 0 -20"><span class='ocrx_word' id='word_1_76' title='bbox 347 1142 474 1203; x_wconf 84' lang='grc' dir='ltr'>τοὺς</span> <span class='ocrx_word' id='word_1_77' title='bbox 500 1141 787 1212; x_wconf 83' lang='grc' dir='ltr'>περιόντας</span> <span class='ocrx_word' id='word_1_78' title='bbox 824 1140 1074 1211; x_wconf 80' lang='grc' dir='ltr'>ἐξαρκεῖν</span> <span class='ocrx_word' id='word_1_79' title='bbox 1105 1142 1225 1203; x_wconf 84' lang='grc' dir='ltr'>ταῖς</span> <span class='ocrx_word' id='word_1_80' title='bbox 1258 1139 1365 1194; x_wconf 84' lang='grc' dir='ltr'><strong>τῶν</strong></span> <span class='ocrx_word' id='word_1_81' title='bbox 1404 1139 1803 1211; x_wconf 78' lang='grc' dir='ltr'>κατοιχομένων</span> <span class='ocrx_word' id='word_1_82' title='bbox 1831 1156 1925 1192; x_wconf 88' lang='grc' dir='ltr'>τα-</span> 
     </span>
    </p>
   </div>
   <div class='ocr_carea' id='block_1_14' title="bbox 350 1229 1925 1301">
    <p class='ocr_par' dir='ltr' id='par_1_14' title="bbox 350 1229 1925 1301">
     <span class='ocr_line' id='line_1_14' title="bbox 350 1229 1925 1301; baseline 0.001 -20"><span class='ocrx_word' id='word_1_83' title='bbox 350 1230 788 1298; x_wconf 82' lang='grc' dir='ltr'>φαῖς.·Γενέσθαι</span> <span class='ocrx_word' id='word_1_84' title='bbox 810 1231 866 1284; x_wconf 89' lang='grc' dir='ltr'>δὲ</span> <span class='ocrx_word' id='word_1_85' title='bbox 899 1231 999 1284; x_wconf 84' lang='grc' dir='ltr'><strong>οὐκ</strong></span> <span class='ocrx_word' id='word_1_86' title='bbox 1019 1230 1279 1301; x_wconf 81' lang='grc' dir='ltr'>ἀδόκητον</span> <span class='ocrx_word' id='word_1_87' title='bbox 1298 1229 1392 1283; x_wconf 89' lang='grc' dir='ltr'><strong>τοῦ</strong></span> <span class='ocrx_word' id='word_1_88' title='bbox 1422 1230 1591 1283; x_wconf 90' lang='grc' dir='ltr'>κακοῦ</span> <span class='ocrx_word' id='word_1_89' title='bbox 1630 1230 1728 1301; x_wconf 71' lang='grc' dir='ltr'><strong>τὴν</strong></span> <span class='ocrx_word' id='word_1_90' title='bbox 1752 1246 1925 1300; x_wconf 80' lang='grc' dir='ltr'>προσ-</span> 
     </span>
    </p>
   </div>
   <div class='ocr_carea' id='block_1_15' title="bbox 350 1316 1926 1389">
    <p class='ocr_par' dir='ltr' id='par_1_15' title="bbox 350 1316 1926 1389">
     <span class='ocr_line' id='line_1_15' title="bbox 350 1316 1926 1389; baseline 0.001 -21"><span class='ocrx_word' id='word_1_91' title='bbox 350 1316 507 1387; x_wconf 80' lang='grc' dir='ltr'>ὄολὴν</span> <span class='ocrx_word' id='word_1_92' title='bbox 534 1320 645 1381; x_wconf 82' lang='grc' dir='ltr'>τοῖς</span> <span class='ocrx_word' id='word_1_93' title='bbox 701 1316 1041 1389; x_wconf 85' lang='grc' dir='ltr'>ἀνθρώποις·</span> <span class='ocrx_word' id='word_1_94' title='bbox 1092 1318 1228 1373; x_wconf 86' lang='grc' dir='ltr'>ἀλλά</span> <span class='ocrx_word' id='word_1_95' title='bbox 1279 1336 1423 1382; x_wconf 87' lang='grc' dir='ltr'>τινος</span> <span class='ocrx_word' id='word_1_96' title='bbox 1469 1318 1755 1389; x_wconf 83' lang='grc' dir='ltr'>φάσματος</span> <span class='ocrx_word' id='word_1_97' title='bbox 1803 1320 1926 1371; x_wconf 86' lang='grc' dir='ltr'>ἐπι--</span> 
     </span>
    </p>
   </div>
   <div class='ocr_carea' id='block_1_16' title="bbox 348 1406 1925 1479">
    <p class='ocr_par' dir='ltr' id='par_1_16' title="bbox 348 1406 1925 1479">
     <span class='ocr_line' id='line_1_16' title="bbox 348 1406 1925 1479; baseline 0 -20"><span class='ocrx_word' id='word_1_98' title='bbox 348 1408 630 1477; x_wconf 84' lang='grc' dir='ltr'>γινομένου</span> <span class='ocrx_word' id='word_1_99' title='bbox 660 1410 725 1478; x_wconf 84' lang='grc' dir='ltr'>τῇ</span> <span class='ocrx_word' id='word_1_100' title='bbox 774 1407 1038 1479; x_wconf 80' lang='grc' dir='ltr'>μελλούσῃ</span> <span class='ocrx_word' id='word_1_101' title='bbox 1068 1407 1526 1477; x_wconf 82' lang='grc' dir='ltr'>καταφθείρεσθαι</span> <span class='ocrx_word' id='word_1_102' title='bbox 1558 1407 1723 1479; x_wconf 76' lang='grc' dir='ltr'>οἰκίᾳ,</span> <span class='ocrx_word' id='word_1_103' title='bbox 1753 1406 1925 1471; x_wconf 78' lang='grc' dir='ltr'>οὕτως</span> 
     </span>
    </p>
   </div>
   <div class='ocr_carea' id='block_1_17' title="bbox 350 1494 1925 1570">
    <p class='ocr_par' dir='ltr' id='par_1_17' title="bbox 350 1494 1925 1570">
     <span class='ocr_line' id='line_1_17' title="bbox 350 1494 1925 1570; baseline 0.001 -19"><span class='ocrx_word' id='word_1_104' title='bbox 350 1498 734 1552; x_wconf 79' lang='grc' dir='ltr'>ἐπακολουθεῖν</span> <span class='ocrx_word' id='word_1_105' title='bbox 761 1499 858 1570; x_wconf 82' lang='grc' dir='ltr'>τὴν</span> <span class='ocrx_word' id='word_1_106' title='bbox 893 1499 1119 1570; x_wconf 85' lang='grc' dir='ltr'>φθοράν.</span> <span class='ocrx_word' id='word_1_107' title='bbox 1157 1500 1309 1552; x_wconf 68' lang='grc' dir='ltr'>Ἐπεὶ</span> <span class='ocrx_word' id='word_1_108' title='bbox 1327 1494 1420 1552; x_wconf 84' lang='grc' dir='ltr'><strong>οῦν</strong></span> <span class='ocrx_word' id='word_1_109' title='bbox 1449 1500 1582 1553; x_wconf 82' lang='grc' dir='ltr'>πᾶσι</span> <span class='ocrx_word' id='word_1_110' title='bbox 1609 1499 1925 1570; x_wconf 80' lang='grc' dir='ltr'>καταφανὴς</span> 
     </span>
    </p>
   </div>
   <div class='ocr_carea' id='block_1_18' title="bbox 350 1588 1923 1661">
    <p class='ocr_par' dir='ltr' id='par_1_18' title="bbox 350 1588 1923 1661">
     <span class='ocr_line' id='line_1_18' title="bbox 350 1588 1923 1661; baseline 0.001 -20"><span class='ocrx_word' id='word_1_111' title='bbox 350 1589 565 1656; x_wconf 85' lang='grc' dir='ltr'>ἐγένετο</span> <span class='ocrx_word' id='word_1_112' title='bbox 609 1591 642 1660; x_wconf 83' lang='grc' dir='ltr'>ὴ</span> <span class='ocrx_word' id='word_1_113' title='bbox 690 1590 839 1643; x_wconf 83' lang='grc' dir='ltr'>αἰτία</span> <span class='ocrx_word' id='word_1_114' title='bbox 871 1590 971 1661; x_wconf 86' lang='grc' dir='ltr'><strong>τῆς</strong></span> <span class='ocrx_word' id='word_1_115' title='bbox 1021 1590 1199 1653; x_wconf 90' lang='grc' dir='ltr'>νόσου,</span> <span class='ocrx_word' id='word_1_116' title='bbox 1233 1590 1313 1643; x_wconf 87' lang='grc' dir='ltr'>ὃτι</span> <span class='ocrx_word' id='word_1_117' title='bbox 1364 1589 1426 1643; x_wconf 85' lang='grc' dir='ltr'><strong>τὸ</strong></span> <span class='ocrx_word' id='word_1_118' title='bbox 1455 1588 1747 1660; x_wconf 77' lang='grc' dir='ltr'>ἐπικληθὲν</span> <span class='ocrx_word' id='word_1_119' title='bbox 1792 1589 1923 1659; x_wconf 87' lang='grc' dir='ltr'>παρ’</span> 
     </span>
    </p>
   </div>
   <div class='ocr_carea' id='block_1_19' title="bbox 349 1679 1924 1753">
    <p class='ocr_par' dir='ltr' id='par_1_19' title="bbox 349 1679 1924 1753">
     <span class='ocr_line' id='line_1_19' title="bbox 349 1679 1924 1753; baseline -0.001 -20"><span class='ocrx_word' id='word_1_120' title='bbox 349 1681 526 1734; x_wconf 80' lang='grc' dir='ltr'>αὐτῶν</span> <span class='ocrx_word' id='word_1_121' title='bbox 556 1681 829 1751; x_wconf 88' lang='grc' dir='ltr'>δαιμόνιον</span> <span class='ocrx_word' id='word_1_122' title='bbox 858 1681 1041 1745; x_wconf 85' lang='grc' dir='ltr'>κακῶς</span> <span class='ocrx_word' id='word_1_123' title='bbox 1076 1682 1313 1752; x_wconf 79' lang='grc' dir='ltr'>ἐπλήρου</span> <span class='ocrx_word' id='word_1_124' title='bbox 1347 1681 1445 1753; x_wconf 81' lang='grc' dir='ltr'>τὴν</span> <span class='ocrx_word' id='word_1_125' title='bbox 1473 1680 1637 1751; x_wconf 82' lang='grc' dir='ltr'>εὐχὴν</span> <span class='ocrx_word' id='word_1_126' title='bbox 1686 1679 1794 1733; x_wconf 85' lang='grc' dir='ltr'><strong>τῶν</strong></span> <span class='ocrx_word' id='word_1_127' title='bbox 1822 1697 1924 1751; x_wconf 88' lang='grc' dir='ltr'>μα-</span> 
     </span>
    </p>
   </div>
   <div class='ocr_carea' id='block_1_20' title="bbox 349 1756 1997 1843">
    <p class='ocr_par' dir='ltr' id='par_1_20' title="bbox 349 1756 1997 1843">
     <span class='ocr_line' id='line_1_20' title="bbox 349 1756 1997 1843; baseline -0.001 -18"><span class='ocrx_word' id='word_1_128' title='bbox 349 1772 533 1834; x_wconf 87' lang='grc' dir='ltr'>ταίων,</span> <span class='ocrx_word' id='word_1_129' title='bbox 566 1773 663 1842; x_wconf 79' lang='grc' dir='ltr'><strong>τὴν</strong></span> <span class='ocrx_word' id='word_1_130' title='bbox 691 1773 934 1843; x_wconf 81' lang='grc' dir='ltr'>πονηράν</span> <span class='ocrx_word' id='word_1_131' title='bbox 976 1773 1179 1843; x_wconf 80' lang='grc' dir='ltr'>ταύτην</span> <span class='ocrx_word' id='word_1_132' title='bbox 1223 1775 1286 1826; x_wconf 88' lang='grc' dir='ltr'><strong>ἐκ</strong></span> <span class='ocrx_word' id='word_1_133' title='bbox 1317 1772 1410 1826; x_wconf 90' lang='grc' dir='ltr'><strong>τοῦ</strong></span> <span class='ocrx_word' id='word_1_134' title='bbox 1450 1772 1654 1836; x_wconf 82' lang='grc' dir='ltr'>πάθους</span> <span class='ocrx_word' id='word_1_135' title='bbox 1684 1772 1926 1843; x_wconf 78' lang='grc' dir='ltr'>εὐρυχω·</span> <span class='ocrx_word' id='word_1_136' title='bbox 1956 1756 1997 1810; x_wconf 77' lang='grc' dir='ltr'>Β</span> 
     </span>
    </p>
   </div>
   <div class='ocr_carea' id='block_1_21' title="bbox 354 1862 1923 1934">
    <p class='ocr_par' dir='ltr' id='par_1_21' title="bbox 354 1862 1923 1934">
     <span class='ocr_line' id='line_1_21' title="bbox 354 1862 1923 1934; baseline 0.001 -19"><span class='ocrx_word' id='word_1_137' title='bbox 354 1865 472 1933; x_wconf 82' lang='grc' dir='ltr'>ρίαν</span> <span class='ocrx_word' id='word_1_138' title='bbox 508 1864 766 1933; x_wconf 80' lang='grc' dir='ltr'>ἐμποιοῦν</span> <span class='ocrx_word' id='word_1_139' title='bbox 795 1866 861 1934; x_wconf 81' lang='grc' dir='ltr'><strong>τῇ</strong></span> <span class='ocrx_word' id='word_1_140' title='bbox 908 1864 1100 1917; x_wconf 87' lang='grc' dir='ltr'>πόλει·</span> <span class='ocrx_word' id='word_1_141' title='bbox 1148 1864 1276 1917; x_wconf 72' lang='grc' dir='ltr'>ἔνθα</span> <span class='ocrx_word' id='word_1_142' title='bbox 1323 1863 1498 1917; x_wconf 79' lang='grc' dir='ltr'>ἱκέται</span> <span class='ocrx_word' id='word_1_143' title='bbox 1545 1863 1784 1931; x_wconf 89' lang='grc' dir='ltr'>γίνονται</span> <span class='ocrx_word' id='word_1_144' title='bbox 1830 1862 1923 1916; x_wconf 92' lang='grc' dir='ltr'><strong>τοῦ</strong></span> 
     </span>
    </p>
   </div>
   <div class='ocr_carea' id='block_1_22' title="bbox 353 1953 1927 2026">
    <p class='ocr_par' dir='ltr' id='par_1_22' title="bbox 353 1953 1927 2026">
     <span class='ocr_line' id='line_1_22' title="bbox 353 1953 1927 2026; baseline 0.001 -19"><span class='ocrx_word' id='word_1_145' title='bbox 353 1955 607 2024; x_wconf 84' lang='grc' dir='ltr'>μεγάλου,</span> <span class='ocrx_word' id='word_1_146' title='bbox 636 1956 826 2025; x_wconf 84' lang='grc' dir='ltr'>στῆσαι</span> <span class='ocrx_word' id='word_1_147' title='bbox 857 1955 1098 2026; x_wconf 85' lang='grc' dir='ltr'>δεόμενοι</span> <span class='ocrx_word' id='word_1_148' title='bbox 1148 1953 1244 2008; x_wconf 87' lang='grc' dir='ltr'><strong>τοῦ</strong></span> <span class='ocrx_word' id='word_1_149' title='bbox 1281 1954 1451 2009; x_wconf 86' lang='grc' dir='ltr'>κακοῦ</span> <span class='ocrx_word' id='word_1_150' title='bbox 1498 1955 1594 2025; x_wconf 82' lang='grc' dir='ltr'>τὴν</span> <span class='ocrx_word' id='word_1_151' title='bbox 1622 1955 1794 2026; x_wconf 78' lang='grc' dir='ltr'>φορὰν</span> <span class='ocrx_word' id='word_1_152' title='bbox 1837 1954 1927 2008; x_wconf 81' lang='grc' dir='ltr'>διὰ</span> 
     </span>
    </p>
   </div>
   <div class='ocr_carea' id='block_1_23' title="bbox 347 2045 1923 2120">
    <p class='ocr_par' dir='ltr' id='par_1_23' title="bbox 347 2045 1923 2120">
     <span class='ocr_line' id='line_1_23' title="bbox 347 2045 1923 2120; baseline 0.001 -22"><span class='ocrx_word' id='word_1_153' title='bbox 347 2045 442 2099; x_wconf 86' lang='grc' dir='ltr'><strong>τοῦ</strong></span> <span class='ocrx_word' id='word_1_154' title='bbox 474 2049 602 2118; x_wconf 87' lang='grc' dir='ltr'>παρ’</span> <span class='ocrx_word' id='word_1_155' title='bbox 635 2047 799 2101; x_wconf 83' lang='grc' dir='ltr'>αὐτοῦ</span> <span class='ocrx_word' id='word_1_156' title='bbox 830 2048 1230 2117; x_wconf 83' lang='grc' dir='ltr'>γινωσκομένου</span> <span class='ocrx_word' id='word_1_157' title='bbox 1273 2065 1329 2100; x_wconf 89' lang='grc' dir='ltr'><strong>τε</strong></span> <span class='ocrx_word' id='word_1_158' title='bbox 1374 2048 1468 2101; x_wconf 74' lang='grc' dir='ltr'><strong>καὶ</strong></span> <span class='ocrx_word' id='word_1_159' title='bbox 1522 2048 1923 2120; x_wconf 87' lang='grc' dir='ltr'>κηρυττομένου</span> 
     </span>
    </p>
   </div>
   <div class='ocr_carea' id='block_1_24' title="bbox 348 2133 1927 2210">
    <p class='ocr_par' dir='ltr' id='par_1_24' title="bbox 348 2133 1927 2210">
     <span class='ocr_line' id='line_1_24' title="bbox 348 2133 1927 2210; baseline 0.003 -22"><span class='ocrx_word' id='word_1_160' title='bbox 348 2136 504 2202; x_wconf 78' lang='grc' dir='ltr'>Θεοῦ,</span> <span class='ocrx_word' id='word_1_161' title='bbox 535 2137 593 2190; x_wconf 76' lang='grc' dir='ltr'>ὃν</span> <span class='ocrx_word' id='word_1_162' title='bbox 639 2138 797 2209; x_wconf 88' lang='grc' dir='ltr'>μόνον</span> <span class='ocrx_word' id='word_1_163' title='bbox 843 2138 1153 2208; x_wconf 87' lang='grc' dir='ltr'>ὡμολόγουν</span> <span class='ocrx_word' id='word_1_164' title='bbox 1208 2138 1425 2210; x_wconf 86' lang='grc' dir='ltr'>ἀληθῶς</span> <span class='ocrx_word' id='word_1_165' title='bbox 1460 2133 1597 2192; x_wconf 77' lang='grc' dir='ltr'>εἶναι</span> <span class='ocrx_word' id='word_1_166' title='bbox 1630 2138 1784 2205; x_wconf 82' lang='grc' dir='ltr'>Θεὸν,</span> <span class='ocrx_word' id='word_1_167' title='bbox 1833 2137 1927 2192; x_wconf 74' lang='grc' dir='ltr'>καὶ</span> 
     </span>
    </p>
   </div>
   <div class='ocr_carea' id='block_1_25' title="bbox 349 2226 1927 2300">
    <p class='ocr_par' dir='ltr' id='par_1_25' title="bbox 349 2226 1927 2300">
     <span class='ocr_line' id='line_1_25' title="bbox 349 2226 1927 2300; baseline -0.001 -20"><span class='ocrx_word' id='word_1_168' title='bbox 349 2227 487 2280; x_wconf 77' lang='grc' dir='ltr'>κατὰ</span> <span class='ocrx_word' id='word_1_169' title='bbox 521 2228 737 2281; x_wconf 90' lang='grc' dir='ltr'>πάντων</span> <span class='ocrx_word' id='word_1_170' title='bbox 776 2228 852 2281; x_wconf 82' lang='grc' dir='ltr'>’τὸ</span> <span class='ocrx_word' id='word_1_171' title='bbox 880 2228 1078 2300; x_wconf 90' lang='grc' dir='ltr'>κράτος</span> <span class='ocrx_word' id='word_1_172' title='bbox 1132 2226 1296 2299; x_wconf 73' lang='grc' dir='ltr'>ἔχειν.</span> <span class='ocrx_word' id='word_1_173' title='bbox 1325 2227 1434 2281; x_wconf 90' lang='grc' dir='ltr'>Τοῦ</span> <span class='ocrx_word' id='word_1_174' title='bbox 1477 2227 1585 2298; x_wconf 81' lang='grc' dir='ltr'>γὰρ</span> <span class='ocrx_word' id='word_1_175' title='bbox 1646 2229 1927 2297; x_wconf 81' lang='grc' dir='ltr'>φάσματος</span> 
     </span>
    </p>
   </div>
   <div class='ocr_carea' id='block_1_26' title="bbox 348 2316 1929 2389">
    <p class='ocr_par' dir='ltr' id='par_1_26' title="bbox 348 2316 1929 2389">
     <span class='ocr_line' id='line_1_26' title="bbox 348 2316 1929 2389; baseline -0.001 -19"><span class='ocrx_word' id='word_1_176' title='bbox 348 2319 556 2371; x_wconf 76' lang='grc' dir='ltr'>ἐκείνου</span> <span class='ocrx_word' id='word_1_177' title='bbox 585 2318 690 2389; x_wconf 87' lang='grc' dir='ltr'><strong>πρὸ</strong></span> <span class='ocrx_word' id='word_1_178' title='bbox 725 2317 826 2387; x_wconf 83' lang='grc' dir='ltr'>τῆς</span> <span class='ocrx_word' id='word_1_179' title='bbox 874 2318 1137 2388; x_wconf 79' lang='grc' dir='ltr'>ἐσομένης</span> <span class='ocrx_word' id='word_1_180' title='bbox 1163 2316 1241 2388; x_wconf 79' lang='grc' dir='ltr'>τῷ</span> <span class='ocrx_word' id='word_1_181' title='bbox 1272 2317 1407 2387; x_wconf 80' lang='grc' dir='ltr'>οἴκῳ</span> <span class='ocrx_word' id='word_1_182' title='bbox 1453 2316 1750 2388; x_wconf 80' lang='grc' dir='ltr'>διαφθορᾶς</span> <span class='ocrx_word' id='word_1_183' title='bbox 1794 2333 1929 2387; x_wconf 80' lang='grc' dir='ltr'>προ-</span> 
     </span>
    </p>
   </div>
   <div class='ocr_carea' id='block_1_27' title="bbox 347 2405 1928 2482">
    <p class='ocr_par' dir='ltr' id='par_1_27' title="bbox 347 2405 1928 2482">
     <span class='ocr_line' id='line_1_27' title="bbox 347 2405 1928 2482; baseline -0.003 -19"><span class='ocrx_word' id='word_1_184' title='bbox 347 2411 690 2480; x_wconf 81' lang='grc' dir='ltr'>φαινομένου,</span> <span class='ocrx_word' id='word_1_185' title='bbox 711 2411 803 2465; x_wconf 66' lang='grc' dir='ltr'><strong>καλ⁵</strong></span> <span class='ocrx_word' id='word_1_186' title='bbox 826 2412 1167 2482; x_wconf 84' lang='grc' dir='ltr'>παραχρῆμα</span> <span class='ocrx_word' id='word_1_187' title='bbox 1192 2412 1290 2481; x_wconf 80' lang='grc' dir='ltr'><strong>τὴν</strong></span> <span class='ocrx_word' id='word_1_188' title='bbox 1323 2410 1631 2477; x_wconf 76' lang='grc' dir='ltr'>ἀπόγνωσιν</span> <span class='ocrx_word' id='word_1_189' title='bbox 1652 2408 1752 2479; x_wconf 73' lang='grc' dir='ltr'>τῆς</span> <span class='ocrx_word' id='word_1_190' title='bbox 1782 2405 1928 2475; x_wconf 79' lang='grc' dir='ltr'>ζωῆς</span> 
     </span>
    </p>
   </div>
   <div class='ocr_carea' id='block_1_28' title="bbox 347 2498 1927 2572">
    <p class='ocr_par' dir='ltr' id='par_1_28' title="bbox 347 2498 1927 2572">
     <span class='ocr_line' id='line_1_28' title="bbox 347 2498 1927 2572; baseline -0.002 -19"><span class='ocrx_word' id='word_1_191' title='bbox 347 2502 719 2572; x_wconf 86' lang='grc' dir='ltr'>ἐμποιοῦντος.</span> <span class='ocrx_word' id='word_1_192' title='bbox 752 2498 831 2566; x_wconf 75' lang='grc' dir='ltr'>εἷς</span> <span class='ocrx_word' id='word_1_193' title='bbox 859 2505 1067 2572; x_wconf 81' lang='grc' dir='ltr'>ἐγίνετο</span> <span class='ocrx_word' id='word_1_194' title='bbox 1090 2506 1202 2566; x_wconf 85' lang='grc' dir='ltr'><strong>τοίς</strong></span> <span class='ocrx_word' id='word_1_195' title='bbox 1240 2502 1607 2556; x_wconf 84' lang='grc' dir='ltr'>κινδυνεύουσι</span> <span class='ocrx_word' id='word_1_196' title='bbox 1658 2498 1927 2569; x_wconf 87' lang='grc' dir='ltr'>σωτήριος</span> 
     </span>
    </p>
   </div>
   <div class='ocr_carea' id='block_1_29' title="bbox 346 2588 1927 2663">
    <p class='ocr_par' dir='ltr' id='par_1_29' title="bbox 346 2588 1927 2663">
     <span class='ocr_line' id='line_1_29' title="bbox 346 2588 1927 2663; baseline -0.004 -16"><span class='ocrx_word' id='word_1_197' title='bbox 346 2596 564 2663; x_wconf 83' lang='grc' dir='ltr'>τρόπος,</span> <span class='ocrx_word' id='word_1_198' title='bbox 600 2594 660 2647; x_wconf 82' lang='grc' dir='ltr'><strong>τὸ</strong></span> <span class='ocrx_word' id='word_1_199' title='bbox 686 2595 835 2658; x_wconf 84' lang='grc' dir='ltr'>ἐντὸς</span> <span class='ocrx_word' id='word_1_200' title='bbox 880 2595 1087 2649; x_wconf 80' lang='grc' dir='ltr'>ἐκείνου</span> <span class='ocrx_word' id='word_1_201' title='bbox 1128 2594 1378 2663; x_wconf 88' lang='grc' dir='ltr'>γενέσθαι</span> <span class='ocrx_word' id='word_1_202' title='bbox 1400 2592 1493 2646; x_wconf 89' lang='grc' dir='ltr'><strong>τοῦ</strong></span> <span class='ocrx_word' id='word_1_203' title='bbox 1520 2591 1670 2644; x_wconf 75' lang='grc' dir='ltr'>οἴκου</span> <span class='ocrx_word' id='word_1_204' title='bbox 1702 2589 1793 2643; x_wconf 85' lang='grc' dir='ltr'><strong>τὸν</strong></span> <span class='ocrx_word' id='word_1_205' title='bbox 1829 2588 1927 2659; x_wconf 85' lang='grc' dir='ltr'>μέ-</span> 
     </span>
    </p>
   </div>
   <div class='ocr_carea' id='block_1_30' title="bbox 347 2678 1929 2757">
    <p class='ocr_par' dir='ltr' id='par_1_30' title="bbox 347 2678 1929 2757">
     <span class='ocr_line' id='line_1_30' title="bbox 347 2678 1929 2757; baseline -0.006 -19"><span class='ocrx_word' id='word_1_206' title='bbox 347 2705 448 2754; x_wconf 85' lang='grc' dir='ltr'><strong>γαν</strong></span> <span class='ocrx_word' id='word_1_207' title='bbox 478 2687 806 2757; x_wconf 87' lang='grc' dir='ltr'>Γρηγόριον,</span> <span class='ocrx_word' id='word_1_208' title='bbox 836 2687 929 2738; x_wconf 74' lang='grc' dir='ltr'><strong>καὶ</strong></span> <span class='ocrx_word' id='word_1_209' title='bbox 960 2686 1028 2739; x_wconf 87' lang='grc' dir='ltr'>δι’</span> <span class='ocrx_word' id='word_1_210' title='bbox 1050 2685 1216 2755; x_wconf 82' lang='grc' dir='ltr'>εὐχῆς</span> <span class='ocrx_word' id='word_1_211' title='bbox 1250 2684 1310 2736; x_wconf 90' lang='grc' dir='ltr'><strong>τὸ</strong></span> <span class='ocrx_word' id='word_1_212' title='bbox 1354 2682 1632 2752; x_wconf 74' lang='grc' dir='ltr'>ἐνσκῆψαν</span> <span class='ocrx_word' id='word_1_213' title='bbox 1673 2678 1750 2751; x_wconf 82' lang='grc' dir='ltr'>τῷ</span> <span class='ocrx_word' id='word_1_214' title='bbox 1792 2679 1929 2749; x_wconf 82' lang='grc' dir='ltr'>οἴκῳ</span> 
     </span>
    </p>
   </div>
   <div class='ocr_carea' id='block_1_31' title="bbox 348 2762 1927 2846">
    <p class='ocr_par' dir='ltr' id='par_1_31' title="bbox 348 2762 1927 2846">
     <span class='ocr_line' id='line_1_31' title="bbox 348 2762 1927 2846; baseline -0.006 -15"><span class='ocrx_word' id='word_1_215' title='bbox 348 2762 519 2841; x_wconf 84' lang='grc' dir='ltr'>πάθος</span> <span class='ocrx_word' id='word_1_216' title='bbox 552 2776 897 2831; x_wconf 76' lang='grc' dir='ltr'>ἀταῦσασθαι.</span> <span class='ocrx_word' id='word_1_217' title='bbox 932 2775 1166 2846; x_wconf 86' lang='grc' dir='ltr'>Ταχείας</span> <span class='ocrx_word' id='word_1_218' title='bbox 1192 2775 1248 2827; x_wconf 85' lang='grc' dir='ltr'>δὲ</span> <span class='ocrx_word' id='word_1_219' title='bbox 1287 2774 1374 2827; x_wconf 79' lang='grc' dir='ltr'><strong>διά</strong></span> <span class='ocrx_word' id='word_1_220' title='bbox 1396 2772 1507 2826; x_wconf 83' lang='grc' dir='ltr'>τῶν</span> <span class='ocrx_word' id='word_1_221' title='bbox 1548 2770 1927 2841; x_wconf 86' lang='grc' dir='ltr'>τετυχηκότων</span> 
     </span>
    </p>
   </div>
   <div class='ocr_carea' id='block_1_32' title="bbox 348 2861 1928 2940">
    <p class='ocr_par' dir='ltr' id='par_1_32' title="bbox 348 2861 1928 2940">
     <span class='ocr_line' id='line_1_32' title="bbox 348 2861 1928 2940; baseline -0.004 -21"><span class='ocrx_word' id='word_1_222' title='bbox 348 2870 406 2921; x_wconf 85' lang='grc' dir='ltr'><strong>ἐν</strong></span> <span class='ocrx_word' id='word_1_223' title='bbox 438 2868 673 2940; x_wconf 87' lang='grc' dir='ltr'>πρώτοις</span> <span class='ocrx_word' id='word_1_224' title='bbox 709 2869 808 2938; x_wconf 84' lang='grc' dir='ltr'>τῆς</span> <span class='ocrx_word' id='word_1_225' title='bbox 856 2866 1111 2936; x_wconf 83' lang='grc' dir='ltr'>τοιαύτης</span> <span class='ocrx_word' id='word_1_226' title='bbox 1154 2864 1427 2935; x_wconf 78' lang='grc' dir='ltr'>σωτηρίας</span> <span class='ocrx_word' id='word_1_227' title='bbox 1460 2863 1553 2916; x_wconf 73' lang='grc' dir='ltr'><strong>ἐπὶ</strong></span> <span class='ocrx_word' id='word_1_228' title='bbox 1597 2861 1803 2924; x_wconf 84' lang='grc' dir='ltr'>πάντας</span> <span class='ocrx_word' id='word_1_229' title='bbox 1830 2861 1928 2930; x_wconf 73' lang='grc' dir='ltr'>τῆς</span> 
     </span>
    </p>
   </div>
   <div class='ocr_carea' id='block_1_33' title="bbox 350 2950 1928 3030">
    <p class='ocr_par' dir='ltr' id='par_1_33' title="bbox 350 2950 1928 3030">
     <span class='ocr_line' id='line_1_33' title="bbox 350 2950 1928 3030; baseline -0.006 -18"><span class='ocrx_word' id='word_1_230' title='bbox 350 2961 535 3030; x_wconf 83' lang='grc' dir='ltr'>φήμης</span> <span class='ocrx_word' id='word_1_231' title='bbox 570 2958 1001 3029; x_wconf 84' lang='grc' dir='ltr'>διαδραμούσης,</span> <span class='ocrx_word' id='word_1_232' title='bbox 1038 2958 1214 3012; x_wconf 86' lang='grc' dir='ltr'>πάντα</span> <span class='ocrx_word' id='word_1_233' title='bbox 1264 2954 1412 3027; x_wconf 80' lang='grc' dir='ltr'>ἀργά</span> <span class='ocrx_word' id='word_1_234' title='bbox 1449 2950 1550 3026; x_wconf 78' lang='grc' dir='ltr'>ἦν,</span> <span class='ocrx_word' id='word_1_235' title='bbox 1578 2952 1616 3007; x_wconf 77' lang='grc' dir='ltr'><strong>ἃ.</strong></span> <span class='ocrx_word' id='word_1_236' title='bbox 1662 2951 1928 3024; x_wconf 88' lang='grc' dir='ltr'>πρότερον</span> 
     </span>
    </p>
   </div>
   <div class='ocr_carea' id='block_1_34' title="bbox 348 3043 1926 3120">
    <p class='ocr_par' dir='ltr' id='par_1_34' title="bbox 348 3043 1926 3120">
     <span class='ocr_line' id='line_1_34' title="bbox 348 3043 1926 3120; baseline -0.005 -18"><span class='ocrx_word' id='word_1_237' title='bbox 348 3050 455 3102; x_wconf 83' lang='grc' dir='ltr'><strong>ὑπὸ</strong></span> <span class='ocrx_word' id='word_1_238' title='bbox 501 3050 855 3120; x_wconf 87' lang='grc' dir='ltr'>ματαιότητος</span> <span class='ocrx_word' id='word_1_239' title='bbox 890 3050 1071 3112; x_wconf 80' lang='grc' dir='ltr'>αὐτοῖς</span> <span class='ocrx_word' id='word_1_240' title='bbox 1127 3046 1505 3112; x_wconf 78' lang='grc' dir='ltr'>ἐσπουδάζετο,</span> <span class='ocrx_word' id='word_1_241' title='bbox 1540 3043 1847 3120; x_wconf 80' lang='grc' dir='ltr'>χρηστήριά</span> <span class='ocrx_word' id='word_1_242' title='bbox 1867 3059 1926 3094; x_wconf 92' lang='grc' dir='ltr'><strong>τε</strong></span> 
     </span>
    </p>
   </div>
   <div class='ocr_carea' id='block_1_35' title="bbox 350 3116 1929 3213">
    <p class='ocr_par' dir='ltr' id='par_1_35' title="bbox 350 3116 1929 3213">
     <span class='ocr_line' id='line_1_35' title="bbox 350 3116 1929 3213; baseline -0.004 -19"><span class='ocrx_word' id='word_1_243' title='bbox 350 3142 442 3194; x_wconf 78' lang='grc' dir='ltr'><strong>καὶ</strong></span> <span class='ocrx_word' id='word_1_244' title='bbox 475 3116 764 3213; x_wconf 71' lang='grc' dir='ltr'>καθάρσια,</span> <span class='ocrx_word' id='word_1_245' title='bbox 787 3140 882 3193; x_wconf 75' lang='grc' dir='ltr'>καὶ</span> <span class='ocrx_word' id='word_1_246' title='bbox 902 3141 937 3211; x_wconf 80' lang='grc' dir='ltr'>ἡ</span> <span class='ocrx_word' id='word_1_247' title='bbox 965 3141 1021 3192; x_wconf 89' lang='grc' dir='ltr'><strong>ἐν</strong></span> <span class='ocrx_word' id='word_1_248' title='bbox 1049 3141 1160 3202; x_wconf 84' lang='grc' dir='ltr'>τοῖς</span> <span class='ocrx_word' id='word_1_249' title='bbox 1210 3137 1449 3202; x_wconf 81' lang='grc' dir='ltr'>εἰδώλοις</span> <span class='ocrx_word' id='word_1_250' title='bbox 1478 3116 1751 3207; x_wconf 65' lang='grc' dir='ltr'>διατριϐὴ,</span> <span class='ocrx_word' id='word_1_251' title='bbox 1793 3134 1929 3188; x_wconf 89' lang='grc' dir='ltr'>πάν-</span> 
     </span>
    </p>
   </div>
   <div class='ocr_carea' id='block_1_36' title="bbox 348 3222 1926 3299">
    <p class='ocr_par' dir='ltr' id='par_1_36' title="bbox 348 3222 1926 3299">
     <span class='ocr_line' id='line_1_36' title="bbox 348 3222 1926 3299; baseline -0.005 -17"><span class='ocrx_word' id='word_1_252' title='bbox 348 3247 457 3282; x_wconf 87' lang='grc' dir='ltr'><strong>των</strong></span> <span class='ocrx_word' id='word_1_253' title='bbox 487 3229 621 3299; x_wconf 88' lang='grc' dir='ltr'>πρὸς</span> <span class='ocrx_word' id='word_1_254' title='bbox 644 3229 734 3282; x_wconf 90' lang='grc' dir='ltr'><strong>τὸν</strong></span> <span class='ocrx_word' id='word_1_255' title='bbox 767 3230 940 3299; x_wconf 81' lang='grc' dir='ltr'>μέγαν</span> <span class='ocrx_word' id='word_1_256' title='bbox 998 3227 1151 3299; x_wconf 79' lang='grc' dir='ltr'>ἱερέα</span> <span class='ocrx_word' id='word_1_257' title='bbox 1204 3225 1540 3296; x_wconf 87' lang='grc' dir='ltr'>βλεπόντων,</span> <span class='ocrx_word' id='word_1_258' title='bbox 1574 3224 1669 3277; x_wconf 80' lang='grc' dir='ltr'><strong>καὶ</strong></span> <span class='ocrx_word' id='word_1_259' title='bbox 1698 3222 1926 3276; x_wconf 78' lang='grc' dir='ltr'>ἑκάστου</span> 
     </span>
    </p>
   </div>
   <div class='ocr_carea' id='block_1_37' title="bbox 354 3315 1928 3392">
    <p class='ocr_par' dir='ltr' id='par_1_37' title="bbox 354 3315 1928 3392">
     <span class='ocr_line' id='line_1_37' title="bbox 354 3315 1928 3392; baseline -0.004 -20"><span class='ocrx_word' id='word_1_260' title='bbox 354 3321 489 3392; x_wconf 80' lang='grc' dir='ltr'>πρὸς</span> <span class='ocrx_word' id='word_1_261' title='bbox 518 3320 707 3375; x_wconf 80' lang='grc' dir='ltr'>ἑαυτὸν</span> <span class='ocrx_word' id='word_1_262' title='bbox 739 3322 831 3373; x_wconf 75' lang='grc' dir='ltr'><strong>ἐπὶ</strong></span> <span class='ocrx_word' id='word_1_263' title='bbox 861 3319 1103 3390; x_wconf 79' lang='grc' dir='ltr'>σωτηρίᾳ</span> <span class='ocrx_word' id='word_1_264' title='bbox 1132 3317 1331 3381; x_wconf 85' lang='grc' dir='ltr'>παντὸς</span> <span class='ocrx_word' id='word_1_265' title='bbox 1357 3316 1452 3370; x_wconf 91' lang='grc' dir='ltr'><strong>τοῦ</strong></span> <span class='ocrx_word' id='word_1_266' title='bbox 1490 3316 1680 3385; x_wconf 82' lang='grc' dir='ltr'>γένους</span> <span class='ocrx_word' id='word_1_267' title='bbox 1705 3315 1928 3383; x_wconf 87' lang='grc' dir='ltr'>ἐφελκο-</span> 
     </span>
    </p>
   </div>
   <div class='ocr_carea' id='block_1_38' title="bbox 356 3405 1929 3483">
    <p class='ocr_par' dir='ltr' id='par_1_38' title="bbox 356 3405 1929 3483">
     <span class='ocr_line' id='line_1_38' title="bbox 356 3405 1929 3483; baseline -0.004 -19"><span class='ocrx_word' id='word_1_268' title='bbox 356 3412 541 3481; x_wconf 84' lang='grc' dir='ltr'>μένου.</span> <span class='ocrx_word' id='word_1_269' title='bbox 575 3413 779 3475; x_wconf 82' lang='grc' dir='ltr'>Μισθὸς</span> <span class='ocrx_word' id='word_1_270' title='bbox 806 3412 862 3465; x_wconf 82' lang='grc' dir='ltr'>δὲ</span> <span class='ocrx_word' id='word_1_271' title='bbox 888 3408 956 3483; x_wconf 79' lang='grc' dir='ltr'>ἦν</span> <span class='ocrx_word' id='word_1_272' title='bbox 991 3410 1139 3481; x_wconf 85' lang='grc' dir='ltr'>αὐτῷ</span> <span class='ocrx_word' id='word_1_273' title='bbox 1167 3409 1320 3481; x_wconf 85' lang='grc' dir='ltr'><strong>παρά</strong></span> <span class='ocrx_word' id='word_1_274' title='bbox 1358 3408 1466 3462; x_wconf 84' lang='grc' dir='ltr'>τῶν</span> <span class='ocrx_word' id='word_1_275' title='bbox 1521 3407 1845 3477; x_wconf 77' lang='grc' dir='ltr'>σωζομένων</span> <span class='ocrx_word' id='word_1_276' title='bbox 1895 3405 1929 3475; x_wconf 79' lang='grc' dir='ltr'>ὴ</span> 
     </span>
    </p>
   </div>
   <div class='ocr_carea' id='block_1_39' title="bbox 354 3497 1931 3574">
    <p class='ocr_par' dir='ltr' id='par_1_39' title="bbox 354 3497 1931 3574">
     <span class='ocr_line' id='line_1_39' title="bbox 354 3497 1931 3574; baseline -0.004 -20"><span class='ocrx_word' id='word_1_277' title='bbox 354 3503 461 3555; x_wconf 81' lang='grc' dir='ltr'>τῶν</span> <span class='ocrx_word' id='word_1_278' title='bbox 488 3502 673 3573; x_wconf 79' lang='grc' dir='ltr'>ψυχῶν</span> <span class='ocrx_word' id='word_1_279' title='bbox 713 3504 974 3573; x_wconf 85' lang='grc' dir='ltr'>σωτηρία.</span> <span class='ocrx_word' id='word_1_280' title='bbox 1006 3502 1084 3574; x_wconf 82' lang='grc' dir='ltr'><strong>Τῇ</strong></span> <span class='ocrx_word' id='word_1_281' title='bbox 1116 3502 1225 3573; x_wconf 83' lang='grc' dir='ltr'>γὰρ</span> <span class='ocrx_word' id='word_1_282' title='bbox 1249 3500 1471 3574; x_wconf 81' lang='grc' dir='ltr'>τοιαύτῃ</span> <span class='ocrx_word' id='word_1_283' title='bbox 1505 3500 1670 3569; x_wconf 76' lang='grc' dir='ltr'>πείρα</span> <span class='ocrx_word' id='word_1_284' title='bbox 1709 3498 1808 3569; x_wconf 82' lang='grc' dir='ltr'>τῆς</span> <span class='ocrx_word' id='word_1_285' title='bbox 1838 3497 1931 3549; x_wconf 80' lang='grc' dir='ltr'><strong>εὐ-</strong></span> 
     </span>
    </p>
   </div>
   <div class='ocr_carea' id='block_1_40' title="bbox 358 3581 1932 3662">
    <p class='ocr_par' dir='ltr' id='par_1_40' title="bbox 358 3581 1932 3662">
     <span class='ocr_line' id='line_1_40' title="bbox 358 3581 1932 3662; baseline -0.004 -19"><span class='ocrx_word' id='word_1_286' title='bbox 358 3592 573 3655; x_wconf 72' lang='grc' dir='ltr'>σεϐείας</span> <span class='ocrx_word' id='word_1_287' title='bbox 596 3591 689 3645; x_wconf 86' lang='grc' dir='ltr'><strong>τοῦ</strong></span> <span class='ocrx_word' id='word_1_288' title='bbox 713 3592 900 3661; x_wconf 80' lang='grc' dir='ltr'>ἱερέως</span> <span class='ocrx_word' id='word_1_289' title='bbox 924 3591 1355 3662; x_wconf 82' lang='grc' dir='ltr'>φανερουμένης,</span> <span class='ocrx_word' id='word_1_290' title='bbox 1385 3587 1569 3640; x_wconf 80' lang='grc' dir='ltr'>οὐκέτι</span> <span class='ocrx_word' id='word_1_291' title='bbox 1601 3581 1671 3655; x_wconf 84' lang='grc' dir='ltr'>ἦν</span> <span class='ocrx_word' id='word_1_292' title='bbox 1694 3582 1932 3654; x_wconf 77' lang='grc' dir='ltr'>ἀναϐολὴ</span> 
     </span>
    </p>
   </div>
   <div class='ocr_carea' id='block_1_41' title="bbox 356 3674 1933 3754">
    <p class='ocr_par' dir='ltr' id='par_1_41' title="bbox 356 3674 1933 3754">
     <span class='ocr_line' id='line_1_41' title="bbox 356 3674 1933 3754; baseline -0.008 -15"><span class='ocrx_word' id='word_1_293' title='bbox 356 3683 493 3753; x_wconf 77' lang='grc' dir='ltr'>πρὸς</span> <span class='ocrx_word' id='word_1_294' title='bbox 523 3684 619 3754; x_wconf 80' lang='grc' dir='ltr'>τὴν</span> <span class='ocrx_word' id='word_1_295' title='bbox 642 3682 1036 3751; x_wconf 88' lang='grc' dir='ltr'>συγκατάθεσιν</span> <span class='ocrx_word' id='word_1_296' title='bbox 1064 3681 1158 3734; x_wconf 88' lang='grc' dir='ltr'><strong>τοῦ</strong></span> <span class='ocrx_word' id='word_1_297' title='bbox 1218 3678 1537 3751; x_wconf 85' lang='grc' dir='ltr'>μυστηρίου,</span> <span class='ocrx_word' id='word_1_298' title='bbox 1561 3680 1672 3740; x_wconf 88' lang='grc' dir='ltr'>τοῖς</span> <span class='ocrx_word' id='word_1_299' title='bbox 1698 3675 1786 3728; x_wconf 78' lang='grc' dir='ltr'>διὰ</span> <span class='ocrx_word' id='word_1_300' title='bbox 1822 3674 1933 3727; x_wconf 86' lang='grc' dir='ltr'><strong>τῶν</strong></span> 
     </span>
    </p>
   </div>
   <div class='ocr_carea' id='block_1_42' title="bbox 356 3764 1935 3847">
    <p class='ocr_par' dir='ltr' id='par_1_42' title="bbox 356 3764 1935 3847">
     <span class='ocr_line' id='line_1_42' title="bbox 356 3764 1935 3847; baseline -0.006 -19"><span class='ocrx_word' id='word_1_301' title='bbox 356 3776 533 3847; x_wconf 71' lang='grc' dir='ltr'>ἔργων</span> <span class='ocrx_word' id='word_1_302' title='bbox 576 3775 980 3845; x_wconf 84' lang='grc' dir='ltr'>διδασκομένοις</span> <span class='ocrx_word' id='word_1_303' title='bbox 1006 3774 1105 3843; x_wconf 82' lang='grc' dir='ltr'><strong>τὴν</strong></span> <span class='ocrx_word' id='word_1_304' title='bbox 1143 3774 1242 3844; x_wconf 83' lang='grc' dir='ltr'>τῆς</span> <span class='ocrx_word' id='word_1_305' title='bbox 1284 3772 1519 3833; x_wconf 87' lang='grc' dir='ltr'>πίστεως</span> <span class='ocrx_word' id='word_1_306' title='bbox 1551 3767 1797 3838; x_wconf 82' lang='grc' dir='ltr'>δύναμιν.</span> <span class='ocrx_word' id='word_1_307' title='bbox 1832 3764 1935 3819; x_wconf 76' lang='grc' dir='ltr'><strong>Οὗ-</strong></span> 
     </span>
    </p>
   </div>
   <div class='ocr_carea' id='block_1_43' title="bbox 355 3856 1934 3935">
    <p class='ocr_par' dir='ltr' id='par_1_43' title="bbox 355 3856 1934 3935">
     <span class='ocr_line' id='line_1_43' title="bbox 355 3856 1934 3935; baseline -0.005 -18"><span class='ocrx_word' id='word_1_308' title='bbox 355 3882 463 3927; x_wconf 89' lang='grc' dir='ltr'><strong>τως</strong></span> <span class='ocrx_word' id='word_1_309' title='bbox 492 3865 706 3933; x_wconf 88' lang='grc' dir='ltr'>ἐγένετο</span> <span class='ocrx_word' id='word_1_310' title='bbox 730 3867 842 3928; x_wconf 87' lang='grc' dir='ltr'>τοῖς</span> <span class='ocrx_word' id='word_1_311' title='bbox 878 3863 1185 3935; x_wconf 84' lang='grc' dir='ltr'>ἀνθρώποις</span> <span class='ocrx_word' id='word_1_312' title='bbox 1218 3862 1442 3923; x_wconf 77' lang='grc' dir='ltr'>ἐκείνοις</span> <span class='ocrx_word' id='word_1_313' title='bbox 1486 3858 1807 3929; x_wconf 84' lang='grc' dir='ltr'>ἰσχυροτέρα</span> <span class='ocrx_word' id='word_1_314' title='bbox 1833 3856 1934 3925; x_wconf 85' lang='grc' dir='ltr'>τῆς</span> 
     </span>
    </p>
   </div>
   <div class='ocr_carea' id='block_1_44' title="bbox 357 3944 1933 4023">
    <p class='ocr_par' dir='ltr' id='par_1_44' title="bbox 357 3944 1933 4023">
     <span class='ocr_line' id='line_1_44' title="bbox 357 3944 1933 4023; baseline -0.005 -18"><span class='ocrx_word' id='word_1_315' title='bbox 357 3954 542 4021; x_wconf 86' lang='grc' dir='ltr'>ὑγείας</span> <span class='ocrx_word' id='word_1_316' title='bbox 571 3955 603 4023; x_wconf 81' lang='grc' dir='ltr'>ἡ</span> <span class='ocrx_word' id='word_1_317' title='bbox 637 3953 810 4016; x_wconf 90' lang='grc' dir='ltr'>νόσος.</span> <span class='ocrx_word' id='word_1_318' title='bbox 844 3954 1005 4006; x_wconf 87' lang='grc' dir='ltr'>Ὅσον</span> <span class='ocrx_word' id='word_1_319' title='bbox 1034 3953 1143 4022; x_wconf 81' lang='grc' dir='ltr'>γὰρ</span> <span class='ocrx_word' id='word_1_320' title='bbox 1168 3951 1223 4003; x_wconf 85' lang='grc' dir='ltr'><strong>ἐν</strong></span> <span class='ocrx_word' id='word_1_321' title='bbox 1254 3953 1320 4022; x_wconf 76' lang='grc' dir='ltr'>τῇ</span> <span class='ocrx_word' id='word_1_322' title='bbox 1351 3950 1529 4020; x_wconf 77' lang='grc' dir='ltr'>ὑγιείᾳ</span> <span class='ocrx_word' id='word_1_323' title='bbox 1549 3953 1685 4019; x_wconf 87' lang='grc' dir='ltr'>πρὸς</span> <span class='ocrx_word' id='word_1_324' title='bbox 1708 3947 1807 4017; x_wconf 80' lang='grc' dir='ltr'>τὴν</span> <span class='ocrx_word' id='word_1_325' title='bbox 1838 3944 1933 3998; x_wconf 88' lang='grc' dir='ltr'><strong>τοῦ</strong></span> 
     </span>
    </p>
   </div>
   <div class='ocr_carea' id='block_1_45' title="bbox 359 4036 1936 4116">
    <p class='ocr_par' dir='ltr' id='par_1_45' title="bbox 359 4036 1936 4116">
     <span class='ocr_line' id='line_1_45' title="bbox 359 4036 1936 4116; baseline -0.007 -17"><span class='ocrx_word' id='word_1_326' title='bbox 359 4045 660 4116; x_wconf 89' lang='grc' dir='ltr'>μυστηρίου</span> <span class='ocrx_word' id='word_1_327' title='bbox 713 4044 1025 4115; x_wconf 82' lang='grc' dir='ltr'>παραδοχὴν</span> <span class='ocrx_word' id='word_1_328' title='bbox 1083 4046 1195 4106; x_wconf 83' lang='grc' dir='ltr'>τοῖς</span> <span class='ocrx_word' id='word_1_329' title='bbox 1255 4042 1535 4112; x_wconf 84' lang='grc' dir='ltr'>λογισμοῖς</span> <span class='ocrx_word' id='word_1_330' title='bbox 1585 4036 1936 4099; x_wconf 82' lang='grc' dir='ltr'>ἀσθενοῦντες</span> 
     </span>
    </p>
   </div>
   <div class='ocr_carea' id='block_1_46' title="bbox 356 4130 1937 4209">
    <p class='ocr_par' dir='ltr' id='par_1_46' title="bbox 356 4130 1937 4209">
     <span class='ocr_line' id='line_1_46' title="bbox 356 4130 1937 4209; baseline -0.007 -16"><span class='ocrx_word' id='word_1_331' title='bbox 356 4135 524 4209; x_wconf 73' lang='grc' dir='ltr'>ἦσαν.</span> <span class='ocrx_word' id='word_1_332' title='bbox 547 4139 799 4192; x_wconf 85' lang='grc' dir='ltr'>τοσοῦτον</span> <span class='ocrx_word' id='word_1_333' title='bbox 826 4142 892 4208; x_wconf 83' lang='grc' dir='ltr'>τῇ</span> <span class='ocrx_word' id='word_1_334' title='bbox 928 4139 1213 4207; x_wconf 79' lang='grc' dir='ltr'>σωματικῇ</span> <span class='ocrx_word' id='word_1_335' title='bbox 1255 4136 1396 4204; x_wconf 88' lang='grc' dir='ltr'>νόσῳ</span> <span class='ocrx_word' id='word_1_336' title='bbox 1443 4133 1578 4204; x_wconf 81' lang='grc' dir='ltr'>πρὸς</span> <span class='ocrx_word' id='word_1_337' title='bbox 1617 4131 1717 4202; x_wconf 83' lang='grc' dir='ltr'><strong>τὴν</strong></span> <span class='ocrx_word' id='word_1_338' title='bbox 1751 4130 1937 4183; x_wconf 89' lang='grc' dir='ltr'>πίστιν</span> 
     </span>
    </p>
   </div>
   <div class='ocr_carea' id='block_1_47' title="bbox 360 4221 1936 4301">
    <p class='ocr_par' dir='ltr' id='par_1_47' title="bbox 360 4221 1936 4301">
     <span class='ocr_line' id='line_1_47' title="bbox 360 4221 1936 4301; baseline -0.005 -19"><span class='ocrx_word' id='word_1_339' title='bbox 360 4228 730 4301; x_wconf 81' lang='grc' dir='ltr'>ἐρῤώσθησαν.</span> <span class='ocrx_word' id='word_1_340' title='bbox 759 4230 866 4283; x_wconf 73' lang='grc' dir='ltr'>Καὶ</span> <span class='ocrx_word' id='word_1_341' title='bbox 898 4229 1039 4282; x_wconf 79' lang='grc' dir='ltr'>οὕτω</span> <span class='ocrx_word' id='word_1_342' title='bbox 1071 4228 1170 4297; x_wconf 77' lang='grc' dir='ltr'>τῆς</span> <span class='ocrx_word' id='word_1_343' title='bbox 1228 4227 1355 4297; x_wconf 73' lang='grc' dir='ltr'>περὶ</span> <span class='ocrx_word' id='word_1_344' title='bbox 1384 4225 1454 4278; x_wconf 79' lang='grc' dir='ltr'>τὰ</span> <span class='ocrx_word' id='word_1_345' title='bbox 1506 4223 1699 4276; x_wconf 77' lang='grc' dir='ltr'>εἴδωλα</span> <span class='ocrx_word' id='word_1_346' title='bbox 1730 4221 1936 4290; x_wconf 87' lang='grc' dir='ltr'>πλάνης</span> 
     </span>
    </p>
   </div>
   <div class='ocr_carea' id='block_1_48' title="bbox 358 4308 1936 4389">
    <p class='ocr_par' dir='ltr' id='par_1_48' title="bbox 358 4308 1936 4389">
     <span class='ocr_line' id='line_1_48' title="bbox 358 4308 1936 4389; baseline -0.007 -16"><span class='ocrx_word' id='word_1_347' title='bbox 358 4320 740 4389; x_wconf 82' lang='grc' dir='ltr'>ἐλεγχθείσης,</span> <span class='ocrx_word' id='word_1_348' title='bbox 799 4320 997 4381; x_wconf 77' lang='grc' dir='ltr'>πάντες</span> <span class='ocrx_word' id='word_1_349' title='bbox 1048 4317 1183 4388; x_wconf 84' lang='grc' dir='ltr'>πρὸς</span> <span class='ocrx_word' id='word_1_350' title='bbox 1237 4316 1298 4369; x_wconf 89' lang='grc' dir='ltr'><strong>τὸ</strong></span> <span class='ocrx_word' id='word_1_351' title='bbox 1349 4315 1516 4384; x_wconf 77' lang='grc' dir='ltr'>ὄνομα</span> <span class='ocrx_word' id='word_1_352' title='bbox 1566 4312 1660 4366; x_wconf 89' lang='grc' dir='ltr'><strong>τοῦ</strong></span> <span class='ocrx_word' id='word_1_353' title='bbox 1698 4308 1936 4381; x_wconf 86' lang='grc' dir='ltr'>Χριστοῦ</span> 
     </span>
    </p>
   </div>
   <div class='ocr_carea' id='block_1_49' title="bbox 2031 502 3616 579">
    <p class='ocr_par' dir='ltr' id='par_1_49' title="bbox 2031 502 3616 579">
     <span class='ocr_line' id='line_1_49' title="bbox 2031 502 3616 579; baseline -0.011 -14"><span class='ocrx_word' id='word_1_354' title='bbox 2031 527 2153 567; x_wconf 82' lang='lat' dir='ltr'><strong>mos</strong></span> <span class='ocrx_word' id='word_1_355' title='bbox 2179 511 2510 579; x_wconf 88' lang='lat' dir='ltr'><strong>depascens,</strong></span> <span class='ocrx_word' id='word_1_356' title='bbox 2535 507 2672 561; x_wconf 90' lang='lat' dir='ltr'><strong>adeo</strong></span> <span class='ocrx_word' id='word_1_357' title='bbox 2707 511 2767 558; x_wconf 94' lang='lat' dir='ltr'><strong>ut</strong></span> <span class='ocrx_word' id='word_1_358' title='bbox 2798 503 2945 559; x_wconf 61' lang='lat' dir='ltr'><strong>aedes</strong></span> <span class='ocrx_word' id='word_1_359' title='bbox 2984 502 3209 572; x_wconf 84' lang='lat' dir='ltr'><strong>quidem</strong></span> <span class='ocrx_word' id='word_1_360' title='bbox 3259 515 3458 563; x_wconf 82' lang='lat' dir='ltr'><strong>sacrae,</strong></span> <span class='ocrx_word' id='word_1_361' title='bbox 3506 516 3616 568; x_wconf 80' lang='lat' dir='ltr'><strong>qttu</strong></span> 
     </span>
    </p>
   </div>
   <div class='ocr_carea' id='block_1_50' title="bbox 2030 590 3613 674">
    <p class='ocr_par' dir='ltr' id='par_1_50' title="bbox 2030 590 3613 674">
     <span class='ocr_line' id='line_1_50' title="bbox 2030 590 3613 674; baseline -0.01 -15"><span class='ocrx_word' id='word_1_362' title='bbox 2030 618 2126 674; x_wconf 90' lang='lat' dir='ltr'><strong>spe</strong></span> <span class='ocrx_word' id='word_1_363' title='bbox 2156 599 2465 657; x_wconf 75' lang='lat' dir='ltr'><strong>sanationis</strong></span> <span class='ocrx_word' id='word_1_364' title='bbox 2491 606 2654 667; x_wconf 91' lang='lat' dir='ltr'><strong>atque</strong></span> <span class='ocrx_word' id='word_1_365' title='bbox 2680 594 2909 650; x_wconf 83' lang='lat' dir='ltr'><strong>remedii</strong></span> <span class='ocrx_word' id='word_1_366' title='bbox 2948 592 3360 663; x_wconf 78' lang='lat' dir='ltr'><strong>confugiebant,</strong></span> <span class='ocrx_word' id='word_1_367' title='bbox 3397 590 3486 655; x_wconf 89' lang='lat' dir='ltr'><strong>iis,</strong></span> <span class='ocrx_word' id='word_1_368' title='bbox 3523 594 3613 658; x_wconf 88' lang='lat' dir='ltr'><strong>qui</strong></span> 
     </span>
    </p>
   </div>
   <div class='ocr_carea' id='block_1_51' title="bbox 2029 682 3615 761">
    <p class='ocr_par' dir='ltr' id='par_1_51' title="bbox 2029 682 3615 761">
     <span class='ocr_line' id='line_1_51' title="bbox 2029 682 3615 761; baseline -0.008 -13"><span class='ocrx_word' id='word_1_369' title='bbox 2029 694 2222 749; x_wconf 90' lang='lat' dir='ltr'><strong>morbo</strong></span> <span class='ocrx_word' id='word_1_370' title='bbox 2252 690 2522 761; x_wconf 73' lang='lat' dir='ltr'><strong>peribant,</strong></span> <span class='ocrx_word' id='word_1_371' title='bbox 2549 687 2795 759; x_wconf 74' lang='lat' dir='ltr'><strong>repletae:</strong></span> <span class='ocrx_word' id='word_1_372' title='bbox 2824 684 3003 740; x_wconf 83' lang='lat' dir='ltr'><strong>fontes</strong></span> <span class='ocrx_word' id='word_1_373' title='bbox 3025 699 3178 745; x_wconf 89' lang='lat' dir='ltr'><strong>vero.</strong></span> <span class='ocrx_word' id='word_1_374' title='bbox 3208 698 3364 753; x_wconf 77' lang='lat' dir='ltr'><strong>aqua:</strong></span> <span class='ocrx_word' id='word_1_375' title='bbox 3392 682 3615 747; x_wconf 86' lang='lat' dir='ltr'><strong>ductus,</strong></span> 
     </span>
    </p>
   </div>
   <div class='ocr_carea' id='block_1_52' title="bbox 2029 775 3616 851">
    <p class='ocr_par' dir='ltr' id='par_1_52' title="bbox 2029 775 3616 851">
     <span class='ocr_line' id='line_1_52' title="bbox 2029 775 3616 851; baseline -0.007 -13"><span class='ocrx_word' id='word_1_376' title='bbox 2029 782 2508 851; x_wconf 84' lang='lat' dir='ltr'><strong>scaturiginesque</strong></span> <span class='ocrx_word' id='word_1_377' title='bbox 2535 793 2599 832; x_wconf 87' lang='lat' dir='ltr'><strong>ac</strong></span> <span class='ocrx_word' id='word_1_378' title='bbox 2655 777 2800 847; x_wconf 88' lang='lat' dir='ltr'><strong>putei</strong></span> <span class='ocrx_word' id='word_1_379' title='bbox 2853 789 3067 837; x_wconf 89' lang='lat' dir='ltr'><strong>eorum,</strong></span> <span class='ocrx_word' id='word_1_380' title='bbox 3129 790 3271 844; x_wconf 91' lang='lat' dir='ltr'><strong>quos</strong></span> <span class='ocrx_word' id='word_1_381' title='bbox 3320 775 3616 829; x_wconf 89' lang='lat' dir='ltr'><strong>atrocitate</strong></span> 
     </span>
    </p>
   </div>
   <div class='ocr_carea' id='block_1_53' title="bbox 2028 865 3614 937">
    <p class='ocr_par' dir='ltr' id='par_1_53' title="bbox 2028 865 3614 937">
     <span class='ocr_line' id='line_1_53' title="bbox 2028 865 3614 937; baseline -0.006 -9"><span class='ocrx_word' id='word_1_382' title='bbox 2028 872 2206 928; x_wconf 86' lang='lat' dir='ltr'><strong>morbi</strong></span> <span class='ocrx_word' id='word_1_383' title='bbox 2229 871 2354 927; x_wconf 90' lang='lat' dir='ltr'><strong>sitis</strong></span> <span class='ocrx_word' id='word_1_384' title='bbox 2376 870 2661 934; x_wconf 80' lang='lat' dir='ltr'><strong>exurebat,</strong></span> <span class='ocrx_word' id='word_1_385' title='bbox 2692 866 2884 923; x_wconf 78' lang='lat' dir='ltr'><strong>referti</strong></span> <span class='ocrx_word' id='word_1_386' title='bbox 2915 876 3104 922; x_wconf 82' lang='lat' dir='ltr'><strong>essent</strong></span> <span class='ocrx_word' id='word_1_387' title='bbox 3128 865 3208 933; x_wconf 91' lang='lat' dir='ltr'><strong>(in</strong></span> <span class='ocrx_word' id='word_1_388' title='bbox 3238 866 3438 935; x_wconf 79' lang='lat' dir='ltr'><strong>quibus</strong></span> <span class='ocrx_word' id='word_1_389' title='bbox 3471 880 3614 937; x_wconf 90' lang='lat' dir='ltr'><strong>aqua</strong></span> 
     </span>
    </p>
   </div>
   <div class='ocr_carea' id='block_1_54' title="bbox 2026 957 3613 1028">
    <p class='ocr_par' dir='ltr' id='par_1_54' title="bbox 2026 957 3613 1028">
     <span class='ocr_line' id='line_1_54' title="bbox 2026 957 3613 1028; baseline -0.006 -8"><span class='ocrx_word' id='word_1_390' title='bbox 2026 965 2204 1020; x_wconf 88' lang='lat' dir='ltr'><strong>morbi</strong></span> <span class='ocrx_word' id='word_1_391' title='bbox 2229 960 2545 1017; x_wconf 86' lang='lat' dir='ltr'><strong>incendium</strong></span> <span class='ocrx_word' id='word_1_392' title='bbox 2565 959 2913 1028; x_wconf 79' lang='lat' dir='ltr'><strong>restinguere</strong></span> <span class='ocrx_word' id='word_1_393' title='bbox 2933 974 3042 1013; x_wconf 90' lang='lat' dir='ltr'><strong>non</strong></span> <span class='ocrx_word' id='word_1_394' title='bbox 3065 957 3302 1021; x_wconf 89' lang='lat' dir='ltr'><strong>valebat,</strong></span> <span class='ocrx_word' id='word_1_395' title='bbox 3326 957 3420 1026; x_wconf 88' lang='lat' dir='ltr'><strong>qui</strong></span> <span class='ocrx_word' id='word_1_396' title='bbox 3446 958 3613 1012; x_wconf 87' lang='lat' dir='ltr'><strong>semel</strong></span> 
     </span>
    </p>
   </div>
   <div class='ocr_carea' id='block_1_55' title="bbox 2026 1049 3613 1123">
    <p class='ocr_par' dir='ltr' id='par_1_55' title="bbox 2026 1049 3613 1123">
     <span class='ocr_line' id='line_1_55' title="bbox 2026 1049 3613 1123; baseline -0.008 -12"><span class='ocrx_word' id='word_1_397' title='bbox 2026 1055 2218 1111; x_wconf 90' lang='lat' dir='ltr'><strong>morbo</strong></span> <span class='ocrx_word' id='word_1_398' title='bbox 2235 1052 2472 1123; x_wconf 81' lang='lat' dir='ltr'><strong>correpti</strong></span> <span class='ocrx_word' id='word_1_399' title='bbox 2489 1057 2698 1116; x_wconf 90' lang='lat' dir='ltr'><strong>essent,</strong></span> <span class='ocrx_word' id='word_1_400' title='bbox 2713 1049 2941 1121; x_wconf 88' lang='lat' dir='ltr'><strong>perinde</strong></span> <span class='ocrx_word' id='word_1_401' title='bbox 2960 1056 3082 1119; x_wconf 85' lang='lat' dir='ltr'><strong>post</strong></span> <span class='ocrx_word' id='word_1_402' title='bbox 3099 1063 3297 1117; x_wconf 91' lang='lat' dir='ltr'><strong>aquam</strong></span> <span class='ocrx_word' id='word_1_403' title='bbox 3315 1057 3613 1117; x_wconf 84' lang='lat' dir='ltr'><strong>sumptam,</strong></span> 
     </span>
    </p>
   </div>
   <div class='ocr_carea' id='block_1_56' title="bbox 2026 1138 3611 1217">
    <p class='ocr_par' dir='ltr' id='par_1_56' title="bbox 2026 1138 3611 1217">
     <span class='ocr_line' id='line_1_56' title="bbox 2026 1138 3611 1217; baseline -0.006 -15"><span class='ocrx_word' id='word_1_404' title='bbox 2026 1155 2189 1217; x_wconf 91' lang='lat' dir='ltr'><strong>atque</strong></span> <span class='ocrx_word' id='word_1_405' title='bbox 2233 1153 2531 1216; x_wconf 87' lang='lat' dir='ltr'><strong>antequam</strong></span> <span class='ocrx_word' id='word_1_406' title='bbox 2572 1158 2693 1199; x_wconf 88' lang='lat' dir='ltr'><strong>eam</strong></span> <span class='ocrx_word' id='word_1_407' title='bbox 2744 1142 3109 1211; x_wconf 86' lang='lat' dir='ltr'><strong>sumpsissent</strong></span> <span class='ocrx_word' id='word_1_408' title='bbox 3151 1138 3417 1205; x_wconf 83' lang='lat' dir='ltr'><strong>aﬂ‘ectis),</strong></span> <span class='ocrx_word' id='word_1_409' title='bbox 3457 1139 3611 1194; x_wconf 90' lang='lat' dir='ltr'><strong>multi</strong></span> 
     </span>
    </p>
   </div>
   <div class='ocr_carea' id='block_1_57' title="bbox 2026 1231 3617 1306">
    <p class='ocr_par' dir='ltr' id='par_1_57' title="bbox 2026 1231 3617 1306">
     <span class='ocr_line' id='line_1_57' title="bbox 2026 1231 3617 1306; baseline -0.005 -11"><span class='ocrx_word' id='word_1_410' title='bbox 2026 1240 2157 1296; x_wconf 89' lang='lat' dir='ltr'><strong>item</strong></span> <span class='ocrx_word' id='word_1_411' title='bbox 2173 1240 2318 1294; x_wconf 93' lang='lat' dir='ltr'><strong>ultro</strong></span> <span class='ocrx_word' id='word_1_412' title='bbox 2335 1239 2639 1293; x_wconf 92' lang='lat' dir='ltr'><strong>transirent</strong></span> <span class='ocrx_word' id='word_1_413' title='bbox 2660 1235 2728 1290; x_wconf 91' lang='lat' dir='ltr'><strong>ad</strong></span> <span class='ocrx_word' id='word_1_414' title='bbox 2746 1234 3020 1306; x_wconf 90' lang='lat' dir='ltr'><strong>sepulcra,</strong></span> <span class='ocrx_word' id='word_1_415' title='bbox 3036 1250 3102 1289; x_wconf 90' lang='lat' dir='ltr'><strong>eo</strong></span> <span class='ocrx_word' id='word_1_416' title='bbox 3125 1231 3271 1303; x_wconf 94' lang='lat' dir='ltr'><strong>quod</strong></span> <span class='ocrx_word' id='word_1_417' title='bbox 3290 1232 3617 1302; x_wconf 82' lang='lat' dir='ltr'><strong>superstites</strong></span> 
     </span>
    </p>
   </div>
   <div class='ocr_carea' id='block_1_58' title="bbox 2026 1320 3614 1397">
    <p class='ocr_par' dir='ltr' id='par_1_58' title="bbox 2026 1320 3614 1397">
     <span class='ocr_line' id='line_1_58' title="bbox 2026 1320 3614 1397; baseline -0.008 -12"><span class='ocrx_word' id='word_1_418' title='bbox 2026 1329 2355 1397; x_wconf 88' lang='lat' dir='ltr'><strong>sepeliendis</strong></span> <span class='ocrx_word' id='word_1_419' title='bbox 2388 1326 2623 1381; x_wconf 91' lang='lat' dir='ltr'><strong>mortuis</strong></span> <span class='ocrx_word' id='word_1_420' title='bbox 2649 1340 2759 1380; x_wconf 86' lang='lat' dir='ltr'><strong>non</strong></span> <span class='ocrx_word' id='word_1_421' title='bbox 2783 1324 3021 1395; x_wconf 88' lang='lat' dir='ltr'><strong>amplius</strong></span> <span class='ocrx_word' id='word_1_422' title='bbox 3041 1321 3378 1383; x_wconf 82' lang='lat' dir='ltr'><strong>suﬁicerent,</strong></span> <span class='ocrx_word' id='word_1_423' title='bbox 3397 1336 3498 1375; x_wconf 90' lang='lat' dir='ltr'><strong>nec</strong></span> <span class='ocrx_word' id='word_1_424' title='bbox 3531 1320 3614 1373; x_wconf 82' lang='lat' dir='ltr'><strong>in-</strong></span> 
     </span>
    </p>
   </div>
   <div class='ocr_carea' id='block_1_59' title="bbox 2025 1410 3613 1490">
    <p class='ocr_par' dir='ltr' id='par_1_59' title="bbox 2025 1410 3613 1490">
     <span class='ocr_line' id='line_1_59' title="bbox 2025 1410 3613 1490; baseline -0.007 -15"><span class='ocrx_word' id='word_1_425' title='bbox 2025 1420 2251 1490; x_wconf 89' lang='lat' dir='ltr'><strong>opinato</strong></span> <span class='ocrx_word' id='word_1_426' title='bbox 2297 1419 2503 1471; x_wconf 90' lang='lat' dir='ltr'><strong>malum</strong></span> <span class='ocrx_word' id='word_1_427' title='bbox 2542 1416 2792 1472; x_wconf 91' lang='lat' dir='ltr'><strong>homines</strong></span> <span class='ocrx_word' id='word_1_428' title='bbox 2821 1414 3126 1480; x_wconf 85' lang='lat' dir='ltr'><strong>invaderet,</strong></span> <span class='ocrx_word' id='word_1_429' title='bbox 3163 1410 3259 1468; x_wconf 90' lang='lat' dir='ltr'><strong>sed</strong></span> <span class='ocrx_word' id='word_1_430' title='bbox 3289 1410 3446 1481; x_wconf 87' lang='lat' dir='ltr'><strong>quasi</strong></span> <span class='ocrx_word' id='word_1_431' title='bbox 3486 1424 3613 1481; x_wconf 57' lang='lat' dir='ltr'><strong>spe.</strong></span> 
     </span>
    </p>
   </div>
   <div class='ocr_carea' id='block_1_60' title="bbox 2026 1503 3615 1578">
    <p class='ocr_par' dir='ltr' id='par_1_60' title="bbox 2026 1503 3615 1578">
     <span class='ocr_line' id='line_1_60' title="bbox 2026 1503 3615 1578; baseline -0.006 -13"><span class='ocrx_word' id='word_1_432' title='bbox 2026 1518 2202 1566; x_wconf 90' lang='lat' dir='ltr'><strong>ctrum</strong></span> <span class='ocrx_word' id='word_1_433' title='bbox 2231 1507 2504 1578; x_wconf 85' lang='lat' dir='ltr'><strong>quoddam</strong></span> <span class='ocrx_word' id='word_1_434' title='bbox 2528 1508 2593 1562; x_wconf 91' lang='lat' dir='ltr'><strong>ad</strong></span> <span class='ocrx_word' id='word_1_435' title='bbox 2617 1522 2710 1563; x_wconf 89' lang='lat' dir='ltr'><strong>eas</strong></span> <span class='ocrx_word' id='word_1_436' title='bbox 2731 1505 2877 1561; x_wconf 68' lang='lat' dir='ltr'><strong>aedes</strong></span> <span class='ocrx_word' id='word_1_437' title='bbox 2899 1505 3104 1576; x_wconf 92' lang='lat' dir='ltr'><strong>quibus</strong></span> <span class='ocrx_word' id='word_1_438' title='bbox 3129 1503 3402 1574; x_wconf 86' lang='lat' dir='ltr'><strong>pernicies</strong></span> <span class='ocrx_word' id='word_1_439' title='bbox 3436 1503 3615 1556; x_wconf 68' lang='lat' dir='ltr'><strong>immio</strong></span> 
     </span>
    </p>
   </div>
   <div class='ocr_carea' id='block_1_61' title="bbox 2027 1594 3616 1665">
    <p class='ocr_par' dir='ltr' id='par_1_61' title="bbox 2027 1594 3616 1665">
     <span class='ocr_line' id='line_1_61' title="bbox 2027 1594 3616 1665; baseline -0.005 -10"><span class='ocrx_word' id='word_1_440' title='bbox 2027 1601 2211 1665; x_wconf 88' lang='lat' dir='ltr'><strong>nebat,</strong></span> <span class='ocrx_word' id='word_1_441' title='bbox 2258 1599 2569 1664; x_wconf 89' lang='lat' dir='ltr'><strong>accederet,</strong></span> <span class='ocrx_word' id='word_1_442' title='bbox 2604 1598 2675 1652; x_wconf 87' lang='lat' dir='ltr'><strong>ita</strong></span> <span class='ocrx_word' id='word_1_443' title='bbox 2720 1608 2931 1653; x_wconf 89' lang='lat' dir='ltr'><strong>certum</strong></span> <span class='ocrx_word' id='word_1_444' title='bbox 2981 1594 3210 1650; x_wconf 78' lang='lat' dir='ltr'><strong>exitium</strong></span> <span class='ocrx_word' id='word_1_445' title='bbox 3252 1595 3616 1663; x_wconf 74' lang='lat' dir='ltr'><strong>subseqpere-</strong></span> 
     </span>
    </p>
   </div>
   <div class='ocr_carea' id='block_1_62' title="bbox 2028 1684 3614 1761">
    <p class='ocr_par' dir='ltr' id='par_1_62' title="bbox 2028 1684 3614 1761">
     <span class='ocr_line' id='line_1_62' title="bbox 2028 1684 3614 1761; baseline -0.006 -17"><span class='ocrx_word' id='word_1_446' title='bbox 2028 1700 2138 1745; x_wconf 92' lang='lat' dir='ltr'><strong>tur.</strong></span> <span class='ocrx_word' id='word_1_447' title='bbox 2181 1690 2248 1746; x_wconf 85' lang='lat' dir='ltr'><strong>Ut</strong></span> <span class='ocrx_word' id='word_1_448' title='bbox 2283 1690 2453 1761; x_wconf 80' lang='lat' dir='ltr'><strong>igitur</strong></span> <span class='ocrx_word' id='word_1_449' title='bbox 2493 1704 2663 1745; x_wconf 89' lang='lat' dir='ltr'><strong>causa</strong></span> <span class='ocrx_word' id='word_1_450' title='bbox 2708 1687 2889 1742; x_wconf 92' lang='lat' dir='ltr'><strong>morbi</strong></span> <span class='ocrx_word' id='word_1_451' title='bbox 2919 1685 3177 1741; x_wconf 87' lang='lat' dir='ltr'><strong>onmibus</strong></span> <span class='ocrx_word' id='word_1_452' title='bbox 3204 1684 3476 1755; x_wconf 80' lang='lat' dir='ltr'><strong>patefacta</strong></span> <span class='ocrx_word' id='word_1_453' title='bbox 3506 1688 3614 1747; x_wconf 80' lang='lat' dir='ltr'><strong>est,</strong></span> 
     </span>
    </p>
   </div>
   <div class='ocr_carea' id='block_1_63' title="bbox 2027 1778 3617 1855">
    <p class='ocr_par' dir='ltr' id='par_1_63' title="bbox 2027 1778 3617 1855">
     <span class='ocr_line' id='line_1_63' title="bbox 2027 1778 3617 1855; baseline -0.007 -16"><span class='ocrx_word' id='word_1_454' title='bbox 2027 1800 2223 1855; x_wconf 87' lang='lat' dir='ltr'><strong>nempe</strong></span> <span class='ocrx_word' id='word_1_455' title='bbox 2249 1783 2394 1853; x_wconf 92' lang='lat' dir='ltr'><strong>quod</strong></span> <span class='ocrx_word' id='word_1_456' title='bbox 2425 1782 2637 1837; x_wconf 79' lang='lat' dir='ltr'><strong>dannon</strong></span> <span class='ocrx_word' id='word_1_457' title='bbox 2669 1782 2738 1836; x_wconf 93' lang='lat' dir='ltr'><strong>ab</strong></span> <span class='ocrx_word' id='word_1_458' title='bbox 2770 1780 2906 1851; x_wconf 90' lang='lat' dir='ltr'><strong>ipsis</strong></span> <span class='ocrx_word' id='word_1_459' title='bbox 2936 1780 3226 1834; x_wconf 80' lang='lat' dir='ltr'><strong>invocatus</strong></span> <span class='ocrx_word' id='word_1_460' title='bbox 3254 1778 3394 1832; x_wconf 85' lang='lat' dir='ltr'><strong>male</strong></span> <span class='ocrx_word' id='word_1_461' title='bbox 3416 1780 3617 1832; x_wconf 82' lang='lat' dir='ltr'><strong>stulto-</strong></span> 
     </span>
    </p>
   </div>
   <div class='ocr_carea' id='block_1_64' title="bbox 2028 1866 3617 1941">
    <p class='ocr_par' dir='ltr' id='par_1_64' title="bbox 2028 1866 3617 1941">
     <span class='ocr_line' id='line_1_64' title="bbox 2028 1866 3617 1941; baseline -0.005 -14"><span class='ocrx_word' id='word_1_462' title='bbox 2028 1889 2149 1927; x_wconf 88' lang='lat' dir='ltr'><strong>rum</strong></span> <span class='ocrx_word' id='word_1_463' title='bbox 2182 1888 2248 1927; x_wconf 93' lang='lat' dir='ltr'><strong>ac</strong></span> <span class='ocrx_word' id='word_1_464' title='bbox 2280 1873 2611 1928; x_wconf 90' lang='lat' dir='ltr'><strong>miserorum</strong></span> <span class='ocrx_word' id='word_1_465' title='bbox 2639 1886 2830 1941; x_wconf 88' lang='lat' dir='ltr'><strong>preces</strong></span> <span class='ocrx_word' id='word_1_466' title='bbox 2865 1871 3142 1939; x_wconf 88' lang='lat' dir='ltr'><strong>impleret,</strong></span> <span class='ocrx_word' id='word_1_467' title='bbox 3180 1867 3271 1937; x_wconf 92' lang='lat' dir='ltr'><strong>qui</strong></span> <span class='ocrx_word' id='word_1_468' title='bbox 3314 1866 3456 1920; x_wconf 89' lang='lat' dir='ltr'><strong>hanc</strong></span> <span class='ocrx_word' id='word_1_469' title='bbox 3491 1880 3617 1935; x_wconf 65' lang='lat' dir='ltr'><strong>qua:</strong></span> 
     </span>
    </p>
   </div>
   <div class='ocr_carea' id='block_1_65' title="bbox 2028 1957 3617 2027">
    <p class='ocr_par' dir='ltr' id='par_1_65' title="bbox 2028 1957 3617 2027">
     <span class='ocr_line' id='line_1_65' title="bbox 2028 1957 3617 2027; baseline -0.005 -10"><span class='ocrx_word' id='word_1_470' title='bbox 2028 1965 2276 2018; x_wconf 90' lang='lat' dir='ltr'><strong>morbum</strong></span> <span class='ocrx_word' id='word_1_471' title='bbox 2294 1973 2591 2019; x_wconf 83' lang='lat' dir='ltr'><strong>consecuta</strong></span> <span class='ocrx_word' id='word_1_472' title='bbox 2616 1970 2784 2027; x_wconf 88' lang='lat' dir='ltr'><strong>esset,</strong></span> <span class='ocrx_word' id='word_1_473' title='bbox 2804 1963 3084 2017; x_wconf 79' lang='lat' dir='ltr'><strong>laxitatem</strong></span> <span class='ocrx_word' id='word_1_474' title='bbox 3109 1960 3164 2014; x_wconf 93' lang='lat' dir='ltr'><strong>in</strong></span> <span class='ocrx_word' id='word_1_475' title='bbox 3193 1958 3329 2013; x_wconf 88' lang='lat' dir='ltr'><strong>urbe</strong></span> <span class='ocrx_word' id='word_1_476' title='bbox 3356 1957 3617 2023; x_wconf 84' lang='lat' dir='ltr'><strong>eﬁiceret,</strong></span> 
     </span>
    </p>
   </div>
   <div class='ocr_carea' id='block_1_66' title="bbox 2025 2054 3615 2126">
    <p class='ocr_par' dir='ltr' id='par_1_66' title="bbox 2025 2054 3615 2126">
     <span class='ocr_line' id='line_1_66' title="bbox 2025 2054 3615 2126; baseline -0.006 -17"><span class='ocrx_word' id='word_1_477' title='bbox 2025 2070 2224 2126; x_wconf 84' lang='lat' dir='ltr'><strong>magno</strong></span> <span class='ocrx_word' id='word_1_478' title='bbox 2244 2055 2340 2111; x_wconf 89' lang='lat' dir='ltr'><strong>isti</strong></span> <span class='ocrx_word' id='word_1_479' title='bbox 2360 2056 2480 2110; x_wconf 87' lang='lat' dir='ltr'><strong>viro</strong></span> <span class='ocrx_word' id='word_1_480' title='bbox 2500 2055 2779 2124; x_wconf 88' lang='lat' dir='ltr'><strong>supplices</strong></span> <span class='ocrx_word' id='word_1_481' title='bbox 2809 2054 2949 2107; x_wconf 89' lang='lat' dir='ltr'><strong>ﬁunt</strong></span> <span class='ocrx_word' id='word_1_482' title='bbox 2980 2059 3222 2116; x_wconf 89' lang='lat' dir='ltr'><strong>orantes,</strong></span> <span class='ocrx_word' id='word_1_483' title='bbox 3245 2058 3307 2103; x_wconf 94' lang='lat' dir='ltr'><strong>ut</strong></span> <span class='ocrx_word' id='word_1_484' title='bbox 3338 2063 3435 2118; x_wconf 92' lang='lat' dir='ltr'><strong>per</strong></span> <span class='ocrx_word' id='word_1_485' title='bbox 3464 2062 3615 2110; x_wconf 92' lang='lat' dir='ltr'><strong>eum,</strong></span> 
     </span>
    </p>
   </div>
   <div class='ocr_carea' id='block_1_67' title="bbox 2025 2143 3619 2217">
    <p class='ocr_par' dir='ltr' id='par_1_67' title="bbox 2025 2143 3619 2217">
     <span class='ocr_line' id='line_1_67' title="bbox 2025 2143 3619 2217; baseline -0.006 -16"><span class='ocrx_word' id='word_1_486' title='bbox 2025 2161 2187 2217; x_wconf 93' lang='lat' dir='ltr'><strong>quem</strong></span> <span class='ocrx_word' id='word_1_487' title='bbox 2212 2147 2329 2217; x_wconf 90' lang='lat' dir='ltr'><strong>ipse</strong></span> <span class='ocrx_word' id='word_1_488' title='bbox 2346 2145 2514 2201; x_wconf 89' lang='lat' dir='ltr'><strong>Deum</strong></span> <span class='ocrx_word' id='word_1_489' title='bbox 2539 2152 2865 2215; x_wconf 83' lang='lat' dir='ltr'><strong>agnosceret</strong></span> <span class='ocrx_word' id='word_1_490' title='bbox 2883 2159 2948 2199; x_wconf 90' lang='lat' dir='ltr'><strong>ac</strong></span> <span class='ocrx_word' id='word_1_491' title='bbox 2970 2143 3314 2213; x_wconf 68' lang='lat' dir='ltr'><strong>praedicaret,</strong></span> <span class='ocrx_word' id='word_1_492' title='bbox 3341 2154 3500 2209; x_wconf 89' lang='lat' dir='ltr'><strong>quem</strong></span> <span class='ocrx_word' id='word_1_493' title='bbox 3525 2152 3619 2193; x_wconf 88' lang='lat' dir='ltr'><strong>so-</strong></span> 
     </span>
    </p>
   </div>
   <div class='ocr_carea' id='block_1_68' title="bbox 2025 2229 3619 2301">
    <p class='ocr_par' dir='ltr' id='par_1_68' title="bbox 2025 2229 3619 2301">
     <span class='ocr_line' id='line_1_68' title="bbox 2025 2229 3619 2301; baseline -0.004 -10"><span class='ocrx_word' id='word_1_494' title='bbox 2025 2237 2137 2292; x_wconf 91' lang='lat' dir='ltr'><strong>lum</strong></span> <span class='ocrx_word' id='word_1_495' title='bbox 2166 2251 2354 2293; x_wconf 84' lang='lat' dir='ltr'><strong>revera</strong></span> <span class='ocrx_word' id='word_1_496' title='bbox 2372 2236 2541 2292; x_wconf 89' lang='lat' dir='ltr'><strong>Deum</strong></span> <span class='ocrx_word' id='word_1_497' title='bbox 2563 2251 2709 2299; x_wconf 89' lang='lat' dir='ltr'><strong>esse,</strong></span> <span class='ocrx_word' id='word_1_498' title='bbox 2725 2244 2782 2289; x_wconf 90' lang='lat' dir='ltr'><strong>et</strong></span> <span class='ocrx_word' id='word_1_499' title='bbox 2812 2235 2868 2289; x_wconf 91' lang='lat' dir='ltr'><strong>in</strong></span> <span class='ocrx_word' id='word_1_500' title='bbox 2893 2248 3086 2289; x_wconf 90' lang='lat' dir='ltr'><strong>omnes</strong></span> <span class='ocrx_word' id='word_1_501' title='bbox 3106 2231 3395 2301; x_wconf 88' lang='lat' dir='ltr'><strong>imperium</strong></span> <span class='ocrx_word' id='word_1_502' title='bbox 3416 2229 3619 2284; x_wconf 88' lang='lat' dir='ltr'><strong>habere</strong></span> 
     </span>
    </p>
   </div>
   <div class='ocr_carea' id='block_1_69' title="bbox 2027 2321 3614 2397">
    <p class='ocr_par' dir='ltr' id='par_1_69' title="bbox 2027 2321 3614 2397">
     <span class='ocr_line' id='line_1_69' title="bbox 2027 2321 3614 2397; baseline -0.006 -12"><span class='ocrx_word' id='word_1_503' title='bbox 2027 2330 2439 2392; x_wconf 85' lang='lat' dir='ltr'><strong>conﬁterentur,</strong></span> <span class='ocrx_word' id='word_1_504' title='bbox 2476 2328 2607 2383; x_wconf 90' lang='lat' dir='ltr'><strong>mali</strong></span> <span class='ocrx_word' id='word_1_505' title='bbox 2658 2328 2919 2397; x_wconf 86' lang='lat' dir='ltr'><strong>impetum</strong></span> <span class='ocrx_word' id='word_1_506' title='bbox 2962 2326 3183 2381; x_wconf 87' lang='lat' dir='ltr'><strong>sisteret</strong></span> <span class='ocrx_word' id='word_1_507' title='bbox 3226 2332 3281 2379; x_wconf 89' lang='lat' dir='ltr'><strong>et</strong></span> <span class='ocrx_word' id='word_1_508' title='bbox 3317 2321 3614 2377; x_wconf 82' lang='lat' dir='ltr'><strong>inhiberet.</strong></span> 
     </span>
    </p>
   </div>
   <div class='ocr_carea' id='block_1_70' title="bbox 1986 2411 3617 2491">
    <p class='ocr_par' dir='ltr' id='par_1_70' title="bbox 1986 2411 3617 2491">
     <span class='ocr_line' id='line_1_70' title="bbox 1986 2411 3617 2491; baseline -0.006 -15"><span class='ocrx_word' id='word_1_509' title='bbox 1986 2482 1989 2487; x_wconf 22' lang='grc' dir='ltr'><strong><em>ί</em></strong></span> <span class='ocrx_word' id='word_1_510' title='bbox 2025 2420 2161 2476; x_wconf 91' lang='lat' dir='ltr'><strong>Nam</strong></span> <span class='ocrx_word' id='word_1_511' title='bbox 2183 2438 2307 2477; x_wconf 89' lang='lat' dir='ltr'><strong>cum</strong></span> <span class='ocrx_word' id='word_1_512' title='bbox 2334 2429 2615 2491; x_wconf 89' lang='lat' dir='ltr'><strong>spectrum</strong></span> <span class='ocrx_word' id='word_1_513' title='bbox 2641 2419 2775 2474; x_wconf 90' lang='lat' dir='ltr'><strong>illud</strong></span> <span class='ocrx_word' id='word_1_514' title='bbox 2806 2429 2931 2473; x_wconf 90' lang='lat' dir='ltr'><strong>ante</strong></span> <span class='ocrx_word' id='word_1_515' title='bbox 2955 2417 3194 2471; x_wconf 81' lang='lat' dir='ltr'><strong>futuram</strong></span> <span class='ocrx_word' id='word_1_516' title='bbox 3226 2423 3432 2485; x_wconf 83' lang='lat' dir='ltr'><strong>pestem</strong></span> <span class='ocrx_word' id='word_1_517' title='bbox 3453 2411 3617 2467; x_wconf 86' lang='lat' dir='ltr'><strong>alicui</strong></span> 
     </span>
    </p>
   </div>
   <div class='ocr_carea' id='block_1_71' title="bbox 2026 2505 3619 2582">
    <p class='ocr_par' dir='ltr' id='par_1_71' title="bbox 2026 2505 3619 2582">
     <span class='ocr_line' id='line_1_71' title="bbox 2026 2505 3619 2582; baseline -0.005 -15"><span class='ocrx_word' id='word_1_518' title='bbox 2026 2512 2212 2567; x_wconf 92' lang='lat' dir='ltr'><strong>domui</strong></span> <span class='ocrx_word' id='word_1_519' title='bbox 2254 2520 2573 2582; x_wconf 89' lang='lat' dir='ltr'><strong>appareret,</strong></span> <span class='ocrx_word' id='word_1_520' title='bbox 2614 2526 2679 2565; x_wconf 89' lang='lat' dir='ltr'><strong>ac</strong></span> <span class='ocrx_word' id='word_1_521' title='bbox 2726 2511 2979 2582; x_wconf 85' lang='lat' dir='ltr'><strong>protinus</strong></span> <span class='ocrx_word' id='word_1_522' title='bbox 3016 2508 3453 2578; x_wconf 87' lang='lat' dir='ltr'><strong>desperationem</strong></span> <span class='ocrx_word' id='word_1_523' title='bbox 3494 2505 3619 2559; x_wconf 60' lang='lat' dir='ltr'><strong>vita</strong></span> 
     </span>
    </p>
   </div>
   <div class='ocr_carea' id='block_1_72' title="bbox 2027 2594 3621 2671">
    <p class='ocr_par' dir='ltr' id='par_1_72' title="bbox 2027 2594 3621 2671">
     <span class='ocr_line' id='line_1_72' title="bbox 2027 2594 3621 2671; baseline -0.006 -14"><span class='ocrx_word' id='word_1_524' title='bbox 2027 2602 2436 2658; x_wconf 86' lang='lat' dir='ltr'><strong>habitatoribus</strong></span> <span class='ocrx_word' id='word_1_525' title='bbox 2469 2601 2752 2671; x_wconf 84' lang='lat' dir='ltr'><strong>injiceret,</strong></span> <span class='ocrx_word' id='word_1_526' title='bbox 2788 2616 2896 2655; x_wconf 91' lang='lat' dir='ltr'><strong>una</strong></span> <span class='ocrx_word' id='word_1_527' title='bbox 2931 2597 3376 2670; x_wconf 86' lang='lat' dir='ltr'><strong>periclitantibus</strong></span> <span class='ocrx_word' id='word_1_528' title='bbox 3419 2594 3621 2650; x_wconf 84' lang='lat' dir='ltr'><strong>salutis</strong></span> 
     </span>
    </p>
   </div>
   <div class='ocr_carea' id='block_1_73' title="bbox 2028 2682 3620 2761">
    <p class='ocr_par' dir='ltr' id='par_1_73' title="bbox 2028 2682 3620 2761">
     <span class='ocr_line' id='line_1_73' title="bbox 2028 2682 3620 2761; baseline -0.008 -10"><span class='ocrx_word' id='word_1_529' title='bbox 2028 2696 2171 2751; x_wconf 84' lang='lat' dir='ltr'><strong>ratio</strong></span> <span class='ocrx_word' id='word_1_530' title='bbox 2199 2706 2338 2759; x_wconf 91' lang='lat' dir='ltr'><strong>erat,</strong></span> <span class='ocrx_word' id='word_1_531' title='bbox 2367 2693 2410 2748; x_wconf 92' lang='lat' dir='ltr'><strong>si</strong></span> <span class='ocrx_word' id='word_1_532' title='bbox 2446 2692 2570 2747; x_wconf 91' lang='lat' dir='ltr'><strong>illas</strong></span> <span class='ocrx_word' id='word_1_533' title='bbox 2592 2692 2739 2747; x_wconf 72' lang='lat' dir='ltr'><strong>aedes</strong></span> <span class='ocrx_word' id='word_1_534' title='bbox 2772 2705 3004 2761; x_wconf 85' lang='lat' dir='ltr'><strong>magnus</strong></span> <span class='ocrx_word' id='word_1_535' title='bbox 3028 2686 3326 2757; x_wconf 78' lang='lat' dir='ltr'><strong>Gregorius</strong></span> <span class='ocrx_word' id='word_1_536' title='bbox 3366 2682 3620 2755; x_wconf 88' lang='lat' dir='ltr'><strong>ingrede-</strong></span> 
     </span>
    </p>
   </div>
   <div class='ocr_carea' id='block_1_74' title="bbox 2029 2771 3620 2851">
    <p class='ocr_par' dir='ltr' id='par_1_74' title="bbox 2029 2771 3620 2851">
     <span class='ocr_line' id='line_1_74' title="bbox 2029 2771 3620 2851; baseline -0.009 -13"><span class='ocrx_word' id='word_1_537' title='bbox 2029 2790 2203 2846; x_wconf 89' lang='lat' dir='ltr'><strong>retur,</strong></span> <span class='ocrx_word' id='word_1_538' title='bbox 2239 2796 2304 2835; x_wconf 92' lang='lat' dir='ltr'><strong>ac</strong></span> <span class='ocrx_word' id='word_1_539' title='bbox 2327 2796 2425 2851; x_wconf 92' lang='lat' dir='ltr'><strong>per</strong></span> <span class='ocrx_word' id='word_1_540' title='bbox 2446 2794 2634 2850; x_wconf 88' lang='lat' dir='ltr'><strong>preces</strong></span> <span class='ocrx_word' id='word_1_541' title='bbox 2667 2779 2958 2843; x_wconf 89' lang='lat' dir='ltr'><strong>morbum,</strong></span> <span class='ocrx_word' id='word_1_542' title='bbox 2992 2775 3090 2845; x_wconf 82' lang='lat' dir='ltr'><strong>qui</strong></span> <span class='ocrx_word' id='word_1_543' title='bbox 3130 2774 3353 2829; x_wconf 93' lang='lat' dir='ltr'><strong>domum</strong></span> <span class='ocrx_word' id='word_1_544' title='bbox 3380 2771 3620 2826; x_wconf 71' lang='lat' dir='ltr'><strong>invasis.</strong></span> 
     </span>
    </p>
   </div>
   <div class='ocr_carea' id='block_1_75' title="bbox 2027 2861 3621 2942">
    <p class='ocr_par' dir='ltr' id='par_1_75' title="bbox 2027 2861 3621 2942">
     <span class='ocr_line' id='line_1_75' title="bbox 2027 2861 3621 2942; baseline -0.009 -13"><span class='ocrx_word' id='word_1_545' title='bbox 2027 2864 2110 2929; x_wconf 75' lang='grc' dir='ltr'><strong>εει</strong></span> <span class='ocrx_word' id='word_1_546' title='bbox 2128 2912 2144 2940; x_wconf 93' lang='grc'><strong>,</strong></span> <span class='ocrx_word' id='word_1_547' title='bbox 2165 2873 2453 2942; x_wconf 90' lang='lat' dir='ltr'><strong>repelleret</strong></span> <span class='ocrx_word' id='word_1_548' title='bbox 2474 2885 2540 2925; x_wconf 90' lang='lat' dir='ltr'><strong>ac</strong></span> <span class='ocrx_word' id='word_1_549' title='bbox 2560 2870 2932 2926; x_wconf 88' lang='lat' dir='ltr'><strong>submoveret.</strong></span> <span class='ocrx_word' id='word_1_550' title='bbox 2975 2864 3114 2919; x_wconf 93' lang='lat' dir='ltr'><strong>Cum</strong></span> <span class='ocrx_word' id='word_1_551' title='bbox 3148 2872 3333 2918; x_wconf 90' lang='lat' dir='ltr'><strong>autem</strong></span> <span class='ocrx_word' id='word_1_552' title='bbox 3365 2861 3621 2917; x_wconf 87' lang='lat' dir='ltr'><strong>celeriter</strong></span> 
     </span>
    </p>
   </div>
   <div class='ocr_carea' id='block_1_76' title="bbox 2028 2951 3616 3037">
    <p class='ocr_par' dir='ltr' id='par_1_76' title="bbox 2028 2951 3616 3037">
     <span class='ocr_line' id='line_1_76' title="bbox 2028 2951 3616 3037; baseline -0.009 -17"><span class='ocrx_word' id='word_1_553' title='bbox 2028 2980 2127 3037; x_wconf 88' lang='lat' dir='ltr'><strong>per</strong></span> <span class='ocrx_word' id='word_1_554' title='bbox 2169 2978 2296 3029; x_wconf 87' lang='lat' dir='ltr'><strong>eos,</strong></span> <span class='ocrx_word' id='word_1_555' title='bbox 2350 2963 2443 3034; x_wconf 91' lang='lat' dir='ltr'><strong>qui</strong></span> <span class='ocrx_word' id='word_1_556' title='bbox 2491 2961 2651 3032; x_wconf 86' lang='lat' dir='ltr'><strong>primi</strong></span> <span class='ocrx_word' id='word_1_557' title='bbox 2697 2975 2763 3015; x_wconf 89' lang='lat' dir='ltr'><strong>ea</strong></span> <span class='ocrx_word' id='word_1_558' title='bbox 2811 2958 3029 3012; x_wconf 84' lang='lat' dir='ltr'><strong>ratione</strong></span> <span class='ocrx_word' id='word_1_559' title='bbox 3069 2954 3274 3011; x_wconf 87' lang='lat' dir='ltr'><strong>servati</strong></span> <span class='ocrx_word' id='word_1_560' title='bbox 3321 2961 3512 3016; x_wconf 90' lang='lat' dir='ltr'><strong>erant,</strong></span> <span class='ocrx_word' id='word_1_561' title='bbox 3546 2951 3616 3006; x_wconf 83' lang='lat' dir='ltr'><strong>ad</strong></span> 
     </span>
    </p>
   </div>
   <div class='ocr_carea' id='block_1_77' title="bbox 2028 3043 3619 3121">
    <p class='ocr_par' dir='ltr' id='par_1_77' title="bbox 2028 3043 3619 3121">
     <span class='ocr_line' id='line_1_77' title="bbox 2028 3043 3619 3121; baseline -0.009 -10"><span class='ocrx_word' id='word_1_562' title='bbox 2028 3069 2222 3111; x_wconf 91' lang='lat' dir='ltr'><strong>omnes</strong></span> <span class='ocrx_word' id='word_1_563' title='bbox 2252 3053 2396 3107; x_wconf 79' lang='lat' dir='ltr'><strong>fama</strong></span> <span class='ocrx_word' id='word_1_564' title='bbox 2425 3059 2832 3121; x_wconf 90' lang='lat' dir='ltr'><strong>permanasset,</strong></span> <span class='ocrx_word' id='word_1_565' title='bbox 2860 3047 3082 3112; x_wconf 90' lang='lat' dir='ltr'><strong>omnia,</strong></span> <span class='ocrx_word' id='word_1_566' title='bbox 3116 3062 3239 3116; x_wconf 66' lang='lat' dir='ltr'><strong>quae</strong></span> <span class='ocrx_word' id='word_1_567' title='bbox 3270 3047 3422 3115; x_wconf 86' lang='lat' dir='ltr'><strong>prius</strong></span> <span class='ocrx_word' id='word_1_568' title='bbox 3456 3043 3619 3098; x_wconf 89' lang='lat' dir='ltr'><strong>vani-</strong></span> 
     </span>
    </p>
   </div>
   <div class='ocr_carea' id='block_1_78' title="bbox 2029 3136 3616 3217">
    <p class='ocr_par' dir='ltr' id='par_1_78' title="bbox 2029 3136 3616 3217">
     <span class='ocr_line' id='line_1_78' title="bbox 2029 3136 3616 3217; baseline -0.009 -15"><span class='ocrx_word' id='word_1_569' title='bbox 2029 3155 2142 3202; x_wconf 89' lang='lat' dir='ltr'><strong>tate</strong></span> <span class='ocrx_word' id='word_1_570' title='bbox 2167 3156 2335 3217; x_wconf 88' lang='lat' dir='ltr'><strong>atque</strong></span> <span class='ocrx_word' id='word_1_571' title='bbox 2360 3144 2595 3199; x_wconf 86' lang='lat' dir='ltr'><strong>stultitia</strong></span> <span class='ocrx_word' id='word_1_572' title='bbox 2623 3140 2848 3196; x_wconf 92' lang='lat' dir='ltr'><strong>adducti</strong></span> <span class='ocrx_word' id='word_1_573' title='bbox 2879 3139 3169 3203; x_wconf 87' lang='lat' dir='ltr'><strong>curabant,</strong></span> <span class='ocrx_word' id='word_1_574' title='bbox 3194 3136 3616 3199; x_wconf 89' lang='lat' dir='ltr'><strong>omittebantur,</strong></span> 
     </span>
    </p>
   </div>
   <div class='ocr_carea' id='block_1_79' title="bbox 2027 3226 3619 3304">
    <p class='ocr_par' dir='ltr' id='par_1_79' title="bbox 2027 3226 3619 3304">
     <span class='ocr_line' id='line_1_79' title="bbox 2027 3226 3619 3304; baseline -0.01 -10"><span class='ocrx_word' id='word_1_575' title='bbox 2027 3238 2277 3301; x_wconf 82' lang='lat' dir='ltr'><strong>oracula,</strong></span> <span class='ocrx_word' id='word_1_576' title='bbox 2319 3236 2593 3292; x_wconf 90' lang='lat' dir='ltr'><strong>sacriﬁcia</strong></span> <span class='ocrx_word' id='word_1_577' title='bbox 2631 3232 2959 3304; x_wconf 87' lang='lat' dir='ltr'><strong>piacularia,</strong></span> <span class='ocrx_word' id='word_1_578' title='bbox 3003 3230 3056 3283; x_wconf 88' lang='lat' dir='ltr'><strong>in</strong></span> <span class='ocrx_word' id='word_1_579' title='bbox 3104 3228 3354 3284; x_wconf 90' lang='lat' dir='ltr'><strong>delubris</strong></span> <span class='ocrx_word' id='word_1_580' title='bbox 3390 3226 3619 3283; x_wconf 88' lang='lat' dir='ltr'><strong>simula-</strong></span> 
     </span>
    </p>
   </div>
   <div class='ocr_carea' id='block_1_80' title="bbox 2029 3316 3621 3391">
    <p class='ocr_par' dir='ltr' id='par_1_80' title="bbox 2029 3316 3621 3391">
     <span class='ocr_line' id='line_1_80' title="bbox 2029 3316 3621 3391; baseline -0.009 -6"><span class='ocrx_word' id='word_1_581' title='bbox 2029 3344 2251 3385; x_wconf 91' lang='lat' dir='ltr'><strong>crorum</strong></span> <span class='ocrx_word' id='word_1_582' title='bbox 2293 3326 2690 3391; x_wconf 89' lang='lat' dir='ltr'><strong>commoratio,</strong></span> <span class='ocrx_word' id='word_1_583' title='bbox 2742 3323 3000 3378; x_wconf 90' lang='lat' dir='ltr'><strong>omnibus</strong></span> <span class='ocrx_word' id='word_1_584' title='bbox 3051 3334 3309 3391; x_wconf 84' lang='lat' dir='ltr'><strong>magnum</strong></span> <span class='ocrx_word' id='word_1_585' title='bbox 3355 3316 3621 3372; x_wconf 84' lang='lat' dir='ltr'><strong>sacerdo-</strong></span> 
     </span>
    </p>
   </div>
   <div class='ocr_carea' id='block_1_81' title="bbox 2032 3405 3625 3483">
    <p class='ocr_par' dir='ltr' id='par_1_81' title="bbox 2032 3405 3625 3483">
     <span class='ocr_line' id='line_1_81' title="bbox 2032 3405 3625 3483; baseline -0.009 -7"><span class='ocrx_word' id='word_1_586' title='bbox 2032 3430 2140 3476; x_wconf 92' lang='lat' dir='ltr'><strong>tem</strong></span> <span class='ocrx_word' id='word_1_587' title='bbox 2185 3418 2562 3482; x_wconf 88' lang='lat' dir='ltr'><strong>intuentibus,</strong></span> <span class='ocrx_word' id='word_1_588' title='bbox 2600 3427 2655 3471; x_wconf 91' lang='lat' dir='ltr'><strong>et</strong></span> <span class='ocrx_word' id='word_1_589' title='bbox 2692 3429 3026 3483; x_wconf 85' lang='lat' dir='ltr'><strong>unoquoque</strong></span> <span class='ocrx_word' id='word_1_590' title='bbox 3066 3426 3192 3468; x_wconf 92' lang='lat' dir='ltr'><strong>eutn</strong></span> <span class='ocrx_word' id='word_1_591' title='bbox 3230 3409 3299 3464; x_wconf 87' lang='lat' dir='ltr'><strong>ad</strong></span> <span class='ocrx_word' id='word_1_592' title='bbox 3345 3424 3405 3463; x_wconf 93' lang='lat' dir='ltr'><strong>se</strong></span> <span class='ocrx_word' id='word_1_593' title='bbox 3446 3405 3625 3462; x_wconf 76' lang='lat' dir='ltr'><strong>totius</strong></span> 
     </span>
    </p>
   </div>
   <div class='ocr_carea' id='block_1_82' title="bbox 2032 3496 3620 3576">
    <p class='ocr_par' dir='ltr' id='par_1_82' title="bbox 2032 3496 3620 3576">
     <span class='ocr_line' id='line_1_82' title="bbox 2032 3496 3620 3576; baseline -0.008 -12"><span class='ocrx_word' id='word_1_594' title='bbox 2032 3500 2253 3564; x_wconf 68' lang='lat' dir='ltr'><strong>familia:</strong></span> <span class='ocrx_word' id='word_1_595' title='bbox 2289 3524 2404 3563; x_wconf 82' lang='lat' dir='ltr'><strong>suae</strong></span> <span class='ocrx_word' id='word_1_596' title='bbox 2439 3507 2725 3564; x_wconf 62' lang='lat' dir='ltr'><strong>servandae</strong></span> <span class='ocrx_word' id='word_1_597' title='bbox 2754 3506 2931 3576; x_wconf 83' lang='lat' dir='ltr'><strong>gratia</strong></span> <span class='ocrx_word' id='word_1_598' title='bbox 2979 3502 3278 3558; x_wconf 90' lang='lat' dir='ltr'><strong>alliciente.</strong></span> <span class='ocrx_word' id='word_1_599' title='bbox 3312 3496 3620 3552; x_wconf 80' lang='lat' dir='ltr'><strong>Mercedem</strong></span> 
     </span>
    </p>
   </div>
   <div class='ocr_carea' id='block_1_83' title="bbox 2033 3590 3619 3669">
    <p class='ocr_par' dir='ltr' id='par_1_83' title="bbox 2033 3590 3619 3669">
     <span class='ocr_line' id='line_1_83' title="bbox 2033 3590 3619 3669; baseline -0.008 -14"><span class='ocrx_word' id='word_1_600' title='bbox 2033 3608 2216 3656; x_wconf 90' lang='lat' dir='ltr'><strong>autem</strong></span> <span class='ocrx_word' id='word_1_601' title='bbox 2252 3601 2324 3655; x_wconf 90' lang='lat' dir='ltr'><strong>ab</strong></span> <span class='ocrx_word' id='word_1_602' title='bbox 2354 3600 2445 3664; x_wconf 90' lang='lat' dir='ltr'><strong>iis,</strong></span> <span class='ocrx_word' id='word_1_603' title='bbox 2479 3598 2575 3669; x_wconf 90' lang='lat' dir='ltr'><strong>qui</strong></span> <span class='ocrx_word' id='word_1_604' title='bbox 2608 3598 2991 3660; x_wconf 81' lang='lat' dir='ltr'><strong>servabantur,</strong></span> <span class='ocrx_word' id='word_1_605' title='bbox 3035 3595 3273 3650; x_wconf 87' lang='lat' dir='ltr'><strong>salutem</strong></span> <span class='ocrx_word' id='word_1_606' title='bbox 3308 3590 3619 3645; x_wconf 87' lang='lat' dir='ltr'><strong>animarum</strong></span> 
     </span>
    </p>
   </div>
   <div class='ocr_carea' id='block_1_84' title="bbox 2032 3684 3622 3763">
    <p class='ocr_par' dir='ltr' id='par_1_84' title="bbox 2032 3684 3622 3763">
     <span class='ocr_line' id='line_1_84' title="bbox 2032 3684 3622 3763; baseline -0.009 -15"><span class='ocrx_word' id='word_1_607' title='bbox 2032 3693 2504 3763; x_wconf 87' lang='lat' dir='ltr'><strong>consequebatur.</strong></span> <span class='ocrx_word' id='word_1_608' title='bbox 2547 3688 2685 3744; x_wconf 88' lang='lat' dir='ltr'><strong>Cutn</strong></span> <span class='ocrx_word' id='word_1_609' title='bbox 2724 3689 2872 3742; x_wconf 90' lang='lat' dir='ltr'><strong>enim</strong></span> <span class='ocrx_word' id='word_1_610' title='bbox 2918 3685 3193 3757; x_wconf 85' lang='lat' dir='ltr'><strong>ejusmodi</strong></span> <span class='ocrx_word' id='word_1_611' title='bbox 3237 3684 3622 3753; x_wconf 78' lang='lat' dir='ltr'><strong>experimento</strong></span> 
     </span>
    </p>
   </div>
   <div class='ocr_carea' id='block_1_85' title="bbox 2034 3771 3619 3856">
    <p class='ocr_par' dir='ltr' id='par_1_85' title="bbox 2034 3771 3619 3856">
     <span class='ocr_line' id='line_1_85' title="bbox 2034 3771 3619 3856; baseline -0.011 -15"><span class='ocrx_word' id='word_1_612' title='bbox 2034 3788 2211 3856; x_wconf 88' lang='lat' dir='ltr'><strong>pietas</strong></span> <span class='ocrx_word' id='word_1_613' title='bbox 2241 3781 2547 3839; x_wconf 89' lang='lat' dir='ltr'><strong>sacerdotis</strong></span> <span class='ocrx_word' id='word_1_614' title='bbox 2580 3779 2863 3850; x_wconf 87' lang='lat' dir='ltr'><strong>pateﬁeret</strong></span> <span class='ocrx_word' id='word_1_615' title='bbox 2890 3818 2903 3843; x_wconf 87' lang='lat'><strong>,</strong></span> <span class='ocrx_word' id='word_1_616' title='bbox 2944 3792 3054 3831; x_wconf 93' lang='lat' dir='ltr'><strong>non</strong></span> <span class='ocrx_word' id='word_1_617' title='bbox 3085 3775 3322 3845; x_wconf 88' lang='lat' dir='ltr'><strong>amplius</strong></span> <span class='ocrx_word' id='word_1_618' title='bbox 3354 3771 3619 3827; x_wconf 76' lang='lat' dir='ltr'><strong>dilferen-</strong></span> 
     </span>
    </p>
   </div>
   <div class='ocr_carea' id='block_1_86' title="bbox 2033 3860 3618 3941">
    <p class='ocr_par' dir='ltr' id='par_1_86' title="bbox 2033 3860 3618 3941">
     <span class='ocr_line' id='line_1_86' title="bbox 2033 3860 3618 3941; baseline -0.01 -10"><span class='ocrx_word' id='word_1_619' title='bbox 2033 3878 2165 3931; x_wconf 89' lang='lat' dir='ltr'><strong>dum</strong></span> <span class='ocrx_word' id='word_1_620' title='bbox 2192 3873 2526 3939; x_wconf 89' lang='lat' dir='ltr'><strong>censebant,</strong></span> <span class='ocrx_word' id='word_1_621' title='bbox 2552 3872 2687 3941; x_wconf 91' lang='lat' dir='ltr'><strong>quin</strong></span> <span class='ocrx_word' id='word_1_622' title='bbox 2726 3868 3051 3940; x_wconf 84' lang='lat' dir='ltr'><strong>mysterium</strong></span> <span class='ocrx_word' id='word_1_623' title='bbox 3089 3865 3489 3935; x_wconf 86' lang='lat' dir='ltr'><strong>approbarent,</strong></span> <span class='ocrx_word' id='word_1_624' title='bbox 3522 3860 3618 3930; x_wconf 91' lang='lat' dir='ltr'><strong>qui</strong></span> 
     </span>
    </p>
   </div>
   <div class='ocr_carea' id='block_1_87' title="bbox 2036 3952 3621 4039">
    <p class='ocr_par' dir='ltr' id='par_1_87' title="bbox 2036 3952 3621 4039">
     <span class='ocr_line' id='line_1_87' title="bbox 2036 3952 3621 4039; baseline -0.008 -18"><span class='ocrx_word' id='word_1_625' title='bbox 2036 3984 2131 4039; x_wconf 92' lang='lat' dir='ltr'><strong>per</strong></span> <span class='ocrx_word' id='word_1_626' title='bbox 2160 3980 2327 4035; x_wconf 88' lang='lat' dir='ltr'><strong>opera</strong></span> <span class='ocrx_word' id='word_1_627' title='bbox 2360 3966 2621 4018; x_wconf 88' lang='lat' dir='ltr'><strong>virtutem</strong></span> <span class='ocrx_word' id='word_1_628' title='bbox 2667 3961 2795 4015; x_wconf 87' lang='lat' dir='ltr'><strong>ﬁdei</strong></span> <span class='ocrx_word' id='word_1_629' title='bbox 2840 3959 3275 4028; x_wconf 77' lang='lat' dir='ltr'><strong>cognoscebant.</strong></span> <span class='ocrx_word' id='word_1_630' title='bbox 3327 3955 3476 4008; x_wconf 84' lang='lat' dir='ltr'><strong>Adeo</strong></span> <span class='ocrx_word' id='word_1_631' title='bbox 3510 3952 3621 4008; x_wconf 87' lang='lat' dir='ltr'><strong>illis</strong></span> 
     </span>
    </p>
   </div>
   <div class='ocr_carea' id='block_1_88' title="bbox 2035 4041 3619 4111">
    <p class='ocr_par' dir='ltr' id='par_1_88' title="bbox 2035 4041 3619 4111">
     <span class='ocr_line' id='line_1_88' title="bbox 2035 4041 3619 4111; baseline -0.011 0"><span class='ocrx_word' id='word_1_632' title='bbox 2035 4055 2352 4111; x_wconf 91' lang='lat' dir='ltr'><strong>hominibus</strong></span> <span class='ocrx_word' id='word_1_633' title='bbox 2381 4055 2617 4108; x_wconf 88' lang='lat' dir='ltr'><strong>sanitate</strong></span> <span class='ocrx_word' id='word_1_634' title='bbox 2643 4050 2874 4104; x_wconf 91' lang='lat' dir='ltr'><strong>morbus</strong></span> <span class='ocrx_word' id='word_1_635' title='bbox 2903 4048 3137 4102; x_wconf 84' lang='lat' dir='ltr'><strong>validior</strong></span> <span class='ocrx_word' id='word_1_636' title='bbox 3162 4055 3301 4100; x_wconf 89' lang='lat' dir='ltr'><strong>erat.</strong></span> <span class='ocrx_word' id='word_1_637' title='bbox 3334 4043 3439 4109; x_wconf 84' lang='lat' dir='ltr'><strong>Qui</strong></span> <span class='ocrx_word' id='word_1_638' title='bbox 3467 4041 3619 4096; x_wconf 89' lang='lat' dir='ltr'><strong>enim</strong></span> 
     </span>
    </p>
   </div>
   <div class='ocr_carea' id='block_1_89' title="bbox 2038 4133 3623 4212">
    <p class='ocr_par' dir='ltr' id='par_1_89' title="bbox 2038 4133 3623 4212">
     <span class='ocr_line' id='line_1_89' title="bbox 2038 4133 3623 4212; baseline -0.008 -10"><span class='ocrx_word' id='word_1_639' title='bbox 2038 4149 2092 4201; x_wconf 94' lang='lat' dir='ltr'><strong>in</strong></span> <span class='ocrx_word' id='word_1_640' title='bbox 2136 4147 2371 4202; x_wconf 87' lang='lat' dir='ltr'><strong>sanitate</strong></span> <span class='ocrx_word' id='word_1_641' title='bbox 2398 4144 2466 4197; x_wconf 91' lang='lat' dir='ltr'><strong>ad</strong></span> <span class='ocrx_word' id='word_1_642' title='bbox 2507 4140 2963 4212; x_wconf 87' lang='lat' dir='ltr'><strong>approbationem</strong></span> <span class='ocrx_word' id='word_1_643' title='bbox 3014 4136 3261 4207; x_wconf 86' lang='lat' dir='ltr'><strong>mystcrii</strong></span> <span class='ocrx_word' id='word_1_644' title='bbox 3305 4133 3623 4189; x_wconf 78' lang='lat' dir='ltr'><strong>rationibus</strong></span> 
     </span>
    </p>
   </div>
   <div class='ocr_carea' id='block_1_90' title="bbox 2038 4223 3622 4301">
    <p class='ocr_par' dir='ltr' id='par_1_90' title="bbox 2038 4223 3622 4301">
     <span class='ocr_line' id='line_1_90' title="bbox 2038 4223 3622 4301; baseline -0.006 -13"><span class='ocrx_word' id='word_1_645' title='bbox 2038 4233 2239 4288; x_wconf 87' lang='lat' dir='ltr'><strong>inﬁrmi</strong></span> <span class='ocrx_word' id='word_1_646' title='bbox 2271 4239 2477 4297; x_wconf 88' lang='lat' dir='ltr'><strong>essent,</strong></span> <span class='ocrx_word' id='word_1_647' title='bbox 2504 4229 2780 4301; x_wconf 88' lang='lat' dir='ltr'><strong>corporali</strong></span> <span class='ocrx_word' id='word_1_648' title='bbox 2808 4228 3001 4282; x_wconf 93' lang='lat' dir='ltr'><strong>morbo</strong></span> <span class='ocrx_word' id='word_1_649' title='bbox 3030 4226 3099 4281; x_wconf 87' lang='lat' dir='ltr'><strong>ad</strong></span> <span class='ocrx_word' id='word_1_650' title='bbox 3134 4226 3295 4280; x_wconf 86' lang='lat' dir='ltr'><strong>ﬁdem</strong></span> <span class='ocrx_word' id='word_1_651' title='bbox 3321 4223 3622 4279; x_wconf 81' lang='lat' dir='ltr'><strong>convalue-</strong></span> 
     </span>
    </p>
   </div>
   <div class='ocr_carea' id='block_1_91' title="bbox 2038 4312 3621 4393">
    <p class='ocr_par' dir='ltr' id='par_1_91' title="bbox 2038 4312 3621 4393">
     <span class='ocr_line' id='line_1_91' title="bbox 2038 4312 3621 4393; baseline -0.008 -13"><span class='ocrx_word' id='word_1_652' title='bbox 2038 4332 2190 4380; x_wconf 86' lang='lat' dir='ltr'><strong>runt.</strong></span> <span class='ocrx_word' id='word_1_653' title='bbox 2225 4324 2403 4393; x_wconf 87' lang='lat' dir='ltr'><strong>Atque</strong></span> <span class='ocrx_word' id='word_1_654' title='bbox 2438 4322 2513 4375; x_wconf 90' lang='lat' dir='ltr'><strong>ita</strong></span> <span class='ocrx_word' id='word_1_655' title='bbox 2550 4320 2975 4376; x_wconf 88' lang='lat' dir='ltr'><strong>simulacrorum</strong></span> <span class='ocrx_word' id='word_1_656' title='bbox 3006 4318 3188 4372; x_wconf 86' lang='lat' dir='ltr'><strong>cultus</strong></span> <span class='ocrx_word' id='word_1_657' title='bbox 3216 4329 3407 4371; x_wconf 90' lang='lat' dir='ltr'><strong>errore</strong></span> <span class='ocrx_word' id='word_1_658' title='bbox 3430 4312 3621 4382; x_wconf 82' lang='lat' dir='ltr'><strong>depre-</strong></span> 
     </span>
    </p>
   </div>
   <div class='ocr_carea' id='block_1_92' title="bbox 362 4403 1931 4482">
    <p class='ocr_par' dir='ltr' id='par_1_92' title="bbox 362 4403 1931 4482">
     <span class='ocr_line' id='line_1_92' title="bbox 362 4403 1931 4482; baseline -0.007 -18"><span class='ocrx_word' id='word_1_659' title='bbox 362 4412 721 4482; x_wconf 87' lang='grc' dir='ltr'>μετετίθεντο,</span> <span class='ocrx_word' id='word_1_660' title='bbox 756 4412 806 4463; x_wconf 81' lang='grc' dir='ltr'><strong>οἰ</strong></span> <span class='ocrx_word' id='word_1_661' title='bbox 845 4410 941 4479; x_wconf 81' lang='grc' dir='ltr'><strong>μὲν</strong></span> <span class='ocrx_word' id='word_1_662' title='bbox 971 4409 1057 4462; x_wconf 72' lang='grc' dir='ltr'><strong>διὰ</strong></span> <span class='ocrx_word' id='word_1_663' title='bbox 1091 4410 1187 4478; x_wconf 77' lang='grc' dir='ltr'>τῆς</span> <span class='ocrx_word' id='word_1_664' title='bbox 1211 4405 1604 4475; x_wconf 81' lang='grc' dir='ltr'>ἐπιγενομένης</span> <span class='ocrx_word' id='word_1_665' title='bbox 1635 4403 1791 4456; x_wconf 89' lang='grc' dir='ltr'>νόσου</span> <span class='ocrx_word' id='word_1_666' title='bbox 1824 4418 1931 4472; x_wconf 89' lang='grc' dir='ltr'>χει-</span> 
     </span>
    </p>
   </div>
   <div class='ocr_carea' id='block_1_93' title="bbox 2030 4403 3618 4482">
    <p class='ocr_par' dir='ltr' id='par_1_93' title="bbox 2040 4405 3618 4481">
     <span class='ocr_line' id='line_1_93' title="bbox 2040 4405 3618 4481; baseline -0.01 -10"><span class='ocrx_word' id='word_1_667' title='bbox 2040 4416 2245 4481; x_wconf 89' lang='lat' dir='ltr'><strong>benso,</strong></span> <span class='ocrx_word' id='word_1_668' title='bbox 2294 4428 2488 4469; x_wconf 90' lang='lat' dir='ltr'><strong>omnes</strong></span> <span class='ocrx_word' id='word_1_669' title='bbox 2540 4412 2608 4466; x_wconf 88' lang='lat' dir='ltr'><strong>ad</strong></span> <span class='ocrx_word' id='word_1_670' title='bbox 2658 4426 2858 4465; x_wconf 87' lang='lat' dir='ltr'><strong>nomen</strong></span> <span class='ocrx_word' id='word_1_671' title='bbox 2901 4409 3111 4464; x_wconf 88' lang='lat' dir='ltr'><strong>Christi</strong></span> <span class='ocrx_word' id='word_1_672' title='bbox 3146 4405 3618 4470; x_wconf 89' lang='lat' dir='ltr'><strong>traducebantur,</strong></span> 
     </span>
    </p>
   </div>
   <div class='ocr_carea' id='block_1_94' title="bbox 361 4496 1939 4573">
    <p class='ocr_par' dir='ltr' id='par_1_94' title="bbox 361 4496 1939 4573">
     <span class='ocr_line' id='line_1_94' title="bbox 361 4496 1939 4573; baseline -0.006 -18"><span class='ocrx_word' id='word_1_673' title='bbox 361 4501 775 4573; x_wconf 86' lang='grc' dir='ltr'>ραγωγηθέντες</span> <span class='ocrx_word' id='word_1_674' title='bbox 818 4503 952 4571; x_wconf 61' lang='grc' dir='ltr'>πρὸς</span> <span class='ocrx_word' id='word_1_675' title='bbox 986 4502 1084 4569; x_wconf 74' lang='grc' dir='ltr'>τὴν</span> <span class='ocrx_word' id='word_1_676' title='bbox 1123 4500 1410 4569; x_wconf 80' lang='grc' dir='ltr'>ἀλήθειαν·</span> <span class='ocrx_word' id='word_1_677' title='bbox 1434 4497 1483 4549; x_wconf 85' lang='grc' dir='ltr'><strong>οἰ</strong></span> <span class='ocrx_word' id='word_1_678' title='bbox 1522 4496 1578 4549; x_wconf 80' lang='grc' dir='ltr'><strong>δὲ</strong></span> <span class='ocrx_word' id='word_1_679' title='bbox 1604 4497 1699 4548; x_wconf 71' lang='grc' dir='ltr'><strong>καὶ</strong></span> <span class='ocrx_word' id='word_1_680' title='bbox 1734 4510 1939 4565; x_wconf 75' lang='grc' dir='ltr'>προφυ-</span> 
     </span>
    </p>
   </div>
   <div class='ocr_carea' id='block_1_95' title="bbox 358 4582 1941 4660">
    <p class='ocr_par' dir='ltr' id='par_1_95' title="bbox 358 4582 1941 4660">
     <span class='ocr_line' id='line_1_95' title="bbox 358 4582 1941 4660; baseline -0.006 -18"><span class='ocrx_word' id='word_1_681' title='bbox 358 4590 529 4660; x_wconf 83' lang='grc' dir='ltr'>λακὴν</span> <span class='ocrx_word' id='word_1_682' title='bbox 558 4590 652 4642; x_wconf 89' lang='grc' dir='ltr'><strong>τοῦ</strong></span> <span class='ocrx_word' id='word_1_683' title='bbox 686 4589 873 4659; x_wconf 91' lang='grc' dir='ltr'>λοιμοῦ</span> <span class='ocrx_word' id='word_1_684' title='bbox 895 4629 909 4651; x_wconf 89' lang='grc'><strong>,</strong></span> <span class='ocrx_word' id='word_1_685' title='bbox 952 4588 1049 4659; x_wconf 83' lang='grc' dir='ltr'>τὴν</span> <span class='ocrx_word' id='word_1_686' title='bbox 1082 4588 1264 4640; x_wconf 80' lang='grc' dir='ltr'>πίστιν</span> <span class='ocrx_word' id='word_1_687' title='bbox 1311 4585 1411 4655; x_wconf 82' lang='grc' dir='ltr'>τὴν</span> <span class='ocrx_word' id='word_1_688' title='bbox 1458 4586 1540 4647; x_wconf 86' lang='grc' dir='ltr'><strong>εἰς</strong></span> <span class='ocrx_word' id='word_1_689' title='bbox 1568 4583 1659 4636; x_wconf 82' lang='grc' dir='ltr'><strong>τὸν</strong></span> <span class='ocrx_word' id='word_1_690' title='bbox 1704 4582 1941 4652; x_wconf 71' lang='grc' dir='ltr'>Χριστὸν</span> 
     </span>
    </p>
   </div>
   <div class='ocr_carea' id='block_1_96' title="bbox 360 4675 1940 4751">
    <p class='ocr_par' dir='ltr' id='par_1_96' title="bbox 360 4675 1940 4751">
     <span class='ocr_line' id='line_1_96' title="bbox 360 4675 1940 4751; baseline -0.003 -19"><span class='ocrx_word' id='word_1_691' title='bbox 360 4680 803 4751; x_wconf 78' lang='grc' dir='ltr'>προϐαλλόμενοι.</span> <span class='ocrx_word' id='word_1_692' title='bbox 831 4680 985 4732; x_wconf 85' lang='grc' dir='ltr'>Ἔστι</span> <span class='ocrx_word' id='word_1_693' title='bbox 1017 4679 1074 4731; x_wconf 81' lang='grc' dir='ltr'>δὲ</span> <span class='ocrx_word' id='word_1_694' title='bbox 1127 4680 1219 4732; x_wconf 75' lang='grc' dir='ltr'><strong>καὶ</strong></span> <span class='ocrx_word' id='word_1_695' title='bbox 1271 4677 1405 4731; x_wconf 77' lang='grc' dir='ltr'>ἄλλα</span> <span class='ocrx_word' id='word_1_696' title='bbox 1447 4679 1514 4747; x_wconf 84' lang='grc' dir='ltr'>τῇ</span> <span class='ocrx_word' id='word_1_697' title='bbox 1551 4678 1738 4747; x_wconf 82' lang='grc' dir='ltr'>μνήμῃ</span> <span class='ocrx_word' id='word_1_698' title='bbox 1779 4675 1940 4747; x_wconf 86' lang='grc' dir='ltr'>μέχρι</span> 
     </span>
    </p>
   </div>
   <div class='ocr_carea' id='block_1_97' title="bbox 359 4766 1940 4843">
    <p class='ocr_par' dir='ltr' id='par_1_97' title="bbox 359 4766 1940 4843">
     <span class='ocr_line' id='line_1_97' title="bbox 359 4766 1940 4843; baseline -0.006 -16"><span class='ocrx_word' id='word_1_699' title='bbox 359 4774 453 4827; x_wconf 83' lang='grc' dir='ltr'><strong>τοῦ</strong></span> <span class='ocrx_word' id='word_1_700' title='bbox 476 4772 635 4843; x_wconf 86' lang='grc' dir='ltr'>δεῦρο</span> <span class='ocrx_word' id='word_1_701' title='bbox 657 4771 1029 4840; x_wconf 79' lang='grc' dir='ltr'>διασωζόμενα</span> <span class='ocrx_word' id='word_1_702' title='bbox 1069 4771 1161 4823; x_wconf 90' lang='grc' dir='ltr'><strong>τοῦ</strong></span> <span class='ocrx_word' id='word_1_703' title='bbox 1199 4769 1434 4840; x_wconf 84' lang='grc' dir='ltr'>μεγάλου</span> <span class='ocrx_word' id='word_1_704' title='bbox 1481 4767 1781 4838; x_wconf 87' lang='grc' dir='ltr'>Γρηγορίου</span> <span class='ocrx_word' id='word_1_705' title='bbox 1809 4766 1940 4819; x_wconf 83' lang='grc' dir='ltr'>θαύ-</span> 
     </span>
    </p>
   </div>
   <div class='ocr_carea' id='block_1_98' title="bbox 365 4859 1937 4936">
    <p class='ocr_par' dir='ltr' id='par_1_98' title="bbox 365 4859 1937 4936">
     <span class='ocr_line' id='line_1_98' title="bbox 365 4859 1937 4936; baseline -0.006 -17"><span class='ocrx_word' id='word_1_706' title='bbox 365 4883 529 4936; x_wconf 85' lang='grc' dir='ltr'>ματα,</span> <span class='ocrx_word' id='word_1_707' title='bbox 566 4867 706 4933; x_wconf 74' lang='grc' dir='ltr'>ἅπερ</span> <span class='ocrx_word' id='word_1_708' title='bbox 756 4862 1057 4932; x_wconf 79' lang='grc' dir='ltr'>φειδόμενοι</span> <span class='ocrx_word' id='word_1_709' title='bbox 1108 4862 1210 4931; x_wconf 81' lang='grc' dir='ltr'>τῆς</span> <span class='ocrx_word' id='word_1_710' title='bbox 1255 4860 1591 4929; x_wconf 81' lang='grc' dir='ltr'>ἀπιστοῦσης</span> <span class='ocrx_word' id='word_1_711' title='bbox 1638 4860 1825 4929; x_wconf 83' lang='grc' dir='ltr'>ἀκοῆς,</span> <span class='ocrx_word' id='word_1_712' title='bbox 1863 4859 1937 4922; x_wconf 82' lang='grc' dir='ltr'>ὡς</span> 
     </span>
    </p>
   </div>
   <div class='ocr_carea' id='block_1_99' title="bbox 362 4948 1939 5025">
    <p class='ocr_par' dir='ltr' id='par_1_99' title="bbox 362 4948 1939 5025">
     <span class='ocr_line' id='line_1_99' title="bbox 362 4948 1939 5025; baseline -0.005 -17"><span class='ocrx_word' id='word_1_713' title='bbox 362 4957 429 5010; x_wconf 87' lang='grc' dir='ltr'>ἂν</span> <span class='ocrx_word' id='word_1_714' title='bbox 456 4955 530 5025; x_wconf 84' lang='grc' dir='ltr'>μὴ</span> <span class='ocrx_word' id='word_1_715' title='bbox 566 4954 811 5024; x_wconf 82' lang='grc' dir='ltr'>βλαόεῖεν</span> <span class='ocrx_word' id='word_1_716' title='bbox 831 4954 879 5005; x_wconf 89' lang='grc' dir='ltr'><strong>οἰ</strong></span> <span class='ocrx_word' id='word_1_717' title='bbox 909 4952 970 5004; x_wconf 86' lang='grc' dir='ltr'><strong>τὸ</strong></span> <span class='ocrx_word' id='word_1_718' title='bbox 993 4949 1191 5019; x_wconf 79' lang='grc' dir='ltr'>ἀληθὲς</span> <span class='ocrx_word' id='word_1_719' title='bbox 1219 4953 1276 5003; x_wconf 81' lang='grc' dir='ltr'><strong>ἐν</strong></span> <span class='ocrx_word' id='word_1_720' title='bbox 1304 4950 1382 5021; x_wconf 83' lang='grc' dir='ltr'>τῷ</span> <span class='ocrx_word' id='word_1_721' title='bbox 1411 4949 1627 5020; x_wconf 78' lang='grc' dir='ltr'>μεγέθει</span> <span class='ocrx_word' id='word_1_722' title='bbox 1652 4948 1760 5001; x_wconf 86' lang='grc' dir='ltr'><strong>τῶν</strong></span> <span class='ocrx_word' id='word_1_723' title='bbox 1786 4948 1939 5015; x_wconf 61' lang='grc' dir='ltr'>λέγοι</span> 
     </span>
    </p>
   </div>
   <div class='ocr_carea' id='block_1_100' title="bbox 365 5040 1937 5118">
    <p class='ocr_par' dir='ltr' id='par_1_100' title="bbox 365 5040 1937 5118">
     <span class='ocr_line' id='line_1_100' title="bbox 365 5040 1937 5118; baseline -0.006 -18"><span class='ocrx_word' id='word_1_724' title='bbox 365 5048 542 5118; x_wconf 86' lang='grc' dir='ltr'>μένων</span> <span class='ocrx_word' id='word_1_725' title='bbox 578 5044 771 5114; x_wconf 78' lang='grc' dir='ltr'>ψεῦδος</span> <span class='ocrx_word' id='word_1_726' title='bbox 805 5043 1061 5113; x_wconf 86' lang='grc' dir='ltr'>οἰόμενοι,</span> <span class='ocrx_word' id='word_1_727' title='bbox 1095 5043 1206 5104; x_wconf 85' lang='grc' dir='ltr'>τοῖς</span> <span class='ocrx_word' id='word_1_728' title='bbox 1235 5040 1638 5111; x_wconf 82' lang='grc' dir='ltr'>γεγραμμένοις</span> <span class='ocrx_word' id='word_1_729' title='bbox 1673 5040 1732 5091; x_wconf 79' lang='grc' dir='ltr'>οὐ</span> <span class='ocrx_word' id='word_1_730' title='bbox 1768 5055 1937 5107; x_wconf 91' lang='grc' dir='ltr'>προσ-</span> 
     </span>
    </p>
   </div>
   <div class='ocr_carea' id='block_1_101' title="bbox 363 5129 1938 5207">
    <p class='ocr_par' dir='ltr' id='par_1_101' title="bbox 363 5129 1938 5207">
     <span class='ocr_line' id='line_1_101' title="bbox 363 5129 1938 5207; baseline -0.005 -17"><span class='ocrx_word' id='word_1_731' title='bbox 363 5137 657 5207; x_wconf 88' lang='grc' dir='ltr'>εθήκαμεν.</span> <span class='ocrx_word' id='word_1_732' title='bbox 708 5132 929 5205; x_wconf 81' lang='grc' dir='ltr'>Χριστῷ</span> <span class='ocrx_word' id='word_1_733' title='bbox 953 5133 1010 5186; x_wconf 79' lang='grc' dir='ltr'>δὲ</span> <span class='ocrx_word' id='word_1_734' title='bbox 1064 5132 1141 5201; x_wconf 82' lang='grc' dir='ltr'>τῷ</span> <span class='ocrx_word' id='word_1_735' title='bbox 1185 5131 1408 5185; x_wconf 88' lang='grc' dir='ltr'>τοιαῦτα</span> <span class='ocrx_word' id='word_1_736' title='bbox 1454 5131 1540 5184; x_wconf 70' lang='grc' dir='ltr'><strong>διὰ</strong></span> <span class='ocrx_word' id='word_1_737' title='bbox 1575 5131 1684 5183; x_wconf 84' lang='grc' dir='ltr'><strong>τῶν</strong></span> <span class='ocrx_word' id='word_1_738' title='bbox 1738 5129 1938 5183; x_wconf 77' lang='grc' dir='ltr'>δούλων</span> 
     </span>
    </p>
   </div>
   <div class='ocr_carea' id='block_1_102' title="bbox 364 5216 1938 5294">
    <p class='ocr_par' dir='ltr' id='par_1_102' title="bbox 364 5216 1938 5294">
     <span class='ocr_line' id='line_1_102' title="bbox 364 5216 1938 5294; baseline -0.006 -14"><span class='ocrx_word' id='word_1_739' title='bbox 364 5226 527 5281; x_wconf 82' lang='grc' dir='ltr'>αὐτοῦ</span> <span class='ocrx_word' id='word_1_740' title='bbox 569 5216 1026 5294; x_wconf 83' lang='grc' dir='ltr'>τερατουργοῦντι</span> <span class='ocrx_word' id='word_1_741' title='bbox 1067 5222 1268 5292; x_wconf 84' lang='grc' dir='ltr'>πρέπει</span> <span class='ocrx_word' id='word_1_742' title='bbox 1302 5221 1447 5286; x_wconf 81' lang='grc' dir='ltr'>δόξα,</span> <span class='ocrx_word' id='word_1_743' title='bbox 1482 5220 1615 5291; x_wconf 86' lang='grc' dir='ltr'>τιμὴ</span> <span class='ocrx_word' id='word_1_744' title='bbox 1648 5220 1741 5272; x_wconf 74' lang='grc' dir='ltr'>καὶ</span> <span class='ocrx_word' id='word_1_745' title='bbox 1772 5236 1938 5289; x_wconf 85' lang='grc' dir='ltr'>προσ-</span> 
     </span>
    </p>
   </div>
   <div class='ocr_carea' id='block_1_103' title="bbox 365 5307 1937 5385">
    <p class='ocr_par' dir='ltr' id='par_1_103' title="bbox 365 5307 1937 5385">
     <span class='ocr_line' id='line_1_103' title="bbox 365 5307 1937 5385; baseline -0.006 -16"><span class='ocrx_word' id='word_1_746' title='bbox 365 5316 610 5385; x_wconf 82' lang='grc' dir='ltr'>κύνησις,</span> <span class='ocrx_word' id='word_1_747' title='bbox 635 5314 729 5368; x_wconf 87' lang='grc' dir='ltr'><strong>νῦν</strong></span> <span class='ocrx_word' id='word_1_748' title='bbox 760 5315 853 5368; x_wconf 76' lang='grc' dir='ltr'><strong>καὶ</strong></span> <span class='ocrx_word' id='word_1_749' title='bbox 887 5314 991 5377; x_wconf 79' lang='grc' dir='ltr'>ἀεὶ,</span> <span class='ocrx_word' id='word_1_750' title='bbox 1032 5315 1124 5366; x_wconf 71' lang='grc' dir='ltr'><strong>καὶ</strong></span> <span class='ocrx_word' id='word_1_751' title='bbox 1160 5315 1240 5376; x_wconf 86' lang='grc' dir='ltr'><strong>εἰς</strong></span> <span class='ocrx_word' id='word_1_752' title='bbox 1279 5311 1405 5375; x_wconf 72' lang='grc' dir='ltr'>τοὺς</span> <span class='ocrx_word' id='word_1_753' title='bbox 1435 5310 1636 5374; x_wconf 79' lang='grc' dir='ltr'>αἰῶνας</span> <span class='ocrx_word' id='word_1_754' title='bbox 1668 5309 1776 5363; x_wconf 87' lang='grc' dir='ltr'><strong>τῶν</strong></span> <span class='ocrx_word' id='word_1_755' title='bbox 1807 5307 1937 5362; x_wconf 69' lang='lat' dir='ltr'><strong>ait-3-</strong></span> 
     </span>
    </p>
   </div>
   <div class='ocr_carea' id='block_1_104' title="bbox 365 5406 724 5473">
    <p class='ocr_par' dir='ltr' id='par_1_104' title="bbox 365 5406 724 5473">
     <span class='ocr_line' id='line_1_104' title="bbox 365 5406 724 5473; baseline 0.003 -16"><span class='ocrx_word' id='word_1_756' title='bbox 365 5422 489 5458; x_wconf 80' lang='grc' dir='ltr'>νων.</span> <span class='ocrx_word' id='word_1_757' title='bbox 534 5406 590 5456; x_wconf 83' lang='grc' dir='ltr'>’Λ</span> <span class='ocrx_word' id='word_1_758' title='bbox 599 5408 724 5473; x_wconf 79' lang='grc' dir='ltr'>μήν.</span> 
     </span>
    </p>
   </div>
   <div class='ocr_carea' id='block_1_105' title="bbox 2037 4498 3619 4577">
    <p class='ocr_par' dir='ltr' id='par_1_105' title="bbox 2037 4498 3619 4577">
     <span class='ocr_line' id='line_1_105' title="bbox 2037 4498 3619 4577; baseline -0.006 -18"><span class='ocrx_word' id='word_1_759' title='bbox 2037 4522 2164 4577; x_wconf 91' lang='lat' dir='ltr'><strong>pars</strong></span> <span class='ocrx_word' id='word_1_760' title='bbox 2184 4512 2412 4574; x_wconf 77' lang='lat' dir='ltr'><strong>urgente</strong></span> <span class='ocrx_word' id='word_1_761' title='bbox 2442 4503 2639 4557; x_wconf 92' lang='lat' dir='ltr'><strong>morbo</strong></span> <span class='ocrx_word' id='word_1_762' title='bbox 2669 4502 2735 4556; x_wconf 90' lang='lat' dir='ltr'><strong>ad</strong></span> <span class='ocrx_word' id='word_1_763' title='bbox 2766 4502 3052 4557; x_wconf 87' lang='lat' dir='ltr'><strong>veritatem</strong></span> <span class='ocrx_word' id='word_1_764' title='bbox 3084 4500 3246 4571; x_wconf 90' lang='lat' dir='ltr'><strong>quasi</strong></span> <span class='ocrx_word' id='word_1_765' title='bbox 3273 4498 3619 4564; x_wconf 85' lang='lat' dir='ltr'><strong>manuducti,</strong></span> 
     </span>
    </p>
   </div>
   <div class='ocr_carea' id='block_1_106' title="bbox 2036 4592 3615 4668">
    <p class='ocr_par' dir='ltr' id='par_1_106' title="bbox 2036 4592 3615 4668">
     <span class='ocr_line' id='line_1_106' title="bbox 2036 4592 3615 4668; baseline -0.006 -17"><span class='ocrx_word' id='word_1_766' title='bbox 2036 4612 2166 4668; x_wconf 87' lang='lat' dir='ltr'><strong>pars</strong></span> <span class='ocrx_word' id='word_1_767' title='bbox 2195 4598 2360 4651; x_wconf 82' lang='lat' dir='ltr'><strong>etiam</strong></span> <span class='ocrx_word' id='word_1_768' title='bbox 2395 4595 2555 4650; x_wconf 87' lang='lat' dir='ltr'><strong>ﬁdem</strong></span> <span class='ocrx_word' id='word_1_769' title='bbox 2586 4595 2640 4649; x_wconf 91' lang='lat' dir='ltr'><strong>in</strong></span> <span class='ocrx_word' id='word_1_770' title='bbox 2668 4594 2949 4649; x_wconf 88' lang='lat' dir='ltr'><strong>Christum</strong></span> <span class='ocrx_word' id='word_1_771' title='bbox 2980 4592 3139 4662; x_wconf 87' lang='lat' dir='ltr'><strong>quasi</strong></span> <span class='ocrx_word' id='word_1_772' title='bbox 3172 4592 3572 4646; x_wconf 88' lang='lat' dir='ltr'><strong>munimentum</strong></span> <span class='ocrx_word' id='word_1_773' title='bbox 3597 4626 3615 4652; x_wconf 90' lang='lat'><strong>,</strong></span> 
     </span>
    </p>
   </div>
   <div class='ocr_carea' id='block_1_107' title="bbox 2036 4676 3663 4758">
    <p class='ocr_par' dir='ltr' id='par_1_107' title="bbox 2036 4676 3663 4758">
     <span class='ocr_line' id='line_1_107' title="bbox 2036 4676 3663 4758; baseline -0.007 -17"><span class='ocrx_word' id='word_1_774' title='bbox 2036 4703 2146 4758; x_wconf 87' lang='lat' dir='ltr'><strong>quo</strong></span> <span class='ocrx_word' id='word_1_775' title='bbox 2177 4687 2279 4740; x_wconf 90' lang='lat' dir='ltr'><strong>tuti</strong></span> <span class='ocrx_word' id='word_1_776' title='bbox 2318 4693 2507 4740; x_wconf 88' lang='lat' dir='ltr'><strong>essent</strong></span> <span class='ocrx_word' id='word_1_777' title='bbox 2541 4685 2810 4740; x_wconf 81' lang='lat' dir='ltr'><strong>adversus</strong></span> <span class='ocrx_word' id='word_1_778' title='bbox 2834 4695 3068 4753; x_wconf 88' lang='lat' dir='ltr'><strong>pestem,</strong></span> <span class='ocrx_word' id='word_1_779' title='bbox 3092 4680 3437 4750; x_wconf 87' lang='lat' dir='ltr'><strong>objicientes.</strong></span> <span class='ocrx_word' id='word_1_780' title='bbox 3476 4676 3617 4731; x_wconf 86' lang='lat' dir='ltr'><strong>Sunt</strong></span> <span class='ocrx_word' id='word_1_781' title='bbox 3660 4736 3663 4739; x_wconf 96' lang='lat'><em>_</em></span> 
     </span>
    </p>
   </div>
   <div class='ocr_carea' id='block_1_108' title="bbox 2036 4771 3621 4847">
    <p class='ocr_par' dir='ltr' id='par_1_108' title="bbox 2036 4771 3621 4847">
     <span class='ocr_line' id='line_1_108' title="bbox 2036 4771 3621 4847; baseline -0.009 -12"><span class='ocrx_word' id='word_1_782' title='bbox 2036 4788 2221 4835; x_wconf 90' lang='lat' dir='ltr'><strong>autem</strong></span> <span class='ocrx_word' id='word_1_783' title='bbox 2265 4779 2431 4832; x_wconf 90' lang='lat' dir='ltr'><strong>etiam</strong></span> <span class='ocrx_word' id='word_1_784' title='bbox 2473 4777 2579 4831; x_wconf 90' lang='lat' dir='ltr'><strong>alia</strong></span> <span class='ocrx_word' id='word_1_785' title='bbox 2627 4777 2810 4847; x_wconf 88' lang='lat' dir='ltr'><strong>magni</strong></span> <span class='ocrx_word' id='word_1_786' title='bbox 2862 4774 3109 4843; x_wconf 80' lang='lat' dir='ltr'><strong>Gregorii</strong></span> <span class='ocrx_word' id='word_1_787' title='bbox 3153 4771 3455 4835; x_wconf 72' lang='lat' dir='ltr'><strong>miracula,</strong></span> <span class='ocrx_word' id='word_1_788' title='bbox 3498 4784 3621 4837; x_wconf 58' lang='lat' dir='ltr'><strong>qua</strong></span> 
     </span>
    </p>
   </div>
   <div class='ocr_carea' id='block_1_109' title="bbox 2037 4860 3618 4937">
    <p class='ocr_par' dir='ltr' id='par_1_109' title="bbox 2037 4860 3618 4937">
     <span class='ocr_line' id='line_1_109' title="bbox 2037 4860 3618 4937; baseline -0.006 -13"><span class='ocrx_word' id='word_1_789' title='bbox 2037 4870 2301 4925; x_wconf 88' lang='lat' dir='ltr'><strong>memoria</strong></span> <span class='ocrx_word' id='word_1_790' title='bbox 2331 4884 2505 4937; x_wconf 91' lang='lat' dir='ltr'><strong>usque</strong></span> <span class='ocrx_word' id='word_1_791' title='bbox 2534 4868 2716 4922; x_wconf 89' lang='lat' dir='ltr'><strong>adhuc</strong></span> <span class='ocrx_word' id='word_1_792' title='bbox 2746 4874 3001 4921; x_wconf 86' lang='lat' dir='ltr'><strong>tenentur</strong></span> <span class='ocrx_word' id='word_1_793' title='bbox 3035 4882 3047 4916; x_wconf 90' lang='lat'><strong>:</strong></span> <span class='ocrx_word' id='word_1_794' title='bbox 3077 4880 3140 4919; x_wconf 89' lang='lat' dir='ltr'><strong>ea</strong></span> <span class='ocrx_word' id='word_1_795' title='bbox 3176 4878 3276 4917; x_wconf 91' lang='lat' dir='ltr'><strong>nos</strong></span> <span class='ocrx_word' id='word_1_796' title='bbox 3318 4860 3618 4916; x_wconf 84' lang='lat' dir='ltr'><strong>incredulis</strong></span> 
     </span>
    </p>
   </div>
   <div class='ocr_carea' id='block_1_110' title="bbox 2037 4955 3618 5031">
    <p class='ocr_par' dir='ltr' id='par_1_110' title="bbox 2037 4955 3618 5031">
     <span class='ocr_line' id='line_1_110' title="bbox 2037 4955 3618 5031; baseline -0.009 -14"><span class='ocrx_word' id='word_1_797' title='bbox 2037 4963 2262 5017; x_wconf 90' lang='lat' dir='ltr'><strong>auribus</strong></span> <span class='ocrx_word' id='word_1_798' title='bbox 2292 4967 2599 5031; x_wconf 89' lang='lat' dir='ltr'><strong>parcentes,</strong></span> <span class='ocrx_word' id='word_1_799' title='bbox 2629 4973 2699 5013; x_wconf 91' lang='lat' dir='ltr'><strong>ne</strong></span> <span class='ocrx_word' id='word_1_800' title='bbox 2734 4956 3083 5012; x_wconf 75' lang='lat' dir='ltr'><strong>oﬁ‘endantur</strong></span> <span class='ocrx_word' id='word_1_801' title='bbox 3114 4955 3208 5024; x_wconf 91' lang='lat' dir='ltr'><strong>qui</strong></span> <span class='ocrx_word' id='word_1_802' title='bbox 3240 4960 3465 5022; x_wconf 91' lang='lat' dir='ltr'><strong>propter</strong></span> <span class='ocrx_word' id='word_1_803' title='bbox 3495 4965 3618 5003; x_wconf 77' lang='lat' dir='ltr'><strong>am-</strong></span> 
     </span>
    </p>
   </div>
   <div class='ocr_carea' id='block_1_111' title="bbox 2036 5039 3618 5125">
    <p class='ocr_par' dir='ltr' id='par_1_111' title="bbox 2036 5039 3618 5125">
     <span class='ocr_line' id='line_1_111' title="bbox 2036 5039 3618 5125; baseline -0.012 -16"><span class='ocrx_word' id='word_1_804' title='bbox 2036 5055 2363 5125; x_wconf 89' lang='lat' dir='ltr'><strong>plitudinem</strong></span> <span class='ocrx_word' id='word_1_805' title='bbox 2390 5066 2578 5105; x_wconf 88' lang='lat' dir='ltr'><strong>earum</strong></span> <span class='ocrx_word' id='word_1_806' title='bbox 2613 5064 2799 5104; x_wconf 91' lang='lat' dir='ltr'><strong>rerum</strong></span> <span class='ocrx_word' id='word_1_807' title='bbox 2822 5062 2944 5115; x_wconf 72' lang='lat' dir='ltr'><strong>quae</strong></span> <span class='ocrx_word' id='word_1_808' title='bbox 2972 5052 3374 5106; x_wconf 88' lang='lat' dir='ltr'><strong>memorantur,</strong></span> <span class='ocrx_word' id='word_1_809' title='bbox 3409 5039 3584 5093; x_wconf 81' lang='lat' dir='ltr'><strong>verita</strong></span> <span class='ocrx_word' id='word_1_810' title='bbox 3604 5066 3618 5075; x_wconf 64' lang='grc' dir='ltr'><strong>ε</strong></span> 
     </span>
    </p>
   </div>
   <div class='ocr_carea' id='block_1_112' title="bbox 2038 5126 3619 5205">
    <p class='ocr_par' dir='ltr' id='par_1_112' title="bbox 2038 5126 3619 5205">
     <span class='ocr_line' id='line_1_112' title="bbox 2038 5126 3619 5205; baseline -0.011 -9"><span class='ocrx_word' id='word_1_811' title='bbox 2038 5152 2143 5198; x_wconf 91' lang='lat' dir='ltr'><strong>tem</strong></span> <span class='ocrx_word' id='word_1_812' title='bbox 2190 5139 2534 5195; x_wconf 85' lang='lat' dir='ltr'><strong>mendacium</strong></span> <span class='ocrx_word' id='word_1_813' title='bbox 2578 5153 2702 5191; x_wconf 83' lang='lat' dir='ltr'><strong>esse</strong></span> <span class='ocrx_word' id='word_1_814' title='bbox 2743 5142 2973 5205; x_wconf 90' lang='lat' dir='ltr'><strong>putant,</strong></span> <span class='ocrx_word' id='word_1_815' title='bbox 3008 5132 3235 5200; x_wconf 89' lang='lat' dir='ltr'><strong>scriptis</strong></span> <span class='ocrx_word' id='word_1_816' title='bbox 3266 5144 3376 5183; x_wconf 88' lang='lat' dir='ltr'><strong>non</strong></span> <span class='ocrx_word' id='word_1_817' title='bbox 3408 5126 3619 5196; x_wconf 73' lang='lat' dir='ltr'><strong>adjeci-</strong></span> 
     </span>
    </p>
   </div>
   <div class='ocr_carea' id='block_1_113' title="bbox 2044 5214 3617 5295">
    <p class='ocr_par' dir='ltr' id='par_1_113' title="bbox 2044 5214 3617 5295">
     <span class='ocr_line' id='line_1_113' title="bbox 2044 5214 3617 5295; baseline -0.012 -12"><span class='ocrx_word' id='word_1_818' title='bbox 2044 5245 2187 5284; x_wconf 88' lang='lat' dir='ltr'><strong>mus.</strong></span> <span class='ocrx_word' id='word_1_819' title='bbox 2217 5227 2437 5282; x_wconf 83' lang='lat' dir='ltr'><strong>Christo</strong></span> <span class='ocrx_word' id='word_1_820' title='bbox 2469 5240 2633 5295; x_wconf 91' lang='lat' dir='ltr'><strong>porro</strong></span> <span class='ocrx_word' id='word_1_821' title='bbox 2661 5223 2789 5276; x_wconf 90' lang='lat' dir='ltr'><strong>talia</strong></span> <span class='ocrx_word' id='word_1_822' title='bbox 2820 5236 2921 5291; x_wconf 91' lang='lat' dir='ltr'><strong>per</strong></span> <span class='ocrx_word' id='word_1_823' title='bbox 2957 5234 3150 5275; x_wconf 89' lang='lat' dir='ltr'><strong>servos</strong></span> <span class='ocrx_word' id='word_1_824' title='bbox 3181 5231 3315 5272; x_wconf 90' lang='lat' dir='ltr'><strong>suos</strong></span> <span class='ocrx_word' id='word_1_825' title='bbox 3349 5214 3617 5268; x_wconf 85' lang='lat' dir='ltr'><strong>miracula</strong></span> 
     </span>
    </p>
   </div>
   <div class='ocr_carea' id='block_1_114' title="bbox 2043 5302 3619 5384">
    <p class='ocr_par' dir='ltr' id='par_1_114' title="bbox 2043 5302 3619 5384">
     <span class='ocr_line' id='line_1_114' title="bbox 2043 5302 3619 5384; baseline -0.009 -16"><span class='ocrx_word' id='word_1_826' title='bbox 2043 5313 2316 5384; x_wconf 89' lang='lat' dir='ltr'><strong>operanti,</strong></span> <span class='ocrx_word' id='word_1_827' title='bbox 2344 5310 2599 5366; x_wconf 89' lang='lat' dir='ltr'><strong>convenit</strong></span> <span class='ocrx_word' id='word_1_828' title='bbox 2638 5308 2809 5379; x_wconf 78' lang='lat' dir='ltr'><strong>gloria</strong></span> <span class='ocrx_word' id='word_1_829' title='bbox 2828 5348 2842 5361; x_wconf 84' lang='lat'><em>.</em></span> <span class='ocrx_word' id='word_1_830' title='bbox 2872 5306 3052 5360; x_wconf 91' lang='lat' dir='ltr'><strong>honor</strong></span> <span class='ocrx_word' id='word_1_831' title='bbox 3084 5312 3138 5358; x_wconf 85' lang='lat' dir='ltr'><strong>et</strong></span> <span class='ocrx_word' id='word_1_832' title='bbox 3168 5302 3441 5367; x_wconf 81' lang='lat' dir='ltr'><strong>adoratio,</strong></span> <span class='ocrx_word' id='word_1_833' title='bbox 3470 5312 3619 5355; x_wconf 85' lang='lat' dir='ltr'><strong>nunc</strong></span> 
     </span>
    </p>
   </div>
   <div class='ocr_carea' id='block_1_115' title="bbox 2044 5388 3392 5468">
    <p class='ocr_par' dir='ltr' id='par_1_115' title="bbox 2044 5388 3392 5468">
     <span class='ocr_line' id='line_1_115' title="bbox 2044 5388 3392 5468; baseline -0.01 -13"><span class='ocrx_word' id='word_1_834' title='bbox 2044 5409 2097 5455; x_wconf 90' lang='lat' dir='ltr'><strong>et</strong></span> <span class='ocrx_word' id='word_1_835' title='bbox 2130 5414 2368 5468; x_wconf 81' lang='lat' dir='ltr'><strong>semper,</strong></span> <span class='ocrx_word' id='word_1_836' title='bbox 2400 5405 2455 5453; x_wconf 90' lang='lat' dir='ltr'><strong>et</strong></span> <span class='ocrx_word' id='word_1_837' title='bbox 2483 5397 2536 5451; x_wconf 92' lang='lat' dir='ltr'><strong>in</strong></span> <span class='ocrx_word' id='word_1_838' title='bbox 2571 5393 2773 5451; x_wconf 67' lang='lat' dir='ltr'><strong>saecula</strong></span> <span class='ocrx_word' id='word_1_839' title='bbox 2803 5392 3158 5449; x_wconf 71' lang='lat' dir='ltr'><strong>szeculorum.</strong></span> <span class='ocrx_word' id='word_1_840' title='bbox 3193 5388 3392 5445; x_wconf 88' lang='lat' dir='ltr'><strong>Amen.</strong></span> 
     </span>
    </p>
   </div>
  </div>
