4092 6368
502 309 611 374 989

1813 316 1875 374 S.
1911 315 2242 374 GBEGORII
2281 315 2575 374 NYSSENI

3669 321 3778 378 960

524 465 3744 510 Μ

1257 623 1515 717 ΤΟΥ
1576 627 1736 716 ΕΝ
1797 627 2226 718 ΑΓΙΟΙΣ
2289 632 3020 720 ΓΡΗΓΟΡΙΟΥ

707 827 949 943 ΕΙΣ
1022 824 1343 1008 TON
1415 828 1792 946 BION
1871 833 2110 945 ΤΗ]

2250 830 2703 946 ΟΣΙΑΣ
2775 833 3586 952 ΜΑΚΡΙΝΗΣ

1495 1040 1810 1094 ΔΔΕΛΦΗΣ
1855 1041 1994 1096 ΤΟΥ
2025 1041 2359 1099 ΜΕΓΔΛΟΥ
2403 1040 2788 1099 ΒΔΣΙΛΕΙΟΥ.

1552 1367 1650 1462 8.
1727 1370 1836 1461 Ρ.
1915 1373 2038 1463 Ν.
2115 1369 2708 1464 GREGORII

1111 1575 1468 1698 VITA
1547 1580 1669 1693 S.
1738 1580 2446 1698 MACRINIE
2527 1583 3179 1702 VIRGINIS

1721 1800 2020 1859 SORORIS
2059 1799 2307 1859 BASILII
2344 1801 2582 1859 MAGNI.

1623 1961 1909 2025 ‘lnterprete
1946 1959 2216 2013 Francisco
2237 1961 2358 2013 Zino
2377 1963 2678 2014 Veronensi.

588 2260 705 2318 Hoc
731 2261 949 2332 quidem
980 2263 1273 2320 voluminis
1300 2281 1471 2335 genus
1499 2281 1562 2320 ex
1589 2265 1951 2334 inscriptione
1979 2279 2099 2337 ept-

2274 2269 2347 2322 Τὺ
2379 2269 2475 2338 μὲν
2507 2263 2646 2332 εἶδος
2671 2269 2766 2322 τοῦ
2799 2267 3024 2338 βιϐλίου,
3057 2271 3180 2325 ὅσον
3210 2273 3269 2324 ἐν
3301 2270 3379 2342 τῷ
3408 2272 3506 2342 τῆς
3539 2291 3784 2348 προγρα-

515 2356 663 2409 stola
697 2356 914 2410 videtur
945 2372 1067 2412 esse
1100 2357 1177 2425 (l)
1213 2376 1226 2412 :
1260 2358 1353 2411 sed
1389 2359 1508 2426 ejus
1553 2358 1837 2426 longitudo
1879 2357 2102 2412 modum

2205 2358 2310 2428 φῆς
2340 2357 2513 2427 τύπῳ,
2545 2357 2800 2429 ἐπιστολὴ
2829 2355 2968 2414 εἶναι
3000 2361 3186 2414 δοκεῖ’
3232 2361 3295 2414 τὸ
3323 2362 3379 2416 δὲ
3407 2363 3611 2434 πλῆθος
3644 2367 3786 2438 ὑπὲρ

515 2449 765 2516 epistolae
797 2456 1054 2519 superat,
1101 2455 1155 2502 et
1182 2448 1382 2517 justam
1416 2447 1541 2501 libri
1575 2447 1960 2516 complectitur
1986 2463 2104 2501 ma-

2211 2448 2294 2500 τὺν
2334 2447 2738 2516 ὲπιστολιμαῖον
2781 2450 2904 2519 ὅρον
2944 2450 3115 2515 ἐστὶν,
3161 2453 3242 2515 είς
3269 2456 3651 2524 συγγραφικήν
3683 2474 3786 2526 μα-

516 2539 862 2607 gnitudinetn
899 2557 913 2593 :
952 2553 1039 2594 me
1073 2547 1252 2593 tamen
1293 2538 1393 2600 rei,
1427 2551 1594 2607 quam
1642 2545 1702 2590 ut
1737 2535 1936 2591 litteris
1968 2551 2104 2591 con-

520 2629 796 2699 signarem
849 2631 1167 2701 imperasti;
1234 2628 1480 2685 defendit
1536 2634 1944 2700 argumentum.
2008 2627 2105 2684 Est

517 2719 664 2772 enim
701 2720 877 2789 majus
902 2731 957 2776 et
987 2720 1238 2784 uberius,
1270 2735 1432 2789 quam
1471 2727 1531 2773 ut
1563 2719 1811 2788 epistola:
1853 2719 2106 2775 terminis

517 2811 777 2866 concludi
812 2813 1014 2891 possit.
1031 2811 1270 2867 Omnino
1293 2811 1710 2867 consuetudinis
1731 2809 1881 2866 illius
1903 2812 2106 2868 oblitus

517 2919 646 2959 esse
681 2919 786 2959 non
820 2905 1009 2967 debes,
1042 2917 1168 2959 cum
1202 2903 1270 2959 ad
1305 2904 1495 2958 urbem
1533 2903 1786 2958 Antiochi
1820 2905 2108 2974 congressi

520 3006 754 3062 sumus,
789 3010 898 3066 quo
949 3004 1196 3066 tempore
1245 2995 1467 3066 petebas
1526 2993 1998 3066 Hierosolymam,
2047 3001 2121 3073 ut.

522 3097 876 3141 monumenta
909 3086 1117 3143 Christi
1150 3085 1641 3158 peregrinationis,
1681 3088 1811 3142 dum
1847 3089 1902 3142 in
1941 3101 2108 3145 carne

521 3184 691 3239 esset,
729 3177 1021 3241 inviseres,
1055 3193 1358 3249 eorumque
1393 3193 1735 3240 sermonum,
1767 3189 1908 3248 quos
1937 3179 2108 3235 variis

524 3271 592 3323 de
636 3271 800 3324 rebus
844 3271 990 3324 inter
1030 3286 1132 3325 nos
1166 3271 1528 3327 contulimus.
1564 3269 1752 3342 Neque
1783 3273 1929 3327 enim
1969 3286 2109 3326 con-

523 3374 748 3429 gressus
783 3361 875 3416 ille
905 3361 1107 3416 tacitus
1139 3377 1263 3416 esse
1287 3363 1485 3431 potuit,
1519 3375 1643 3418 cum
1679 3363 1966 3434 prudentia
2013 3373 2108 3418 tua

527 3450 883 3520 multiplicem
911 3451 1261 3521 colloquendi
1293 3452 1644 3507 occasionem
1674 3452 1996 3522 subjiceret.

599 3540 746 3594 Inter
787 3540 1180 3609 disputandum
1216 3543 1420 3614 igitur,
1461 3551 1519 3598 ut
1557 3545 1612 3598 in
1652 3544 1925 3613 ejusmodi
1968 3560 2106 3599 con-

2205 2537 2504 2608 κρηγορίαν
2550 2539 3009 2610 παρατεινόμενον
3031 2557 3046 2572 ο
3097 2539 3212 2594 ἀλλ’
3261 2543 3607 2612 ἀπολογεῖται
3647 2542 3789 2617 ὑπὲρ

2204 2626 2361 2697 ἡμῶν
2409 2629 2443 2698 ἡ
2499 2627 2765 2694 σύνθεσις,
2807 2624 2876 2701 ἦς
2907 2629 3092 2683 ἕνεκεν
3123 2631 3329 2702 γράψαι
3378 2637 3788 2704 παρεκελεύσω,

2206 2718 2405 2772 πλείων
2429 2716 2582 2784 οὖσα,
2623 2721 2656 2792 ἢ
2699 2724 2820 2774 κατ’
2851 2721 3136 2794 ἐπιστολῆς
3166 2725 3524 2795 συμμετρίαν.
3561 2727 3790 2790 Πάντως

2205 2811 2262 2864 δὲ
2283 2813 2382 2866 οὐκ
2413 2815 2748 2884 ἀμνημονεῖς
2777 2815 2877 2884 τῆς
2911 2815 3219 2885 συντυχίας,
3249 2816 3339 2870 ὅτε
3385 2819 3506 2870 κατ’
3533 2817 3697 2887 εὐχὴν
3729 2818 3790 2870 ἐν

2218 2903 2612 2974 Ἱεροσολύμοις
2629 2905 2916 2977 ὲπιφοιτᾷν
2944 2906 3171 2977 μέλλων,
3202 2908 3286 2976 ἐφ’
3304 2899 3349 2975 ᾧ
3371 2907 3441 2961 τὰ
3466 2910 3670 2978 σημεῖα
3689 2909 3792 2978 τῆς

2205 2995 2300 3048 τοῦ
2326 2996 2530 3066 Κυρίου
2556 2996 2645 3050 διὰ
2668 2997 2868 3069 σαρκὸς
2890 2999 3180 3068 ἐπιδημίας
3205 3000 3263 3053 ὲν
3286 3001 3399 3064 τοῖς
3427 3000 3619 3064 τύποις
3637 3001 3788 3067 ἰδεῖν,

2210 3085 2542 3158 συνέδραμόν
2569 3106 2672 3153 σοι,
2707 3091 2846 3143 κατὰ
2878 3089 2978 3161 τὴν
3014 3089 3284 3161 Ἀντιόχου
3309 3091 3462 3145 πόλιν
3489 3130 3505 3154 ,
3542 3092 3636 3144 καὶ
3656 3109 3790 3147 πανο

2206 3177 2368 3232 τοίων
2395 3178 2834 3249 ἁνακινουμένων
2868 3183 2999 3252 ἡμῖν
3028 3180 3203 3249 λόγων
3229 3197 3242 3210 ’
3271 3181 3389 3235 οὐδὲ
3415 3183 3524 3252 γὰρ
3554 3184 3700 3247 είκὸς
3721 3180 3790 3254 ἦν

2209 3271 2268 3322 ὲν
2294 3273 2472 3341 σιωπῇ
2506 3269 2600 3340 τὴν
2634 3274 2922 3341 συντυχίαν
2969 3267 3130 3327 εἶναι·
3176 3272 3376 3337 πολλὰς
3405 3273 3480 3344 τῷ
3518 3274 3662 3346 λόγῳ
3691 3274 3788 3338 τὰς

2210 3361 2465 3433 ἀφορμάς
2491 3365 2592 3434 τῆς
2623 3364 2722 3433 σῆς
2753 3366 3022 3428 συνέσεως
3043 3365 3461 3436 ὲπιόαλλοὺσης.

2283 3528 2385 3587 Οἷα
2409 3533 2465 3587 δὲ
2495 3533 2637 3604 φιλεῖ
2660 3535 2917 3599 πολλάκις
2945 3537 3002 3589 ὲν
3026 3535 3233 3600 τούτοις
3263 3534 3528 3604 γίνεσθαι,
3559 3536 3638 3598 είς
3659 3537 3792 3606 μνή-

520 3631 906 3700 gressionibus
959 3633 1050 3694 tit,
1096 3633 1152 3688 in
1201 3635 1536 3689 mentionem
1583 3636 1770 3704 proba:
1818 3637 2105 3705 cujusdam

2220 3641 2326 3696 μην
2369 3623 2482 3694 βίου
2527 3621 2671 3688 τινὸς
2724 3623 3011 3695 εὐδοκίμου
3062 3625 3301 3696 προῆλθε
3345 3625 3483 3695 ρέων
3519 3627 3547 3678 ὁ
3596 3624 3788 3693 λόγος*

523 3712 776 3774 Inulieris
817 3720 1138 3776 incidimus.
1191 3723 1246 3777 Si
1287 3731 1469 3777 tamen
1511 3738 1576 3777 ex
1613 3732 1807 3778 natura
1841 3727 2040 3781 mulier
2079 3743 2110 3781 a

526 3811 692 3865 nobis
725 3811 1053 3880 appellanda
1082 3821 1190 3880 est,
1225 3829 1346 3883 quae
1376 3821 1588 3868 naturae
1618 3815 1936 3873 conditione
1972 3834 2112 3888 pra:-

531 3902 765 3956 stautior
818 3901 939 3956 fuit.
984 3899 1108 3958 Non
1161 3911 1345 3959 autem
1391 3920 1457 3959 ex
1513 3906 1710 3961 alienis
1759 3910 2111 3968 sermonibus

529 3993 837 4048 narrationi
868 3993 1026 4050 fidem
1060 3995 1295 4052 faciebat
1335 3998 1534 4060 oratio,
1565 3998 1660 4052 sed
1701 3997 1995 4068 diligenter
2022 4017 2108 4070 ea,

529 4098 764 4156 quorum
795 4086 1138 4156 experientia
1174 4087 1438 4158 magistra
1490 4088 1701 4152 fuerat,
1743 4091 2112 4160 persequeba-

529 4186 643 4241 tur,
678 4186 732 4233 et
771 4177 910 4233 nihil
943 4177 1058 4234 fere
1091 4180 1277 4235 alieno
1311 4179 1534 4235 auditus
1561 4181 1880 4235 testimonio
1908 4181 2111 4235 confir-

531 4273 736 4327 mabat.
784 4270 970 4342 Neque
1006 4272 1153 4340 enim
1190 4274 1376 4344 virgo,
1410 4287 1518 4342 qua
1561 4273 1629 4327 de
1661 4274 1824 4326 verba
1872 4271 2112 4328 facieba-

530 4378 677 4426 mus,
708 4375 909 4430 genere
941 4363 1101 4418 nobis
1127 4371 1247 4419 erat
1271 4364 1580 4433 peregrina,
1618 4371 1677 4416 ut
1716 4378 1836 4432 quze
1867 4363 2109 4418 admira-

531 4455 664 4509 bilia
691 4454 760 4509 de
789 4453 880 4508 illa
904 4454 1136 4510 dicenda
1164 4463 1346 4518 erant,
1377 4469 1473 4524 per
1497 4455 1635 4510 alios
1657 4471 1756 4510 nos
1778 4469 2112 4526 cognoscere

530 4551 836 4614 oporteret,
866 4546 962 4599 sed
990 4546 1196 4601 eisdem
1222 4553 1344 4601 orta
1379 4547 1736 4616 parentibus:
1759 4547 1962 4617 quippe
1987 4563 2113 4618 quae

529 4643 794 4704 tauquam
841 4633 1056 4690 fructus
1111 4635 1479 4704 primitiarum
1531 4650 1599 4691 ex
1657 4643 1907 4691 materno
1955 4643 2112 4690 utero

531 4727 710 4795 prima
742 4725 1126 4795 pullulaverat.
1152 4725 1424 4792 Quoniam
1452 4727 1620 4798 igitur
1646 4728 1916 4783 bonorum
1940 4727 2112 4784 histo-

531 4817 669 4872 riam
699 4833 823 4874 esse
869 4817 1187 4887 frugiferam
1224 4818 1491 4874 censuisti
1515 4857 1530 4882 ,
1563 4835 1629 4874 ne
1673 4821 1799 4874 vita:
1825 4820 1972 4876 illius
2003 4821 2112 4875 vir-

531 4909 710 4982 ginis,
741 4925 863 4982 quae
905 4910 974 4965 ad
1019 4911 1274 4965 humanae
1305 4909 1530 4968 virtutis
1579 4911 1863 4982 fastigium
1897 4929 1993 4982 per
2025 4928 2113 4968 sa-

535 5001 754 5071 pientiae
789 5000 1031 5055 studium
1078 5001 1359 5071 pervenit,
1393 5001 1706 5070 exemplum
1742 5007 1993 5070 posteros
2032 5001 2114 5054 la-

532 5100 664 5156 teat,
701 5106 836 5145 neve
887 5091 1007 5146 sine
1054 5089 1236 5145 fructu
1294 5097 1538 5145 transeat
1589 5091 1930 5152 involutum,
1978 5089 2112 5143 mihi

535 5181 844 5237 faciendum
878 5182 1211 5245 existimavi,
1239 5188 1299 5236 ut
1321 5181 1416 5236 tibi
1447 5196 1719 5250 parerem,
1749 5188 1804 5233 et
1829 5181 2112 5250 incompo-

533 5273 640 5326 sita
692 5273 1044 5342 simplicique
1095 5273 1348 5327 oratione
1398 5271 1568 5325 vitam
1617 5271 1739 5340 ejus
1781 5285 1947 5340 quam
1989 5271 2113 5327 bre-

533 5362 760 5417 vissime
795 5378 1010 5433 possem
1050 5363 1406 5432 explicarem.

607 5450 860 5506 Macrine
900 5453 1097 5522 virgini
1141 5467 1342 5508 nomen
1381 5461 1498 5506 erat
1524 5492 1538 5516 ,
1583 5453 1663 5508 sic
1706 5469 1737 5509 a
1790 5459 2110 5526 parentibus

2211 3714 2349 3784 γυνὴ
2377 3713 2434 3766 δὲ
2464 3708 2532 3784 ἦν
2561 3711 2594 3785 ἦ
2635 3714 2728 3767 τοῦ
2761 3715 3096 3786 διηγήματος
3124 3716 3346 3786 ἀφορμή
3371 3732 3384 3745 ’
3423 3715 3580 3786 εἴπερ
3609 3717 3742 3783 γυνή
3773 3730 3788 3744 ο

2210 3805 2312 3858 οὐκ
2354 3801 2470 3858 οῖδα
2506 3805 2615 3873 γὰρ
2653 3806 2702 3857 εί
2725 3807 2933 3876 πρέπον
2963 3807 3110 3859 ἐστὶν
3161 3809 3223 3860 ὲκ
3254 3807 3354 3876 τῆς
3379 3805 3592 3876 φύσεως
3623 3804 3792 3876 αὐτὴν

2212 3897 2523 3967 ὀνομάζειν,
2569 3898 2668 3969 τὴν
2711 3898 2822 3952 ἄνω
2851 3899 3155 3971 γενομένην
3201 3901 3299 3970 τῆς
3344 3899 3577 3970 φύσεως.
3625 3899 3700 3951 Τὸ
3733 3899 3794 3952 δὲ

2210 3991 2456 4062 διήγημα
2495 3993 2624 4061 ἡμῖν
2664 3992 2762 4044 οὐκ
2799 3987 2859 4056 ἐξ
2889 3989 3062 4060 ἀκοῆς
3102 3992 3304 4062 ἑτέρων
3331 3991 3686 4063 διηγημάτων
3729 3989 3793 4042 τὸ

2212 4083 2402 4135 πιστὸν
2429 4076 2574 4152 εἶχεν
2598 4098 2611 4113 °
2646 4082 2761 4136 ἀλλ’
2791 4076 2866 4136 ὧν
2893 4086 2926 4153 ἡ
2954 4087 3118 4155 πεῖρα
3149 4083 3465 4147 διδάσκαλος
3499 4079 3588 4155 ἦν,
3620 4082 3794 4137 ταῦτα

2211 4173 2278 4228 δι’
2309 4171 2598 4245 ἀκριϐείας
2628 4173 2845 4246 ἐπεξῄει
2878 4176 2906 4226 ὀ
2935 4173 3110 4242 λόγος,
3145 4177 3222 4237 εἰς
3257 4175 3408 4227 οὐδὲν
3439 4175 3613 4246 ἀκοὴν
3638 4176 3794 4229 ἀλλο-

2210 4266 2365 4337 τρίαν
2409 4265 2966 4340 ὲπιμαρτυρούμενος.
2999 4268 3131 4320 Οὐδὲ
3179 4268 3287 4340 γὰρ
3318 4267 3443 4337 ξένη
3481 4266 3574 4320 τοῦ
3603 4267 3792 4337 γένους

2218 4358 2366 4429 ἡμῶν
2400 4361 2433 4429 ἡ
2467 4359 2895 4430 μνημονευθεῖσα
2939 4359 3228 4431 παρθένος,
3263 4361 3338 4424 ὡς
3379 4361 3626 4431 ἀνάγκην
3654 4356 3792 4414 εἶναι

2212 4451 2278 4503 δι’
2305 4451 2504 4523 ἐτέρων
2531 4450 2822 4520 γινώσκειν
2868 4453 2936 4506 τὰ
2970 4453 3088 4504 κατ’
3119 4452 3332 4521 ἐκείνην
3355 4451 3629 4521 θαύματα,
3677 4450 3792 4505 ἀλλ’

2213 4543 2277 4595 ὲκ
2309 4543 2417 4596 τῶν
2447 4544 2625 4596 αὐτῶν
2656 4545 2788 4613 ἡμῖν
2835 4543 3058 4610 γονέων,
3087 4544 3274 4614 ὥσπερ
3304 4560 3386 4604 τις
3411 4543 3633 4613 ἀπαρχὴ
3660 4559 3796 4614 καρ⁸

2214 4634 2367 4697 πῶν,
2414 4633 2605 4705 πρώτη
2655 4635 2752 4704 τῆς
2788 4633 3046 4704 μητρῴας
3078 4633 3266 4704 νηδύος
3313 4634 3791 4707 ἀναϐλαστῆσασα.

2226 4725 2379 4776 Ἐπεὶ
2406 4719 2498 4777 οὖν
2523 4725 2846 4793 ἐδοκίμασας
2877 4724 3060 4794 φέρειν
3086 4741 3139 4776 τι
3172 4723 3360 4794 κέρδος
3397 4724 3494 4796 τὴν
3521 4725 3630 4778 τῶν
3658 4727 3796 4795 άγα-

2215 4817 2324 4870 θῶν
2361 4815 2600 4886 ἱστορίαν
2625 4832 2642 4848 ο
2691 4815 2766 4879 ὼς
2795 4815 2860 4869 ἂν
2896 4815 2970 4887 μὴ
2996 4815 3148 4869 λάθοι
3177 4816 3270 4870 τὸν
3297 4817 3439 4872 κατὰ
3472 4817 3645 4872 ταῦτα
3670 4819 3797 4889 χρό-

2214 4926 2304 4963 νον
2331 4911 2360 4962 ὁ
2393 4907 2632 4970 τοιοῦτος
2665 4906 2797 4977 βίος,
2832 4907 2968 4978 μηδὲ
2995 4907 3277 4980 ἀνωφελὴς
3322 4910 3674 4982 παραδράμοι
3706 4909 3797 4966 διὰ

2216 4998 2426 5068 σιωπῆς
2471 4997 2907 5066 συγκαλυφθεῖσα
2957 4999 2990 5069 ἡ
3042 4999 3180 5071 πρὸς
3215 5000 3305 5052 τὸν
3347 5001 3649 5073 ἀκρότατον
3695 5001 3797 5071 τῆς

2214 5089 2562 5160 ἀνθρωπίνης
2607 5088 2809 5159 ἀρετῆς
2837 5089 2963 5160 ὅρον
2990 5089 3188 5160 ἑαυτὴν
3220 5090 3308 5143 διὰ
3351 5092 3669 5160 φιλοσοφίας
3700 5093 3796 5144 ἐπ-

2215 5182 2418 5252 άρασα,
2454 5181 2630 5244 καλῶς
2659 5180 2724 5234 ἂν
2752 5180 2894 5250 ἔχειν
2921 5181 3128 5253 ᾠήθην,
3162 5183 3244 5235 σοί
3272 5199 3330 5236 τε
3361 5184 3666 5254 πεισθῆναι,
3701 5183 3796 5234 καὶ

2213 5274 2278 5327 δι’
2301 5273 2514 5340 ὀλίγων,
2537 5273 2612 5336 ὡς
2641 5273 2707 5328 ἂν
2732 5269 2842 5337 οἷός
2873 5290 2931 5326 τε
2957 5267 3024 5336 ὦ,
3051 5273 3120 5327 τὰ
3145 5276 3266 5328 κατ’
3289 5275 3458 5346 αὐτὴν
3491 5275 3794 5345 ἱστορῆσαι,

2213 5368 2271 5419 ὲν
2303 5364 2661 5435 ἁκατασκεύῳ
2693 5383 2750 5419 τε
2778 5365 2872 5419 καὶ
2895 5365 3052 5436 άπλῷ
3083 5364 3400 5437 διηγήματι.

2277 5456 2532 5527 Μακρίνα
2558 5451 2626 5527 ἦν
2664 5457 2833 5528 ὄνομα
2865 5460 2931 5528 τῇ
2976 5457 3230 5528 παρθένῳ
3251 5473 3263 5486 ·
3309 5459 3592 5527 εὐδόκιμος
3617 5457 3675 5510 δέ
3711 5473 3795 5520 τις

535 5544 856 5615 appellatae,
898 5544 1047 5614 quod
1087 5545 1220 5600 olim
1267 5545 1501 5616 insignis
1547 5547 1796 5617 quaedam
1832 5550 1886 5604 in
1921 5560 2110 5605 nostra

2211 5549 2372 5604 πάλαι
2398 5548 2540 5604 κατὰ
2558 5549 2617 5603 τὸ
2643 5549 2797 5618 γένος
2821 5545 2889 5622 ἦν
2909 5552 2942 5621 η
2959 5549 3234 5620 Μακρίνα,
3260 5550 3443 5622 μήτηρ
3469 5549 3562 5604 τοῦ
3589 5546 3794 5618 πατρὸς

610 5728 689 5801 (l)
724 5728 818 5788 Est
851 5729 1082 5802 cpistola
1108 5726 1232 5802 ejus
1259 5731 1325 5788 ad
1347 5729 1656 5804 Olympium
1681 5738 2026 5793 monachum.
