4092 6368
381 314 476 369 96!

1618 321 1707 381 DE
1737 320 1898 379 VITA
1934 322 1992 379 S.
2032 318 2386 381 MACRINIE.

3511 331 3619 396 9'3"!

381 426 541 495 ἡμῶν
566 425 932 496 γεγενημένη,
953 428 1070 491 ταῖς
1102 426 1246 500 ὑπὲρ
1267 429 1502 502 Χριστοῦ
1533 432 1842 504 ὁμολογίαις
1877 435 1941 506 τὸξ

2058 435 2265 490 familia
2307 435 2547 491 Macrine
2577 438 2779 506 luerat,
2808 440 2981 510 patris
3010 441 3185 497 nostri
3212 443 3464 500 videlicet
3507 463 3621 503 ma-

382 516 558 586 καιρῴ
580 516 689 569 τῶν
709 516 962 586 διωγμῶν
985 518 1343 590 έναθλήσασα,
1363 521 1398 591 ἢ
1420 522 1779 594 ἐπωνομάσθη
1800 527 1951 595 παρὰ

380 605 487 658 τῶν
511 607 713 674 γονέων
736 608 769 676 ἡ
802 609 948 670 παῖς.
992 609 1152 663 Ἀλλὰ
1174 610 1331 664 τοῦτο
1357 612 1454 681 μὲν
1475 607 1543 682 ἦν
1565 612 1622 666 ὲν
1649 613 1868 686 φανερῷ
1890 615 1951 668 τὸ

379 695 587 764 ὄνομα,
644 696 704 748 τὸ
756 696 907 765 παρὰ
958 698 1066 750 τῶν
1115 702 1491 767 γινωσκόντων
1533 703 1946 774 ὀνομαζόμενον.

381 785 605 855 Ἕτερον
629 786 686 838 δὲ
716 788 855 840 κατὰ
882 789 941 841 τὸ
974 789 1194 860 λεληθὸς
1211 792 1347 862 αὐτῇ
1373 793 1732 864 ἐπεκέκλητοο
1768 794 1796 849 ὃ
1820 796 1950 865 πρὶν

381 875 552 929 ἐλθεῖν
581 876 671 928 διὰ
708 878 817 929 τῶν
850 878 1053 933 ὠδίνων
1083 882 1163 943 είς
1190 880 1326 950 φῶς,
1370 882 1435 936 ἐκ
1461 902 1604 948 τινος
1633 886 1949 954 ἐπιφανείας

378 970 741 1041 ἐπωνομάσθη
765 988 780 1003 ο
813 967 879 1040 ἦν
911 974 1018 1043 γὰρ
1056 973 1119 1043 δὴ
1155 975 1379 1047 τοιαύτη
1418 978 1538 1029 κατ’
1568 979 1765 1049 ἀρετὴν
1798 980 1945 1050 καὶὴ

380 1063 564 1132 μήτηρ
586 1101 601 1126 ,
650 1062 726 1124 ὡς
767 1064 1040 1133 πανταχοῦ
1068 1065 1147 1135 τῷ
1173 1066 1302 1137 θείῳ
1332 1067 1633 1139 βουλήματι
1677 1087 1948 1141 χειραγω-

376 1153 587 1219 γεῖσθαι
614 1170 629 1186 ’
677 1155 1036 1227 διαφερόντως
1059 1156 1117 1210 δὲ
1149 1158 1248 1228 τὴν
1290 1159 1535 1230 καθαράν
1558 1177 1617 1212 τε
1639 1160 1732 1213 καὶ
1761 1160 1950 1231 ἀκηλί-

375 1243 541 1297 δωτον
577 1244 670 1298 τοῦ
702 1244 817 1315 βίου
846 1246 1119 1318 διαγωγὴν
1159 1249 1484 1318 ἡσπασμένη
1510 1291 1526 1314 ,
1568 1250 1646 1313 ὡς
1683 1251 1817 1322 μηδὲ
1858 1251 1947 1303 τὸν

377 1333 551 1401 γάμον
580 1333 839 1397 ἑκουσίως
867 1333 1098 1389 ἑλέσθαι.
1141 1335 1279 1388 Ἀλλ’
1312 1337 1497 1409 ἐπειδὴ
1521 1337 1731 1409 ὀρφανὴ
1757 1339 1854 1409 μὲν
1888 1339 1947 1406 ἐξ

378 1422 700 1494 ἀμφοτέρων
728 1421 796 1496 ἦν
819 1441 833 1457 ·
876 1426 1168 1497 ὑπερήνθει
1195 1427 1252 1480 δὲ
1277 1431 1343 1499 τῇ
1377 1427 1496 1500 ὥρᾳ
1529 1429 1624 1483 τοῦ
1653 1429 1902 1500 σώματος
1928 1446 1943 1460 ⁸

378 1514 473 1567 καὶ
504 1512 730 1577 πολλοὺς
764 1517 797 1585 ὴ
832 1515 989 1585 φήμη
1025 1516 1125 1586 τῆς
1156 1517 1454 1589 εὐμορφίας
1492 1519 1627 1592 πρὸς
1674 1519 1773 1589 τὴν
1814 1537 1946 1592 μνη-

375 1604 558 1657 στείαν
588 1604 874 1674 συνήγειρε
893 1621 906 1634 ο
948 1603 1189 1669 κίνδυνος
1228 1605 1285 1659 δὲ
1313 1602 1403 1677 ἦν,
1439 1608 1486 1660 εί
1519 1609 1593 1679 μὴ
1624 1608 1761 1662 κατὰ
1791 1607 1947 1661 ἐκού-

374 1694 490 1747 σιόν
524 1711 629 1747 τινι
660 1693 1080 1765 συναρμοσθείη,
1109 1695 1301 1749 παθεῖν
1330 1714 1382 1750 τι
1414 1697 1517 1750 τῶν
1548 1698 1858 1769 ἀϐουλήτων
1887 1699 1946 1764 ἐξ

372 1786 655 1854 ἐπηρείας,
694 1786 829 1856 πρὸς
858 1787 1111 1856 ἁρπαγὰς
1145 1788 1680 1859 παρεσκευασμένων
1693 1791 1799 1841 τῶν
1822 1792 1942 1843 ἐπι·
1976 1783 2015 1837 Β

376 1876 693 1946 μεμηνότων
706 1876 782 1946 τῷ
801 1877 1006 1931 κάλλει’
1024 1878 1112 1931 διὰ
1132 1878 1288 1931 τοῦτο
1306 1878 1530 1950 ἑλομένη
1546 1880 1634 1933 τὸν
1646 1882 1739 1934 ἐπὶ
1759 1897 1816 1933 σε
1825 1881 1945 1949 μνό-

372 1984 492 2036 τητι
525 1967 642 2037 βίου
679 1969 1073 2040 γνωριζόμενόν
1098 1986 1159 2022 τε
1184 1970 1278 2023 καὶ
1310 1972 1769 2043 μαρτυρούμενον,
1802 1972 1941 2027 ὥστε

371 2057 587 2127 φύλακα
632 2059 929 2131 κτήσασθαι
977 2061 1075 2131 τῆς
1126 2062 1257 2125 ίδίας
1296 2061 1439 2134 ζωῆς
1465 2103 1479 2128 ,
1535 2063 1695 2128 εὐθὺς
1737 2066 1793 2117 ὲν
1822 2067 1942 2129 ταῖς

372 2154 614 2226 πρώταις
643 2153 814 2217 ὠδῖσι,
856 2152 1059 2222 ταύτης
1088 2154 1297 2222 γίνεται
1347 2157 1567 2227 μήτηρ’
1617 2157 1708 2209 καὶ
1755 2157 1941 2228 ἐπειδὴ

372 2245 551 2315 παρῆν
579 2246 607 2297 ὀ
646 2244 855 2314 καιρὸς,
890 2242 1012 2297 καθ’
1042 2242 1101 2295 ὃν
1136 2244 1243 2297 ἔδει
1271 2244 1498 2315 λυθῆναι
1545 2245 1641 2315 τὴν
1678 2246 1840 2299 ὠδῖνα
1865 2248 1942 2317 τῷ

369 2336 531 2405 τόκῳ,
576 2336 655 2400 είς
686 2335 851 2389 ὕπνον
883 2341 1173 2407 τραπεῖσα,
1211 2339 1393 2411 φέρειν
1434 2341 1605 2394 ἐδόκει
1635 2341 1723 2395 διὰ
1760 2341 1942 2413 χειρὸς

367 2426 430 2480 τὸ
456 2426 530 2489 ὥς
551 2444 603 2480 τι
638 2427 743 2479 ὑπὸ
768 2428 876 2481 τῶν
904 2429 1223 2499 σπλάγχνων
1252 2432 1637 2502 περιεχόμενον
1658 2450 1672 2464 ο
1708 2434 1799 2486 καί
1821 2451 1940 2486 τινα

368 2517 426 2570 ιν
450 2517 576 2569 εἴδει
603 2520 696 2570 καὶ
726 2520 963 2589 σχήματι
1000 2520 1580 2594 μεγαλοπρεπεστέρῳ,
1622 2524 1653 2577 ἢ
1684 2524 1824 2578 κατὰ
1845 2526 1940 2579 ἆν-

371 2608 589 2679 θρωπον
631 2611 988 2677 ἐπιφανέντα,
1040 2615 1353 2683 προσειπεῖν
1401 2614 1498 2685 τὴν
1531 2614 1940 2687 βασταζομένην

368 2701 433 2753 ὲκ
466 2700 559 2753 τοῦ
586 2701 845 2772 ὀνόματος
874 2702 1081 2773 Θέκλην
1107 2721 1121 2734 ο
1170 2704 1378 2775 Θέκλης
1409 2706 1641 2777 ἐκείνης,
1675 2702 1742 2778 ἧς
1775 2708 1940 2772 πολὺς

368 2794 427 2846 ὲν
455 2795 575 2856 ταῖς
604 2793 891 2863 παρθένοις
916 2794 944 2846 ὁ
977 2794 1153 2863 λόγος.
1198 2797 1508 2867 Ποιήσαντα
1554 2798 1611 2850 δὲ
1653 2799 1809 2851 τοῦτο
1846 2800 1939 2853 καὶ

369 2884 815 2955 μαρτυρούμενον
840 2886 917 2948 εἰς
949 2885 1091 2956 τρὶς,
1129 2887 1461 2956 μεταστῆναι
1490 2888 1597 2940 τῶν
1622 2888 1815 2958 ὅψεων,
1844 2890 1940 2945 καὶ

364 2974 550 3028 δοῦναι
578 2979 644 3046 τῇ
671 2977 818 3030 ὠδῖνι
846 2976 944 3046 τὴν
972 2976 1218 3029 εὐκολίαν
1237 3016 1251 3042 ,
1300 2976 1374 3041 ὼς
1401 2977 1536 3047 ὁμοῦ
1563 2996 1617 3032 τε
1645 2980 1738 3032 τοῦ
1770 2980 1937 3033 ὕπνου

364 3066 535 3161 αύτὴν
558 3066 859 3137 διαστῆναι,
885 3066 978 3121 καὶ
1004 3067 1066 3121 τὸ
1098 3068 1343 3121 ἐνύπνιον
1378 3068 1525 3139 ῦπαρ
1560 3071 1704 3123 ἰδεῖν.
1743 3071 1815 3123 Τὸ
1839 3072 1936 3141 μὲν
1965 3103 2009 3161 c

364 3152 457 3210 οὖν
482 3156 651 3226 ὄνομα
670 3156 729 3209 τὸ
756 3159 1133 3228 κεκρυμμένον
1158 3158 1331 3210 ἐκεῖνο
1352 3153 1437 3229 ἦν.
1471 3162 1628 3212 Δοκεῖ
1653 3158 1708 3211 δέ
1739 3176 1828 3229 μοι
1860 3160 1936 3229 μὴ

363 3248 614 3302 τοσοῦτον
647 3248 782 3320 πρὸς
828 3249 926 3319 τὴν
975 3248 1338 3319 ὀνομαστικὴν
1383 3249 1574 3319 κλῆσιν
1600 3250 1811 3320 ὁδηγῶν
1840 3251 1939 3321 τὴν

365 3338 691 3409 γειναμένην
731 3340 759 3391 ό
785 3339 1065 3406 ἐπιφανεὶς
1097 3339 1253 3391 τοῦτο
1290 3340 1731 3411 προφοέγξασθαι
1757 3358 1771 3371 °
1804 3340 1937 3395 ἀλλὰ

364 3428 456 3481 τὸν
501 3428 614 3497 βίον
658 3430 938 3499 προειπεῖν
985 3429 1085 3498 τῆς
1117 3430 1263 3495 νέας,
1296 3431 1391 3484 καὶ
1421 3430 1518 3500 τὴν
1550 3431 1646 3500 τῆς
1678 3431 1937 3503 προαιρέο

368 3536 505 3583 σεως
531 3520 821 3589 ὁμοιότητα
853 3518 941 3574 διὰ
967 3523 1066 3590 τῆς
1098 3521 1416 3592 ὁμωνυμίας
1446 3521 1829 3587 ἐπιδείξασθαι.

435 3609 706 3680 Τρέφεται
746 3610 923 3663 τοίνυν
954 3611 1017 3664 τὸ
1058 3611 1267 3665 παιδίον
1294 3629 1310 3644 ⁸
1355 3611 1519 3683 οῦσης
1548 3613 1645 3682 μὲν
1670 3613 1816 3685 αὐτῷ
1845 3614 1938 3667 καῖ⁵

364 3704 587 3773 τιθήνης
620 3702 775 3767 ἰδίας,
807 3702 877 3756 τὰ
901 3702 957 3756 δὲ
986 3702 1155 3755 πολλὰ
1183 3703 1280 3773 τῆς
1312 3703 1514 3774 μητρὸς
1547 3704 1603 3755 ὲν
1627 3706 1747 3767 ταῖς
1781 3706 1936 3775 χερσὶ

362 3799 482 3859 ταῖς
515 3796 669 3859 ἰδίαις
698 3795 1107 3867 τιθηνουμένης.
1154 3795 1468 3866 Ὑπερΰᾶσα
1497 3794 1555 3847 δὲ
1585 3794 1681 3866 τὴν
1707 3796 1814 3850 τῶν
1839 3813 1935 3868 νη-

364 3888 505 3941 πίων
531 3887 780 3958 ἡλικίαν,
824 3887 1069 3958 εὐμαθὴς
1111 3883 1179 3957 ἦν
1226 3886 1335 3939 τῶν
1369 3886 1633 3941 παιδικῶν
1682 3886 1936 3958 μαθημά-

362 3995 470 4033 των
494 3994 508 4010 ⁶
538 3980 631 4033 καὶ
651 3979 785 4051 πρὸς
815 3980 950 4051 ὅπερ
978 3979 1043 4034 ἂν
1068 3981 1101 4050 ή
1128 3979 1237 4033 τῶν
1263 3980 1463 4048 γονέων
1489 3980 1667 4051 κρίσις
1692 3975 1793 4049 ἦγε
1829 3981 1934 4050 μά-

364 4071 547 4141 θημα,
598 4072 717 4126 κατ’
747 4074 921 4126 ἐκεῖνο
952 4074 987 4141 ἡ
1014 4072 1172 4141 φύσις
1200 4072 1298 4141 τῆς
1329 4071 1454 4135 νέας
1484 4071 1797 4142 διέλαμπεν.
1827 4068 1935 4125 Ἦν

364 4161 423 4215 δὲ
454 4166 519 4233 τῇ
565 4164 731 4233 μητρὶ
778 4162 1001 4234 σπουδὴ,
1034 4161 1319 4216 παιδεῦσαι
1347 4162 1444 4233 μὲν
1472 4164 1569 4234 τὴν
1604 4164 1767 4216 παῖδα
1793 4179 1808 4193 ⁸
1860 4162 1937 4234 μὴ

366 4256 465 4323 μέν
485 4272 565 4308 τοι
594 4256 691 4325 τὴν
716 4255 911 4321 ἑξωθεν
952 4255 1152 4323 ταύτην
1184 4255 1275 4307 καὶ
1305 4255 1588 4321 ἐγκύκλιον
1623 4255 1934 4318 παίδευσιν,

363 4346 453 4415 ἣν,
485 4346 560 4408 ὡς
589 4346 655 4398 τὰ
686 4345 876 4417 πολλὰ,
906 4345 994 4399 διὰ
1020 4347 1128 4397 τῶν
1160 4346 1475 4415 ποιημάτων
1501 4347 1558 4399 αἱ
1585 4344 1795 4416 πρῶται
1829 4344 1936 4398 τῶν

2054 537 2156 593 ter,
2194 542 2318 597 quze
2354 537 2598 598 tempore
2626 532 3069 599 persecutionum
3111 548 3209 603 pro
3240 535 3444 590 Christi
3484 552 3620 591 cou-

2051 615 2291 672 fessione
2330 627 2684 690 pugnaverat.
2731 619 2847 675 Hoc
2880 622 3100 695 quidem
3136 624 3356 693 vulgato
3394 627 3619 683 nomine

2051 719 2082 758 a
2120 705 2480 764 familiaribus
2514 708 2813 764 vocabatur
2844 728 2857 763 :
2894 711 2991 765 sed
3038 726 3298 769 arcanum
3332 722 3387 770 et
3422 731 3624 772 recon-‘

2050 794 2222 849 ditum
2256 798 2489 851 alterum
2518 798 2755 854 habebat
2783 816 3002 869 nomen,
3028 818 3139 875 quo
3162 819 3259 873 per
3289 805 3466 861 visum
3495 807 3616 862 fue-

2050 893 2136 939 rat
2188 887 2451 957 insignita
2510 891 2834 960 priusquam
2884 891 2939 946 in
3007 894 3183 947 lucem
3229 909 3259 948 a
3311 906 3487 952 matre
3520 910 3624 967 per

2049 976 2272 1033 dolores
2313 979 2587 1035 ederetur.
2621 980 2756 1033 Nam
2789 981 2908 1051 ipsa
2942 999 3159 1054 quoque
3196 995 3373 1041 mater
3406 1002 3472 1042 ea
3500 989 3614 1041 vir-

2049 1075 2167 1121 tute
2196 1079 2334 1135 erat,
2373 1081 2429 1126 ut
2457 1073 2689 1129 consilio
2720 1072 2815 1128 Dei
2849 1090 2970 1130 sese
3007 1077 3061 1130 in
3092 1078 3348 1133 omnibus
3382 1088 3619 1150 regeret,

2050 1174 2352 1229 puramque
2379 1170 2432 1217 et
2463 1164 2727 1234 integram
2762 1166 2979 1221 vivendi
3015 1170 3286 1225 rationem
3322 1170 3376 1224 in
3424 1171 3618 1241 primis

2049 1251 2324 1319 diligeret,
2363 1254 2499 1309 adeo
2530 1265 2586 1309 ut
2620 1272 2726 1310 non
2763 1266 2977 1326 sponte,
3016 1261 3111 1317 sed
3146 1261 3315 1315 invita
3349 1263 3618 1333 quodam-

2048 1344 2210 1399 modo
2252 1348 2502 1415 nupserit
2536 1365 2551 1402 :
2595 1351 2796 1403 etenim
2829 1367 2951 1405 eum
2994 1362 3225 1424 utroque
3256 1363 3481 1423 parente
3525 1371 3618 1409 or-

2048 1434 2174 1488 bata
2226 1435 2282 1489 in
2331 1436 2451 1507 ipso
2491 1447 2638 1494 esset
2678 1442 2856 1495 artatis
2887 1440 3052 1504 flore,
3086 1442 3339 1515 famaque
3370 1445 3616 1516 pulchri-

2050 1524 2256 1583 tudinis
2312 1530 2550 1591 multos,
2608 1540 2666 1585 ut
2711 1546 2829 1584 eam
2881 1532 2985 1587 sibi
3033 1549 3258 1587 uxorem
3309 1544 3616 1603 cuperent,

2048 1616 2323 1682 incitaret,
2359 1628 2412 1673 et
2450 1620 2747 1689 periculum
2784 1632 2931 1679 esset
2962 1624 3065 1678 nisi
3100 1626 3289 1679 volens
3330 1627 3383 1679 in
3421 1628 3614 1680 matri-

2049 1712 2234 1764 monio
2281 1711 2515 1781 cuipiam
2558 1713 2942 1779 collocaretur,
2990 1732 3058 1795 ne
3105 1732 3201 1787 per
3236 1716 3345 1775 vim
3396 1716 3610 1771 adversi

2044 1801 2251 1870 aliquid
2283 1802 2331 1856 ei
2377 1801 2719 1874 contingeret
2750 1803 2919 1875 (nam
2964 1808 3084 1874 ejus
3138 1806 3310 1860 forma
3351 1807 3496 1876 capti
3542 1800 3617 1861 ad

2043 1893 2293 1960 rapinam
2340 1894 2720 1966 speetabant),
2768 1905 2827 1951 ut
2871 1897 3037 1952 saluti
3090 1898 3441 1963 consuleret,
3488 1897 3620 1951 vita:

2043 1985 2309 2053 gravitate
2338 1994 2644 2055 spectatum
2688 1987 3244 2057 commendatumque
3287 1986 3463 2042 virum
3502 1987 3613 2041 sibi

2042 2073 2227 2143 elegit,
2260 2076 2546 2145 primoque
2566 2088 2724 2146 partu
2755 2077 2984 2146 hujusce
3005 2090 3088 2132 est
3113 2078 3255 2132 facta
3280 2085 3473 2132 mater.
3510 2077 3614 2132 Ve-

2044 2180 2163 2219 rum
2197 2182 2322 2220 eum
2362 2168 2605 2236 pariendi
2638 2176 2852 2239 tempus
2884 2171 3144 2233 instaret,
3176 2185 3372 2223 somno
3408 2184 3611 2225 conso-

2041 2261 2175 2327 pita,
2214 2275 2376 2313 manu
2408 2270 2620 2331 gestare
2655 2262 2759 2316 sibi
2794 2262 2910 2316 visa
2941 2272 3025 2317 est
3059 2261 3112 2315 id
3139 2262 3281 2331 quod
3314 2261 3493 2316 adhuc
3526 2262 3612 2317 in-

2042 2360 2125 2406 tra
2151 2351 2361 2406 viscera
2394 2351 2727 2417 continebat,
2749 2360 2803 2408 et
2831 2352 3121 2422 quemdam
3151 2353 3392 2406 humana
3426 2354 3611 2423 specie

2040 2450 2094 2497 et
2130 2441 2302 2496 forma
2342 2443 2714 2514 augustiorem
2746 2443 2974 2507 intueri,
3012 2444 3105 2514 qui
3137 2441 3353 2498 Thecla:
3386 2444 3611 2497 uomin-i

2043 2532 2262 2585 liliolam
2298 2532 2624 2602 appellavit,
2656 2532 2905 2599 Theclae,
2956 2533 3181 2606 inquam
3207 2571 3225 2597 ,
3270 2534 3420 2587 illius
3466 2533 3612 2587 inter

2040 2631 2308 2695 martyres
2340 2624 2713 2679 celeberrimae
2748 2644 2761 2678 :
2794 2624 2845 2678 id
2881 2632 3061 2680 autem
3092 2639 3215 2679 cum
3244 2633 3329 2678 ter
3356 2632 3610 2693 repetens

2041 2722 2300 2769 testatqu
2320 2714 2941 2784 reliquisset,discessit.
2962 2714 3037 2767 Ea
3058 2729 3187 2768 vero
3212 2714 3395 2771 statim
3414 2728 3609 2770 somno

2040 2808 2217 2863 soluta
2247 2813 2354 2868 est,
2383 2814 2437 2859 et
2471 2813 2629 2874 partu
2661 2803 2822 2859 facile
2850 2805 3045 2867 levata,
3072 2812 3129 2857 ut
3153 2813 3205 2858 et
3232 2819 3424 2859 somno
3445 2805 3609 2859 simul

2039 2896 2278 2950 excitata
2318 2896 2410 2957 sit,
2452 2904 2505 2949 et
2537 2893 2682 2964 quod
2729 2893 2783 2946 in
2825 2894 3011 2962 quiete
3068 2894 3312 2955 viderat,
3351 2892 3607 2948 effectura

2040 2984 2363 3055 inspexerit.
2391 2985 2664 3040 Arcanum
2693 2985 2855 3055 igitur
2878 2999 3074 3038 nomen
3111 2985 3217 3038 hoc
3248 2984 3323 3037 illi
3354 2984 3475 3038 fuit.
3512 2982 3607 3036 Vi-

2039 3074 2200 3129 detur
2238 3082 2421 3130 autem
2454 3076 2597 3129 'milii
2627 3075 2695 3141 is,
2722 3075 2815 3144 qui
2850 3091 2945 3145 per
2984 3076 3227 3145 quietem
3256 3089 3605 3149 apparuerat,

2036 3181 2158 3221 eam
2214 3181 2398 3222 vocem
2452 3168 2874 3235 pronuntiasse,
2924 3182 3033 3221 non
3085 3176 3232 3231 tam,
3264 3175 3322 3221 ut
3358 3182 3468 3238 quo
3508 3184 3608 3223 no.-

2039 3259 2188 3313 mine
2226 3257 2548 3326 appellanda
2585 3268 2757 3323 esset,
2788 3257 3076 3317 iudicaret,
3114 3272 3278 3327 quam
3315 3266 3375 3313 ut
3414 3258 3607 3313 siiuili-
3652 3242 3653 3245 η

2038 3348 2227 3400 tudine
2272 3348 2515 3403 nouiiuis
2560 3346 2703 3403 idem
2736 3347 3052 3403 ostenderet
3103 3348 3320 3403 vivendi
3362 3346 3605 3405 studium

2036 3443 2089 3489 et
2112 3435 2445 3490 institutum.

2108 3607 2388 3663 Educatur
2416 3626 2546 3681 ergo
2575 3611 2817 3682 puellula
2850 3618 2903 3665 et
2938 3627 3250 3680 quanquam
3283 3614 3499 3683 propria
3528 3614 3601 3668 illi

2036 3702 2221 3753 nutrix
2258 3702 2469 3765 aderat,
2499 3708 2681 3756 tamen
2718 3702 2771 3754 in
2805 3705 3060 3757 manilius
3097 3703 3209 3759 fere
3244 3708 3437 3760 matris
3471 3698 3606 3760 enu-

2033 3790 2466 3844 triebatur.Cum
2491 3798 2673 3846 autem
2692 3791 2936 3849 infantia:
2956 3802 3169 3848 aetatem
3192 3810 3339 3851 esset
3360 3814 3602 3867 egressa,

2034 3880 2267 3933 docilem
2300 3879 2592 3933 admodum
2627 3889 2877 3935 naturam
2920 3883 2975 3936 in
3010 3882 3389 3951 perdiscendis
3425 3889 3606 3955 pueri-

2035 3972 2182 4026 libus
2212 3971 2321 4024 illis
2354 3971 2622 4026 institutis
2646 3987 2756 4042 praa
2789 3987 2847 4026 se
2880 3973 3040 4037 tulit;
3077 3975 3342 4043 quidquid
3376 3976 3520 4029 enim
3554 3976 3603 4029 ei

2036 4061 2357 4117 discendum
2396 4071 2650 4130 parentes
2680 4063 3034 4127 iudicabant,
3080 4063 3133 4116 in
3178 4078 3244 4117 eo
3285 4065 3478 4135 puellae
3517 4066 3603 4117 iu-

2037 4154 2253 4223 genium
2286 4154 2606 4208 excellebat.
2658 4153 2923 4209 Studebat
2965 4162 3146 4207 autem
3188 4163 3362 4208 mater
3393 4164 3451 4207 ut
3498 4156 3606 4209 tilia

2036 4247 2387 4312 erudiretur,
2435 4247 2530 4300 sed
2576 4245 2689 4299 'non
2734 4246 2839 4300 ista
2874 4253 3056 4301 tamen
3099 4254 3327 4300 externa
3360 4245 3607 4315 discipli-

2037 4353 2231 4391 narum
2261 4338 2438 4399 serie,
2470 4352 2576 4406 qua
2611 4337 2930 4407 plerumque
2955 4352 3021 4391 ex
3055 4346 3338 4406 poetarum
3372 4337 3608 4390 lectione

365 4438 767 4506 παιδευομένων
786 4437 991 4507 ἡλικίαι
1013 4437 1374 4491 διδάσκονται.
1396 4437 1627 4505 Αἰσχρὸν
1648 4436 1756 4507 γὰρ
1776 4436 1930 4506 ᾣετο,

2041 4431 2229 4500 primae
2252 4430 2583 4484 discentium
2608 4436 2799 4483 aetates
2818 4429 3139 4481 imbuuntur
3162 4446 3176 4480 :
3201 4438 3358 4496 turpe
3380 4428 3524 4480 enim
3553 4436 3608 4480 et

362 4529 460 4580 καὶ
493 4529 836 4582 παντάπασιν
874 4528 1139 4599 ἀπρεπὲς,
1175 4528 1209 4598 ἢ
1243 4527 1311 4580 τὰ
1346 4527 1583 4599 τραγικὰ
1610 4527 1791 4599 πάθη,
1835 4528 1933 4580 ὅσα

362 4622 427 4673 ἐκ
451 4621 722 4688 γυναικῶν
745 4620 842 4683 τὰς
870 4621 1043 4691 ἀρχάς
1082 4620 1177 4673 καὶ
1202 4620 1300 4683 τὰς
1333 4618 1617 4682 ὑποθέσεις
1638 4621 1750 4681 τοῖς
1776 4636 1932 4688 ποιη-

360 4714 478 4772 ταῖς
506 4711 712 4765 ἒδωκαν
732 4752 749 4776 ,
784 4712 818 4781 ἥ
859 4710 956 4775 τὰς
1004 4710 1332 4781 κωμῳδικάς
1358 4708 1762 4781 ἀσχημοσύνας,
1790 4710 1931 4762 ἁπα-

359 4804 457 4876 λὴν
504 4804 598 4858 καὶ
630 4802 929 4856 εὔπλαστον
969 4803 1129 4870 φύσιν
1170 4802 1532 4865 διδάσκεσθαι,
1569 4800 1932 4871 καταμολυνο-

364 4898 533 4966 μένην
560 4895 759 4966 τρόπον
782 4893 903 4947 τινὰ
931 4895 1041 4956 τοῖς
1072 4892 1451 4963 ἀσεμνοτέροις
1474 4894 1601 4963 περὶ
1624 4891 1730 4945 τῶν
1752 4906 1933 4959 γυναι-

359 4988 521 5042 κείων
550 4983 1056 5056 διηγήμασιν.⁹Αλλ’
1085 4984 1184 5036 ὅσα
1234 4984 1334 5052 τῆς
1382 4981 1735 5035 θεοπνεύστου
1786 4983 1928 5050 Γρα-

358 5080 463 5148 φῆς
496 5078 845 5149 άληπτότερα
876 5079 996 5140 ταῖς
1018 5075 1260 5148 πρώταις
1287 5074 1526 5146 ἡλικίαις
1559 5074 1724 5134 δοκεῖ,
1755 5073 1929 5126 ταῦτα

356 5167 425 5241 ἦν
452 5174 519 5241 τῇ
550 5169 703 5223 παιδὶ
733 5170 802 5224 τὰ
834 5169 1152 5239 μαθήματα,
1187 5168 1283 5222 καὶ
1313 5167 1548 5238 μάλιστα
1583 5168 1616 5234 ή
1650 5164 1744 5218 τοῦ
1774 5164 1931 5218 Σολο-

360 5262 567 5332 μῶντος
603 5262 772 5331 Σοφία
794 5279 809 5295 ο
842 5261 937 5315 καὶ
960 5260 1162 5331 ταύτης
1190 5259 1374 5322 πλέον,
1408 5260 1508 5312 ὅσα
1537 5259 1670 5328 πρὸς
1699 5257 1787 5311 τὸν
1810 5256 1929 5326 ἠθι-

357 5350 451 5403 κδν
479 5351 634 5420 ἡμῶν
668 5352 829 5420 ἔφερε
856 5350 989 5420 βίον.
1033 5348 1191 5401 Ἀλλὰ
1224 5347 1439 5416 καὶτῆς
1460 5345 1927 5416 ψαλμῳδουμένης

356 5440 579 5511 Γραφῆς
609 5441 715 5494 οὐδ’
750 5441 926 5493 ὁτιοῦν
965 5439 1149 5509 ἠγνόει
1173 5455 1189 5470 ⁸
1238 5440 1449 5509 καιροῖς
1502 5436 1649 5499 ίδίοις
1701 5436 1928 5489 ἕκαστον

360 5528 524 5599 μέρος
551 5530 646 5598 τῆς
669 5528 985 5599 ψαλμῳδίας
1013 5528 1283 5595 διεξιοῦσα
1308 5544 1321 5558 ·
1358 5526 1457 5595 τῆς
1476 5541 1536 5578 τε
1565 5526 1749 5596 κοίτης
1766 5526 1929 5580 διανιο

356 5618 618 5688 σταμένη,
652 5619 746 5671 καὶ
789 5620 894 5671 τῶν
938 5618 1239 5672 σπουδαίων
1273 5617 1551 5687 ἁπτομένη
1583 5633 1641 5667 τε
1674 5616 1770 5668 καὶ
1799 5618 1928 5669 ἁνα-

356 5709 657 5780 παυομένη,
692 5711 783 5763 καὶ
814 5710 1140 5780 προσιεμένη
1170 5707 1374 5781 τροφὴν
1398 5747 1415 5769 ,
1450 5708 1543 5760 καὶ
1574 5706 1926 5778 ἀναχωροῦσα

2040 4523 2356 4576 indecorum
2392 4538 2619 4591 prorsus
2657 4520 3028 4585 existimabat,
3065 4520 3147 4573 vel
3185 4520 3410 4588 tragicis
3453 4518 3606 4574 femi-

2039 4626 2232 4664 narum
2266 4610 2771 4680 perturbationibus
2796 4649 2810 4673 ,
2844 4610 2988 4663 unde
3023 4609 3298 4665 seribendi
3334 4610 3603 4679 principia

2037 4709 2091 4755 et
2127 4711 2445 4770 argumenta
2478 4709 2650 4770 poetae
2676 4709 3064 4771 sumpserunt,
3095 4699 3177 4753 vel
3210 4700 3603 4754 commdiarum

2039 4793 2397 4858 fmditatibns,
2441 4795 2522 4848 vel
2549 4792 2818 4863 pudendis
2848 4807 3061 4854 eorum,
3092 4791 3183 4860 qui
3217 4798 3297 4844 tot
3329 4794 3605 4845 aerumnas
3645 4784 3653 4791 ’

2038 4880 2106 4934 ad
2140 4880 2292 4935 Ilium
2315 4884 2686 4950 pertulerant,
2715 4882 2872 4935 factis
2893 4889 3139 4936 tenerum
3158 4887 3211 4933 et
3237 4879 3374 4933 bene
3401 4879 3605 4932 forma-

2038 4980 2151 5023 tum
2188 4973 2429 5024 animum
2466 4970 2647 5032 infici,
2684 4978 2739 5024 et
2770 4971 2950 5024 minus
2979 4970 3237 5040 gravibus
3276 4969 3342 5021 de
3386 4967 3606 5021 feminis

2037 5062 2449 5117 narrationibus
2489 5061 2893 5130 quodammodo
2944 5058 3313 5128 coinquinari.
3369 5056 3607 5111 Proinde

2036 5167 2160 5221 quae
2185 5167 2250 5207 ex
2283 5152 2471 5207 divino
2503 5152 2708 5221 Spiritu
2743 5152 2947 5204 dictata
2982 5149 3267 5220 Scriptura
3300 5150 3491 5221 prima:
3528 5150 3605 5203 illi

2034 5246 2268 5300 aetatula:
2296 5244 2545 5299 faciliora
2580 5245 2903 5314 aptioraque
2952 5242 3302 5305 videbantur,
3342 5241 3604 5295 discenda

2036 5337 2408 5407 proponebat,
2443 5350 2565 5390 cum
2613 5336 2803 5406 primis
2847 5344 3027 5389 autem
3080 5333 3416 5402 Sapientiam
3454 5332 3607 5385 Salo-

2037 5428 2237 5490 monis,
2274 5428 2440 5496 idque
2474 5442 2539 5481 ex
2568 5441 2630 5481 ea
2674 5426 3043 5495 potissimum,
3077 5423 3224 5494 quod
3263 5424 3331 5478 ad
3357 5423 3522 5476 vitam
3551 5430 3606 5476 et

2035 5534 2217 5574 mores
2246 5518 2482 5573 maxime
2510 5518 2870 5573 conducebat.
2904 5516 3034 5571 Erat
3059 5517 3223 5571 etiam
3260 5514 3601 5570 Psalmorum

2035 5614 2458 5682 haudquaquam
2511 5612 2699 5681 ignara
2754 5611 3185 5683 prmlinitamque
3236 5623 3423 5662 eorum
3480 5621 3604 5675 par-

2036 5715 2140 5759 tem
2167 5704 2386 5759 statutis
2415 5704 2755 5775 temporibus
2780 5701 3154 5775 percurrebat.
3178 5697 3312 5753 Nam
3339 5698 3454 5754 sive
3475 5711 3601 5752 sur-
