4092 6368
478 356 584 415 963
1686 357 1746 414 S.
1783 354 2115 414 GBEGORII
2152 353 2444 413 NYSSENI
3645 347 3752 405 964

483 487 636 550 geret
673 491 705 532 e
748 477 979 542 lectulo,
1028 479 1143 533 sive
1200 479 1267 533 ad
1319 478 1504 534 studia
1559 479 1884 542 accederet,
1950 478 2099 537 sive.

2135 521 2138 537 .
2168 479 2465 552 τραπέζης,
2497 481 2593 534 καὶ
2623 480 2713 533 ἐπὶ
2739 478 2926 549 κοίτην
2953 476 3106 532 ἰοῦσα
3133 515 3147 538 ,
3199 474 3292 530 καὶ
3333 474 3412 537 είς
3443 471 3751 542 προσευχὰς

483 567 792 622 discederet
819 569 889 623 ab
911 568 1012 632 eis,
1035 570 1150 624 sive
1175 569 1360 623 cibum
1385 578 1651 632 sumeret,
1685 571 1803 625 sive
1827 586 1855 623 a
1880 584 2070 624 mensa

2168 573 2574 644 διανισταμένη,
2621 571 2895 640 πανταχοῦ
2943 571 3042 642 τὴν
3073 566 3408 638 Ψαλμῳδίαν
3439 561 3604 634 εἶχεν,
3639 557 3750 616 οἶόν

486 657 804 723 recederet,
833 657 948 714 sive
985 658 1232 714 cubitum
1264 674 1325 715 se
1353 657 1664 726 conferret,
1697 659 1815 714 sive
1847 659 1914 714 ad
1947 675 2071 730 pre-

2168 680 2290 716 τινα
2321 662 2536 716 σύνοδον
2565 659 2774 731 ἀγαθὴν
2818 658 3043 729 μηδενὸς
3078 654 3595 724 άπολιμπανομένην
3625 651 3747 722 χρόα

484 748 722 803 candum
755 758 1094 820 exsurgeret,
1125 765 1342 820 semper
1364 759 1425 804 ut
1450 750 1683 814 bonam,
1709 767 1878 822 seque
1909 753 2060 809 nullo
2166 770 2282 808 νου.

486 845 728 910 tempore
758 839 1098 895 deserentem
1129 842 1408 907 comitem,
1436 839 1778 896 Psalmorum
1819 842 2056 899 habebat
2093 845 2449 901 cantilenam.

557 929 694 984 Dum
748 931 834 987 liis
880 939 934 986 et
980 931 1257 988 similibus
1303 933 1576 987 institutis
1611 931 1906 998 educatur,
1949 950 2066 989 tua-

2239 936 2462 999 Τούτοις
2494 935 2929 1006 συναυξανομένη
2947 935 3040 988 καὶ
3057 950 3169 996 τοις
3194 929 3452 993 τοιούτοις
3473 926 3749 998 ἐπιτηδεύ-

484 1037 724 1090 numque
773 1023 1058 1078 tractanda
1119 1025 1244 1079 lana
1299 1027 1639 1081 excellenter
1695 1036 1948 1090 exercet,
1997 1027 2066 1082 ad

2170 1045 2342 1098 μασι,
2393 1028 2484 1080 καὶ
2527 1026 2625 1097 τὴν
2658 1029 2816 1098 χεῖρα
2852 1027 2989 1097 πρὸς
3019 1025 3118 1096 τὴν
3149 1022 3439 1096 ἐρουργίαν
3465 1021 3749 1090 διαφερόν-⁴

481 1112 869 1168 duodecimum
900 1117 1076 1169 artatis
1111 1131 1314 1170 annum
1362 1117 1634 1186 pervenit.
1673 1119 1801 1183 Quo-
1836 1118 2065 1186 quidem

2164 1133 2272 1179 τως
2298 1116 2607 1186 ἀσκήσασα,
2659 1116 2905 1186 πρόεισιν
2931 1115 3010 1178 είς
3056 1112 3356 1166 δωδέκατον
3399 1110 3518 1171 ἔτος
3545 1125 3560 1138 ο
3607 1111 3665 1161 ἐν
3701 1101 3745 1176 ᾧ

481 1212 724 1274 tempore
758 1205 998 1275 juventae
1035 1206 1135 1263 llos
1170 1207 1404 1263 miriﬁce
1448 1208 1736 1279 splendere
1771 1210 1938 1278 cmpit
1961 1251 1976 1276 ,
2009 1215 2065 1263 et

2169 1205 2401 1276 μάλιστα
2431 1207 2492 1258 τὸ
2519 1205 2618 1275 τῆς
2662 1206 2913 1276 νεότητος
2956 1204 3116 1267 ἄνθος
3144 1203 3450 1272 ἐκλάμπειν
3494 1203 3741 1273 ἄρχεται.

477 1298 626 1366 quod
675 1299 1037 1355 admiratione
1073 1300 1298 1370 dignum
1333 1309 1452 1367 est,
1488 1301 1744 1371 quamvis
1784 1301 2064 1356 celaretur

2169 1294 2338 1348 Ἔνθα
2367 1295 2431 1366 δὴ
2461 1296 2552 1348 καὶ
2583 1295 2882 1366 θαυμάζειν
2907 1294 3076 1360 ἄξιον,
3106 1295 3255 1358 ὅπως
3279 1292 3401 1346 οὐδὲ
3430 1291 3745 1363 κεκρυμμέ-

480 1387 672 1456 puella:
711 1388 1086 1456 pulchritudo,
1119 1390 1288 1446 latere
1323 1399 1508 1446 tamen
1555 1407 1664 1445 non
1707 1391 1908 1462 potuit.
1949 1390 2061 1448 Nec

2162 1405 2252 1440 vov
2281 1387 2342 1441 τὸ
2370 1387 2562 1450 κάλλος
2591 1387 2690 1457 τῆς
2727 1387 2852 1449 νέας
2893 1385 3200 1441 ἐλάνθανεν.
3230 1385 3365 1438 esse
3393 1400 3446 1437 τι
3477 1385 3617 1437 κατὰ
3643 1384 3742 1454 τὴν

475 1479 532 1533 in
592 1481 766 1548 patria
817 1481 1117 1551 quidquam
1167 1496 1322 1551 aeque
1367 1480 1693 1537 admirabile
1741 1483 2061 1550 videbatur,

2161 1478 2398 1549 πατρίδα
2441 1479 2620 1530 πᾶσαν
2666 1479 2881 1543 ἐκείνην
2921 1477 3161 1531 τοιοῦτον
3189 1476 3374 1546 θαῦμα
3406 1476 3598 1537 ἐδόκει,
3633 1470 3742 1529 οἷον

474 1575 644 1638 atque
679 1568 854 1623 forma
885 1577 939 1624 et
967 1579 1226 1626 venustas
1253 1572 1422 1635 illius,
1452 1577 1512 1624 ut
1540 1588 1608 1626 ne
1633 1573 1908 1642 pictorum
1939 1571 2064 1642 qui-

2163 1571 2222 1623 ἐν
2252 1571 2536 1640 συγκρίσει
2564 1568 2658 1622 τοῦ
2693 1569 2922 1632 κάλλους
2950 1568 3160 1622 ἐκείνου
3189 1568 3283 1621 καὶ
3318 1567 3418 1637 τῆς
3441 1567 3741 1638 εὐμορφίας

472 1656 594 1713 dem
642 1673 838 1715 manus
879 1660 1001 1730 ejus
1045 1661 1302 1716 decorem
1343 1671 1798 1733 assequerentur,
1842 1669 1896 1717 et
1936 1677 2060 1732 qua:

2160 1656 2300 1714 εἶναι
2323 1677 2338 1691 υ
2387 1661 2464 1724 ῶς
2492 1660 2625 1731 μηδέ
2656 1659 2960 1730 ζωγράφων
2987 1661 3175 1728 χεῖρας
3203 1657 3489 1727 ἐφικέσθαι
3513 1657 3741 1727 δυνηθῆ-

469 1764 563 1804 ars
602 1749 741 1806 nihil
776 1767 883 1806 non
915 1753 1261 1808 machinatur
1291 1763 1346 1810 et
1376 1753 1602 1824 etlingit,
1633 1754 1878 1808 maxima
1907 1769 2060 1825 quaa-

2119 1751 2132 1802 ι
2159 1769 2246 1806 ναι
2272 1753 2371 1822 τῆς
2392 1753 2542 1824 ὥρας
2571 1769 2584 1780 ·
2618 1752 2751 1805 ἀλλὰ
2773 1752 2870 1820 τὴν
2893 1749 3069 1804 πάντα
3098 1749 3496 1820 μηχανωμένην
3521 1749 3735 1818 τέχνην,

467 1855 576 1909 que
616 1842 828 1898 audens
869 1852 924 1898 et
965 1844 1214 1914 ipsorum
1245 1847 1412 1899 etiam
1461 1845 1728 1917 imagines
1769 1845 2061 1917 elemento-

2160 1845 2390 1908 καὶτοῖς
2422 1843 2696 1915 μεγίστοις
2736 1840 3134 1910 ἐπιτολμῶσαν,
3172 1840 3248 1904 ὡς
3293 1839 3390 1893 καὶ
3421 1839 3599 1892 αὐτῶν
3631 1839 3738 1891 τῶν

469 1946 591 1986 rum
621 1933 925 1990 imitatione
951 1936 1289 2004 exprimens,
1321 1951 1388 1992 ea
1416 1936 1567 1991 illius
1601 1935 1794 1992 formae
1826 1935 2057 1991 felicita-

2160 1935 2438 2005 στοιχείων
2484 1933 2583 1998 τὰς
2613 1933 2826 1996 εἰκόνας
2868 1931 2956 1985 διὰ
2992 1931 3090 2000 τῆς
3125 1931 3406 2001 μιμήσεως
3439 1928 3739 1982 ἀνατυποῦ-

467 2032 577 2077 tem
609 2024 816 2078 imitari
850 2041 960 2080 non
992 2035 1199 2096 posset.
1222 2025 1591 2092 Quamobrem
1618 2042 1878 2097 magnum
1901 2027 2061 2097 juve-

2159 2025 2304 2088 σθαι,
2338 2025 2435 2096 τὴν
2463 2028 2563 2096 τῆς
2599 2024 2811 2094 μορφῆς
2853 2021 3068 2091 ἐκείνης
3096 2019 3386 2090 εὐκληρίαν
3418 2019 3492 2090 μὴ
3523 2018 3735 2089 ἰσχῦσαι

466 2127 596 2165 num
650 2113 877 2184 nuptias
925 2115 1046 2184 ejus
1100 2115 1463 2171 ambientium
1521 2132 1755 2173 examen
1800 2125 2058 2187 parentes

2154 2118 2221 2172 δι’
2249 2117 2528 2188 ἀκριϐείας
2561 2114 2923 2188 μιμήσασθαι.
2953 2113 3156 2166 Τούτου
3183 2113 3341 2184 χάριν
3375 2113 3540 2176 πολὺς
3572 2111 3736 2181 ἐσμὸς

464 2202 880 2259 circumstabat.
909 2204 1074 2260 Pater
1098 2213 1306 2270 autem,
1347 2207 1442 2277 qui
1482 2222 1784 2277 sanequam
1810 2206 2055 2277 prudens

2153 2208 2261 2261 τῶν
2313 2207 2717 2278 μνηστευόντων
2764 2206 2856 2260 τὸν
2906 2204 3084 2274 γάμον
3129 2203 3300 2273 αὐτῆς
3353 2206 3467 2266 τοῖς
3519 2203 3735 2272 γονεῦσι

461 2299 518 2346 et
557 2293 612 2346 iu
663 2295 829 2350 rebus
879 2296 1127 2352 honestis
1180 2297 1554 2367 dijudieandis
1597 2307 1858 2368 expertus
1902 2306 2051 2366 erat,

2155 2301 2475 2369 περιεχεῖτο.
2523 2297 2582 2349 '0
2628 2296 2686 2350 δὲ
2729 2295 2909 2366 πατὴρ
2963 2290 3052 2365 (ἦν
3097 2293 3206 2362 γάρ
3238 2293 3304 2364 δὴ
3355 2293 3586 2363 σώφρων
3640 2294 3735 2346 καὶ

460 2383 754 2452 quemdam
806 2394 918 2440 tum
973 2403 1206 2458 genere,
1261 2397 1378 2444 tum
1449 2390 1703 2445 moribus
1756 2390 2052 2446 honestum

2154 2389 2362 2460 κρίνειν
2401 2387 2462 2440 τὸ
2493 2387 2657 2440 καλὸν
2703 2384 3137 2457 ἐπεσκεμμένυς)
3172 2385 3451 2456 εὐδόκιμόν
3480 2403 3599 2439 τινα
3624 2385 3735 2438 τῶν

463 2475 864 2548 probatumque
891 2480 1300 2536 adolescentem
1340 2481 1564 2552 reliquis
1601 2482 1862 2551 praetulit,
1888 2481 2051 2550 eique

2243 2479 2433 2548 γένους
2459 2477 2738 2548 γνώριμον
2783 2478 2876 2530 ἐπὶ
2909 2476 3257 2548 σωφροσύνῃ,
3302 2477 3428 2548 ἄρτι
3462 2476 3569 2530 τῶν
3602 2495 3734 2530 παι·
3828 2559 3831 2565 Ι

461 2568 509 2622 si
538 2567 608 2622 ad
637 2575 852 2624 aetatem
882 2573 1251 2642 pervenisset,
1283 2573 1447 2627 tiliam
1476 2573 1794 2644 despondit.
1821 2573 2046 2628 Interim

2148 2568 2448 2639 δευτηρίων
2477 2567 2839 2637 ἐπανήκοντα,
2868 2565 2978 2618 τῶν
3008 2566 3210 2619 λοιπῶν
3243 2565 3562 2635 ἀποκρίνας,
3593 2567 3735 2618 ἐκεί·-

460 2657 551 2713 ἰέἳο
583 2673 834 2730 magnam
866 2660 936 2716 de
966 2677 1026 2717 se
1055 2645 1852 2733 exspectationemconcitare,
1876 2665 1929 2719 in
1957 2663 2050 2732 ju-

2147 2678 2225 2730 νῳ
2255 2657 2662 2726 κατεγγυᾶσθαι
2688 2657 2917 2724 ἐγνώκει
2944 2655 3042 2727 τὴν
3071 2656 3235 2709 παῖδα
3262 2696 3276 2719 ,
3317 2655 3476 2725 είπερ
3505 2660 3584 2718 είς
3609 2658 3729 2726 ἡλι-

457 2749 731 2820 diciisque
784 2767 910 2808 reos
967 2753 1313 2810 defendendo
1366 2755 1640 2826 egregiam
1690 2753 1907 2811 dicendi
1963 2753 2046 2808 fa-

2145 2753 2271 2808 κίαν
2323 2751 2486 2805 ἔλθοι.
2545 2751 2634 2804 Ἐν
2681 2751 2856 2820 τούτῳ
2895 2749 2953 2802 δέ
2999 2751 3026 2802 ὁ
3061 2749 3158 2818 μὲν
3190 2750 3249 2801 ἐν
3275 2742 3487 2801 ἐλπίσιν
3511 2743 3579 2818 ἦν
3611 2752 3730 2811 ταῖς

457 2841 721 2898 cultatem
764 2858 875 2912 prae
908 2859 970 2899 se
1005 2844 1170 2910 ferre,
1203 2852 1366 2915 atque
1398 2846 1474 2899 ita
1515 2845 1657 2914 patri
1697 2845 1890 2916 puella:
1924 2853 2048 2900 tan-

2144 2841 2577 2913 χρηστοτέραιςο
2629 2841 2723 2893 καὶ
2769 2838 3023 2908 καθάπερ
3063 2855 3115 2891 τι
3162 2837 3270 2891 τῶν
3319 2837 3732 2908 κεχαρισμένων

453 2934 622 3002 quam’
640 2942 856 3003 gratum
883 2934 1015 2990 dare
1033 2936 1373 3005 sponsalium
1397 2951 1624 2992 munus.
1653 2935 1832 3003 Quam
1861 2948 2043 2994 tamen

2145 2935 2334 2997 ἐδνων,
2378 2932 2479 3004 τὴν
2505 2931 2595 2985 διὰ
2624 2930 2732 2984 τῶν
2775 2929 2950 2998 λόγων
2978 2928 3328 2999 εὐδοκίμησιν
3362 2931 3605 2998 προσῆγε
3651 2927 3731 2998 τῷ

455 3024 774 3092 ριίεοιοηηι
836 3041 989 3097 spem
1040 3029 1333 3098 interrupit
1385 3027 1595 3083 invidia
1635 3043 1758 3083 eum
1810 3028 1936 3084 vita:
1984 3030 2039 3084 in

2144 3025 2314 3097 πατρὶ
2333 3025 2431 3094 τῆς
2458 3024 2604 3088 νέας,
2625 3023 2683 3074 ἐν
2711 3023 2824 3082 τοῖς
2853 3020 2993 3090 ὺπέρ
3027 3019 3137 3072 τῶν
3157 3019 3526 3090 ἀδικουμένων
3555 3020 3743 3088 ἀγῶσι·

456 3115 575 3181 ipsa
613 3082 925 3172 miseranda
970 3082 1283 3188 subripiens
1323 3120 1715 3176 adolescentia.
2067 3098 2072 3129 ¹

2142 3119 2241 3190 τὴν
2260 3082 3051 3183 ’τῶνιλόγωνέπιδεικνύμενος
3078 3109 3330 3182 δύναμιν.
3351 3082 3425 3163 "0
3451 3111 3508 3164 δὲ
3536 3082 3729 3179 φθόνος

451 3207 739 3261 ἐπικόπτει
759 3209 858 3272 τὰς
888 3209 1261 3280 χρηστοτέρας
1279 3210 1519 3276 ἐλπίδας,
1535 3213 1857 3283 ἀναρπάσας
1883 3212 2046 3266 αὐτὸν
2071 3215 2134 3267 ἐκ
2161 3210 2260 3280 τῆς
2288 3205 2434 3276 ζωῆς
2461 3207 2516 3258 ἐν
2537 3204 2741 3272 ἐλεεινῇ
2772 3205 2839 3273 τῇ
2862 3200 3096 3270 νεότητι.

522 3300 653 3366 Quae
681 3308 866 3356 autem
907 3317 936 3355 a
967 3310 1122 3373 patre
1154 3309 1362 3359 statuta
1409 3305 1643 3362 fuissent
1663 3347 1678 3370 ,
1710 3308 1888 3378 puella
1931 3322 2040 3362 non

2208 3301 2328 3357 Οὐκ
2361 3301 2546 3370 ἠγνόει
2593 3297 2652 3352 δὲ
2692 3296 2761 3350 τά
2806 3294 2884 3366 τῷ
2931 3294 3102 3366 πατρὶ
3133 3293 3444 3377 ’δεδογμένα
3487 3295 3520 3363 ή
3565 3294 3722 3364 κόρη,

451 3391 738 3462 ignorabat
775 3411 789 3448 :
832 3408 959 3448 nam
994 3394 1369 3453 adolescentis
1401 3397 1553 3452 obitu
1601 3398 1858 3469 cognovit
1907 3414 2042 3454 con-

2150 3392 2290 3448 Ἀλλ’
2311 3389 2496 3460 ἐπειδὴ
2517 3388 2595 3459 τῷ
2620 3388 2836 3457 θανάτῳ
2853 3383 2950 3440 τοῦ
2970 3384 3182 3438 νεανίου
3211 3383 3272 3436 τὸ
3297 3384 3620 3454 κεκριμένον
3639 3384 3724 3437 ἐπ’

450 3482 636 3538 silium
683 3484 908 3554 patris:
957 3487 1144 3556 itaque
1173 3469 1445 3556 judicium
1496 3488 1648 3544 illius
1700 3488 2039 3543 eonnubium

2135 3485 2274 3554 αὐτῇ
2289 3481 2534 3549 διεκόπη
2556 3479 2733 3548 γάμον
2749 3477 3064 3544 ὀνομάσασα
3079 3473 3176 3546 τὴν
3190 3472 3284 3527 τοῦ
3302 3474 3507 3545 πατρὸς
3523 3476 3722 3544 κρίσιν,

448 3589 677 3638 vocans,
708 3584 969 3646 tanquam
999 3577 1054 3630 id
1081 3577 1227 3648 quod
1257 3587 1416 3648 pater
1442 3579 1764 3634 decreverat
1785 3579 2038 3634 eﬂ'eetum

2139 3576 2217 3640 ὡς
2248 3572 2618 3644 γεγενημένου
2651 3570 2746 3624 τοῦ
2784 3570 3112 3641 κεκριμένου
3135 3607 3151 3633 ,
3203 3567 3384 3638 μένειν
3417 3570 3501 3636 ἐφ’
3527 3569 3724 3638 ἑαυτῆς

446 3674 632 3728 esset,
670 3666 724 3720 in
760 3667 1034 3736 reliquum
1073 3671 1196 3722 vita:
1245 3677 1463 3738 tempus
1513 3670 1657 3740 apud
1704 3685 1764 3724 se
1813 3684 2037 3726 manere

2138 3667 2200 3720 τὸ
2249 3665 2435 3719 λοιπὸν
2463 3663 2639 3733 ἠξίου.
2689 3663 2798 3716 Καὶ
2837 3658 2906 3733 ἦν
2943 3663 2976 3733 ή
3008 3661 3190 3733 κρίσις
3219 3660 3321 3730 τῆς
3364 3661 3580 3732 ήλικίας
3623 3679 3724 3713 πα-

447 3753 757 3818 constituit,
799 3755 856 3810 in
897 3758 1289 3826 sententiaque
1336 3759 1639 3828 permansit
1686 3761 2035 3815 constantius

2139 3757 2401 3827 γιωτέρα.
2453 3755 2720 3819 Πολλάκις
2753 3755 2862 3824 γὰρ
2903 3754 3040 3824 αὐτῇ
3076 3755 3202 3817 τοὺς
3232 3754 3360 3824 περὶ
3391 3753 3498 3807 τῶν
3530 3753 3723 3823 γάμων

445 3860 612 3915 quam
653 3846 721 3901 ab
756 3847 847 3902 illa
882 3856 1046 3906 astate
1076 3850 1478 3921 postulabatur.
1517 3850 1732 3908 Etenim
1767 3868 1891 3907 cum
1926 3870 2034 3910 sae-

2141 3848 2600 3922 προσαγαγόντων
2641 3847 2831 3914 λόγους
2872 3844 2983 3898 τῶν
3027 3844 3480 3915 γεννησαμένων,
3518 3842 3608 3896 διὰ
3661 3845 3723 3895 τὸ

446 3951 747 4006 penumero
775 3945 1064 4009 parentum
1099 3941 1169 3995 ad
1198 3955 1320 3997 eam
1345 3939 1696 3998 deferrentur
1723 3957 2032 4009 sermones,

2139 3941 2366 4005 πολλοὺς
2411 3936 2551 3993 εἶναι
2583 3939 2709 4002 τοὺς
2752 3939 2893 3992 κατὰ
2926 3938 3116 4007 φήμην
3165 3935 3261 3990 τοῦ
3301 3935 3526 3998 κάλλους
3583 3951 3721 4006 μνη-

447 4034 734 4097 propterea
788 4027 936 4097 quod
977 4029 1136 4083 multi
1173 4037 1356 4096 erant,
1396 4031 1492 4101 qui
1539 4029 1682 4086 fama
1726 4031 2033 4103 pulchritu-

2139 4033 2350 4086 στεύειν
2397 4031 2699 4093 ἐθέλοντας,
2739 4031 2940 4084 ἄτοπον
2971 4024 3111 4082 εἶναι
3157 4027 3311 4096 ἔλεγε
3354 4027 3449 4081 καὶ
3488 4026 3723 4097 παράνο-

444 4117 593 4172 dinis
633 4116 757 4188 ejus
791 4117 1012 4173 adducti
1048 4118 1197 4174 illam
1239 4121 1347 4177 sibi
1377 4133 1644 4192 cuperent
1677 4139 1904 4178 uxorem
1934 4124 2036 4178 ad-

2137 4141 2271 4195 μον,
2327 4123 2403 4196 μὴ
2447 4123 2696 4192 στέργειν
2737 4119 2830 4173 τὸν
2879 4119 3025 4186 ἆπαξ
3075 4121 3140 4172 ἐκ
3185 4118 3280 4172 τοῦ
3325 4117 3533 4190 πατρὸς
3580 4116 3717 4188 αὑτῇ

443 4208 703 4279 iungere,
737 4209 1037 4266 absurdum
1077 4221 1131 4268 et
1167 4213 1418 4284 iniquum
1457 4230 1583 4270 esse
1628 4215 1881 4281 dicebat,
1929 4216 2034 4271 sibi

2133 4215 2447 4287 κυρωθέντα
2475 4211 2674 4285 γάμον,
2716 4213 2851 4268 ἀλλὰ
2894 4213 2988 4265 καὶ
3034 4211 3172 4282 πρὸς
3202 4211 3387 4279 ἕτερον
3415 4207 3719 4279 ἀναγκάζε-

447 4315 559 4356 non
610 4301 852 4372 permitti
893 4314 954 4358 ut
995 4305 1128 4360 illud
1165 4308 1484 4378 eonjugium
1515 4309 1760 4374 coleret,
1797 4325 1908 4380 quo
1942 4325 2033 4365 se-

2133 4305 2256 4358 σθαι
2295 4305 2512 4376 βλέπειν
2539 4321 2552 4335 ·
2591 4303 2708 4368 ἐνὸς
2749 4305 2900 4367 ὄντος
2926 4305 2984 4356 ἐν
3007 4306 3073 4374 τῇ
3111 4302 3269 4372 φύσει
3295 4302 3388 4355 τοῦ
3415 4301 3615 4373 γάμου,
3645 4301 3721 4363 ώς

445 4393 552 4447 mel
593 4408 623 4447 a
675 4403 833 4463 patre
877 4395 1134 4452 devincta
1171 4405 1353 4464 esset,
1390 4397 1486 4454 sed
1530 4399 1598 4453 ad
1631 4401 1866 4455 alterum
1912 4403 2032 4474 cogi

2135 4395 2236 4466 μία
2265 4395 2497 4464 γένεσις,
2523 4395 2618 4448 καὶ
2643 4395 2870 4455 θάνατος
2903 4389 2984 4456 εἷς
3007 4410 3021 4422 ο
3073 4392 3162 4445 τὸν
3190 4392 3246 4445 δὲ
3280 4392 3717 4463 συναρμοσθέντα

443 4486 759 4555 respicere;
807 4503 932 4541 cum
976 4505 1148 4544 unum
1202 4500 1397 4544 natura
1447 4492 1518 4546 sit
1575 4493 2024 4560 matrimonium,

2102 4535 2103 4544 χ
2133 4485 2274 4539 κατὰ
2307 4485 2407 4557 τὴν
2435 4485 2542 4539 τῶν
2574 4487 2775 4554 γονέων
2821 4484 3003 4556 κρίσιν
3038 4483 3114 4556 μὴ
3157 4484 3410 4538 τεθνάναι
3453 4483 3718 4554 διισχυρί·

445 4573 907 4642 quemadmodum
941 4593 1084 4633 unus
1105 4586 1262 4633 ortus
1294 4588 1349 4633 et
1375 4594 1484 4633 una
1513 4595 1682 4635 mors.
1716 4579 1852 4636 Eum
1875 4598 2025 4646 vero,

2131 4577 2286 4642 ζετο,
2333 4577 2471 4631 ἀλλά
2511 4577 2602 4630 τὸν
2645 4576 2723 4646 τῷ
2763 4575 2881 4646 Θεῷ
2915 4575 3113 4639 ζῶντα,
3149 4574 3236 4629 διὰ
3277 4579 3376 4646 τὴν
3403 4574 3593 4627 ἐλπίδα
3621 4575 3718 4643 τῆς

440 4665 534 4718 cui
565 4679 594 4716 a
631 4666 949 4733 parentibus
996 4665 1192 4722 fuisset
1237 4669 1537 4738 desponsa,
1575 4685 1686 4724 non
1726 4685 1851 4726 esse
1885 4685 2029 4724 mor-

2129 4669 2519 4732 ἀναστάσεως,
2567 4669 2848 4738 ἑπόδημον
2905 4668 3152 4737 κρίνειν,
3208 4666 3301 4720 καὶ
3355 4667 3418 4719 οὐ
3479 4665 3711 4738 νεκρόν·

441 4763 598 4808 tuum
633 4755 1027 4819 contendebat,
1061 4757 1156 4811 sed
1196 4773 1293 4828 spe
1326 4760 1748 4814 resurrectionis
1795 4758 1905 4813 Deo
1947 4759 2027 4812 vi-

2127 4760 2327 4814 άτοπον
2364 4759 2420 4811 δὲ
2449 4754 2589 4811 εἶναι
2621 4758 2700 4828 τῷ
2728 4757 3050 4829 ἐκδημοῦντι
3076 4757 3291 4828 νυμφίῳ
3314 4757 3388 4828 μὴ
3419 4757 3713 4826 φυλάσσειν

441 4862 588 4902 vere.
625 4846 974 4917 Quapropter
998 4863 1123 4904 eum
1155 4863 1216 4903 se
1262 4865 1372 4904 non
1408 4850 1637 4913 oliiisse,
1671 4849 1766 4905 sed
1801 4867 2028 4922 peregre

2127 4849 2226 4919 τὴν
2255 4849 2458 4902 πίστιν.
2495 4849 2620 4910 Τοῖς
2649 4847 2912 4911 τοιούτοις
2957 4848 3136 4918 λόγοις
3176 4847 3542 4918 άπωθουμένη
3584 4848 3711 4911 τοὺς

440 4936 748 5006 profectum
789 4953 912 4992 esse
942 4938 1195 5007 judicare
1216 4979 1230 5003 ,
1270 4951 1324 4994 et
1355 4939 1511 4996 uetas
1544 4940 1659 4995 fore
1693 4940 1740 4996 si
1781 4942 2026 5013 peregri-

2128 4939 2488 5011 παραπείθειν
2517 4939 2950 5011 ἐπιχειροῦντας,
2978 4939 3036 4994 ἓν
3068 4940 3386 5011 ἐδοκίμασεν
3417 4943 3582 5011 ἑαυτῇ
3613 4939 3711 5010 τῆς

440 5029 593 5082 nanti
635 5044 839 5097 sponso
889 5029 1048 5084 ﬁdem
1083 5046 1193 5084 non
1231 5041 1499 5086 servaret.
1536 5032 1813 5100 Ejusmodi
1856 5033 2024 5088 ratio-

2125 5033 2335 5102 ἀγαθῆς
2363 5033 2594 5103 κρίσεως
2624 5033 3114 5103 φυλακτήριον,.τὸ
3150 5033 3418 5104 μηδέποτε
3441 5033 3541 5103 τῆς
3575 5032 3711 5095 ἰδίας

439 5119 604 5173 nibus
625 5119 898 5189 repellens
914 5135 1034 5183 eos,
1055 5119 1148 5190 qui
1173 5121 1276 5175 sibi
1305 5122 1634 5192 persuadere
1653 5123 2022 5192 conabantur,

2128 5127 2355 5197 μητρὸς,
2407 5124 2540 5195 μηδέ
2592 5125 2650 5177 ἐν
2699 5127 2898 5195 ἀκαρεῖ
2938 5124 3033 5177 τοῦ
3075 5126 3268 5196 χρόνου
3308 5125 3707 5195 διαζευχθῆναιο

437 5209 682 5263 decrevit
715 5211 768 5264 in
802 5225 890 5277 eo,
929 5211 1076 5281 quod
1117 5212 1221 5267 sibi
1263 5222 1650 5284 proposuerat,
1681 5224 1929 5284 perstare
1957 5231 2023 5271 ac

2123 5218 2199 5281 ῶς
2232 5217 2492 5279 πολλάκις
2533 5219 2631 5288 τὴν
2668 5217 2876 5288 μητέρα
2913 5217 3049 5287 πρὸς
3093 5217 3264 5288 αὐτὴν
3304 5219 3498 5278 εἰπεῖν,
3529 5217 3612 5268 ὅτι
3641 5215 3710 5268 τὰ

437 5309 505 5350 ne
542 5306 818 5351 momento
850 5299 1071 5368 quidem
1104 5301 1368 5381 temporis
1401 5316 1432 5355 a
1478 5301 1652 5358 latere
1692 5303 1886 5381 matris
1917 5320 2022 5358 un--

2122 5308 2286 5362 λοιπὰ
2313 5308 2420 5360 τῶν
2449 5308 2654 5360 τέκνων
2698 5309 3016 5378 τεταγμένῳ
3051 5308 3156 5362 τινὶ
3183 5308 3358 5379 χρόνῳ
3401 5307 3705 5378 ἐκυοφόρη-

434 5400 602 5452 quam
632 5385 936 5444 discedere.
981 5379 1348 5456 Quamobrem
1385 5393 1435 5448 ei
1467 5410 1612 5464 saepe
1649 5379 1868 5450 dicebat
1906 5411 2023 5450 ma-

2124 5417 2234 5463 σεν,
2271 5400 2486 5470 ἐκείνην
2515 5401 2571 5453 δὲ
2601 5401 2890 5464 διαπαντὸς
2921 5401 3074 5472 φέρει
3104 5401 3334 5453 πάντοτε
3361 5401 3561 5472 τρόπον
3585 5397 3705 5451 τινὰ

439 5484 540 5531 ter.
576 5492 637 5530 se
683 5479 928 5548 reliquos
971 5481 1175 5536 liberos
1218 5483 1272 5536 in
1307 5493 1466 5538 utero
1497 5495 1744 5555 tempore
1783 5486 2018 5556 quodam

2119 5493 2234 5554 τοῖς
2279 5492 2606 5562 σπλάγχνοις
2655 5493 2853 5562 ἐαυτῆς
2906 5491 3254 5562 περιέχουσα.
3318 5491 3457 5543 Ἀλλ’
3503 5491 3603 5543 οὐκ
3635 5485 3702 5561 ἦν

438 5567 710 5638 prmlinito
748 5572 1020 5640 gessisse,
1054 5572 1200 5626 illam
1232 5590 1364 5630 vero
1399 5588 1665 5647 perpetuo
1699 5579 1753 5632 in
1799 5579 2021 5634 visceri-

2121 5582 2395 5647 ἐπίπονος,
2422 5583 2540 5636 οὐδέ
2563 5582 2798 5654 άκερδὴς
2827 5586 2892 5654 τῇ
2923 5584 3082 5654 μετρὶ
3109 5584 3208 5654 τῆς
3233 5583 3499 5654 θυγατρὸς
3528 5585 3561 5652 ή
3586 5600 3705 5635 συνο

437 5660 542 5717 bus
588 5661 703 5716 suis
745 5661 1152 5730 quodammodo
1198 5666 1581 5723 circumferre.
1631 5667 1781 5722 Filia:
1834 5680 2018 5726 tamen

2118 5674 2381 5745 διαγωγή.
2427 5675 2569 5726 ’Λντὶ
2601 5673 2710 5743 γάρ
2741 5671 2949 5725 πολλῶν
2975 5674 3120 5744 αὐτῇ.
3146 5673 3541 5744 θεραπαινίδων
3571 5668 3638 5743 ἦν
3667 5673 3725 5742 ή

434 5753 726 5810 convictus
763 5771 862 5809 nec
897 5755 1137 5811 latorem
1184 5758 1345 5811 matri
1381 5775 1480 5814 nec
1518 5759 1776 5815 damnum
1822 5763 2016 5822 alTerc-

2121 5766 2269 5836 παρᾶ
2296 5765 2396 5835 τῆς
2443 5765 2710 5836 θυγατρὸς
2739 5765 2999 5837 θεραπεία
3025 5779 3042 5796 ⁸
3091 5767 3184 5820 καὶ
3229 5762 3296 5836 ἦν
3319 5763 3582 5828 ἁντίδοσίς
3618 5781 3698 5827 τις
