4092 6368
354 330 462 387 965

1592 315 1680 370 DE
1713 313 1871 369 VITA
1911 314 1969 371 S.
2010 312 2366 368 MACRINAZ.

3498 318 3605 374 966

349 439 527 510 ἀγαθὴ
577 437 707 507 παρ’
750 434 1074 507 ἀμφοτέρων
1132 430 1387 500 ἀλλήλαις
1429 427 1920 498 ἀντιπληρουμένη.

2040 434 2136 480 mat.
2175 428 2316 492 Quin
2355 426 2519 482 etiam
2553 425 2796 482 officiosa
2839 425 2960 496 eius
3005 427 3271 484 sedulitas
3301 429 3602 484 multarum

361 535 425 587 'll
472 532 569 601 μὲν
613 529 720 599 γὰρ
746 528 843 598 τὴν
877 525 1054 595 ψυχὴν
1084 526 1181 595 τῆς
1213 522 1357 583 νέας,
1391 521 1423 590 ή
1456 520 1509 571 δὲ
1540 520 1600 571 τὸ
1641 519 1799 589 σῶμα
1828 517 1926 586 τῆς

353 624 557 695 μητρὸς
581 621 929 691 ἐθεράπευεν,
957 616 1012 669 ἕν
1036 632 1094 667 τε
1118 617 1229 675 τοῖς
1258 612 1437 675 ἄλλοις
1468 611 1595 663 πᾶσι
1619 610 1717 677 τὴν
1738 610 1929 677 ζητου-

354 714 521 782 μένην
546 708 848 781 ὑπηρεσίαν
877 703 1267 774 ἀποπληροῦσα
1287 719 1301 733 ·
1334 702 1426 754 καὶ
1449 702 1505 752 ἐν
1528 698 1605 769 τῷ
1625 700 1743 760 ταῖς
1773 698 1928 760 ἰδίαις

351 804 508 875 χερσὶ
539 801 797 863 πολλάκις
824 800 891 868 τῇ
928 795 1095 867 μητρὶ
1136 791 1574 864 παρασκευάζειν
1619 790 1709 841 τὸν
1742 788 1926 858 ἄρτον.

354 898 530 965 Ὅπερ
566 895 625 947 οὑ
658 892 797 946 κατὰ
830 890 888 943 τὺ
915 885 1322 959 προηγούμενον
1351 884 1488 953 αὑτῇ
1518 877 1928 947 διεσπουδάσθη.

364 984 503 1036 ’Δλλ“
536 982 722 1052 ἐπειδὴ
755 982 875 1041 ταῖς
918 980 1204 1049 μυστικαῖς
1236 974 1565 1046 ὑπηρεσίαις
1602 973 1703 1034 τάς
1743 973 1931 1040 χεῖρας

352 1077 550 1145 ὲαυτῆς
575 1074 781 1144 ἔχρισε,
817 1071 1045 1141 πρέπειν
1079 1067 1402 1138 ἡγησαμένη
1430 1064 1507 1134 τῷ
1540 1062 1931 1132 ἐπιτηδεύματι

352 1168 444 1222 τοῦ
476 1167 590 1237 βίου
626 1164 726 1235 τὴν
772 1164 900 1233 περὶ
932 1160 1091 1213 τοῦτο
1131 1157 1383 1228 σπουδὴν,
1420 1158 1483 1209 ὲκ
1514 1155 1606 1207 τοῦ
1655 1153 1933 1223 περιόντος

352 1262 418 1329 τῇ
468 1256 633 1328 μητρὶ
678 1254 1045 1324 παρεχορήγει
1088 1250 1184 1320 τὴν
1224 1252 1289 1301 ὲκ
1338 1247 1445 1299 τῶν
1493 1245 1705 1298 οἰκείων
1757 1243 1932 1295 πόνων

351 1350 578 1421 τροφήν.
633 1346 741 1398 Καὶ
786 1345 847 1397 οὑ
877 1342 1033 1396 τοῦτο
1066 1341 1245 1412 μόνον,
1279 1338 1414 1392 ἀλλά
1456 1338 1551 1390 κα)⁸
1586 1339 1766 1390 πᾶσαν
1794 1335 1931 1404 αὑτῇ

357 1438 774 1510 συνδιῳκονόμει
828 1436 925 1506 τὴν
954 1433 1307 1503 ἐπικειμένην
1337 1429 1612 1501 φροντίδα.
1637 1426 1931 1496 Τεσσάρων

354 1529 464 1600 γάρ
494 1527 621 1580 υἱῶν
649 1522 715 1596 ἦν
754 1526 958 1595 μήτηρ,
990 1524 1081 1575 καὶ
1116 1521 1277 1573 πέντε
1323 1518 1657 1590 θυγατέρων,
1691 1517 1783 1569 καλ⁸
1818 1532 1934 1585 τρι-

359 1622 442 1673 σ“ιν
480 1619 734 1688 ἄρχουσιν
771 1614 1040 1677 ὑπετέλει,
1083 1612 1171 1665 διά
1205 1611 1265 1663 τὸ
1308 1613 1365 1663 ἐν
1408 1608 1681 1670 τοσούτοις
1724 1606 1934 1659 ἔθνεσιν

357 1711 525 1779 αὑτῆς
557 1706 932 1775 κατεσπάρθαι
965 1703 1062 1774 τὴν
1084 1703 1296 1772 κτῆσιν.

2030 517 2352 570 ancillarum
2386 518 2562 571 instar
2591 524 2731 578 erat.
2761 525 2814 571 et
2848 526 3036 572 mutua
3065 519 3312 587 quaedam
3341 521 3484 574 inter
3511 536 3605 575 eas

2030 608 2245 677 vigebat
2289 608 2678 662 remuneratio.
2723 606 3005 677 Siquidem
3049 610 3219 663 altera
3261 611 3607 665 custodiebat

2031 696 2271 749 animum
2323 695 2481 758 tiliae,
2524 696 2694 750 altera
2745 697 2966 764 corpori
3006 698 3198 752 matris
3239 699 3605 766 inserviebat,

2029 787 2189 857 eique
2234 788 2289 840 in
2328 787 2552 856 reliquis
2598 786 2790 841 olliciis
2827 788 3086 843 omnibus
3132 789 3507 858 ministrabat,
3550 804 3610 846 ut

2031 878 2273 948 propriis
2322 878 2491 932 etiam
2539 879 2797 933 manibus
2847 879 3009 932 matri
3065 895 3263 947 panem
3318 883 3604 951 praeberet.

2033 968 2167 1035 Qua:
2231 976 2412 1023 tamen
2454 968 2530 1022 illi
2579 970 2855 1039 praecipua
2913 983 3047 1023 cura
3100 985 3213 1024 non
3276 979 3395 1025 erat
3443 987 3455 1023 :
3512 973 3609 1027 sed

2033 1066 2390 1130 posteaquam
2425 1060 2603 1115 sacris
2633 1059 2827 1115 ofﬁciis
2868 1059 3246 1127 satisfecerat,
3285 1061 3610 1117 existimans

2034 1155 2087 1208 id
2139 1168 2240 1209 suo
2300 1154 2423 1207 vita:
2478 1154 2733 1208 instituto
2781 1153 3101 1216 convenire,
3157 1169 3222 1208 ex
3274 1153 3461 1208 labore
3509 1170 3612 1208 suo

2035 1246 2194 1299 matri
2229 1245 2432 1300 victum
2476 1245 2952 1301 subministrabat.
2992 1243 3161 1314 ldquc
3208 1259 3315 1298 non
3351 1245 3401 1299 ei
3434 1246 3612 1300 solum

2035 1333 2182 1387 cordi
2223 1344 2368 1394 erat,
2417 1334 2511 1387 sed
2563 1335 2725 1387 etiam
2778 1343 2836 1386 ut
2883 1343 3109 1388 matrem
3162 1348 3421 1389 curarum
3471 1336 3614 1390 mole

2020 1428 2261 1481 levaret.
2298 1425 2469 1478 Mater
2497 1426 2638 1480 enim
2676 1433 2912 1496 quatuor
2945 1425 3086 1479 ﬁlios
3119 1433 3173 1479 et
3206 1428 3446 1495 quinque
3472 1425 3613 1481 filias

2036 1518 2267 1573 habebat
2297 1533 2310 1569 :
2347 1519 2523 1572 tribus
2554 1528 2821 1588 praeterea
2848 1517 3189 1587 principibus
3222 1518 3449 1588 vectigal
3478 1534 3615 1588 pra:-

2035 1610 2305 1671 stabatur,
2356 1610 2617 1678 quoniam
2649 1610 2770 1679 ejus
2816 1610 3096 1679 possessio
3140 1607 3195 1661 in
3235 1616 3315 1662 tot
3359 1609 3615 1679 gentibus

2036 1698 2393 1753 disseminata
2417 1706 2553 1753 erat.

444 1800 711 1862 Ποικίλως
756 1798 932 1851 τοίνυν
979 1799 1079 1866 τῆς
1125 1794 1331 1865 μητρὸς
1385 1795 1502 1855 ταῖς
1552 1791 1793 1859 φροντίσι
1845 1787 1933 1841 διὰ

2106 1788 2240 1843 Cum
2261 1790 2426 1858 igitur
2464 1798 2639 1842 mater
2667 1789 2837 1843 variis
2865 1791 3019 1847 curis
3048 1790 3472 1862 distringeretur
3498 1792 3618 1861 (pa-

355 1891 513 1945 τοῦτο
547 1887 909 1961 μεριζομένης
931 1904 945 1917 ·
975 1888 1076 1957 ἥδη
1101 1886 1209 1956 γάρ
1241 1888 1269 1938 6
1295 1886 1475 1961 πατὴρ
1504 1883 1810 1954 ἐξεληλύθει
1839 1883 1930 1936 τὸν

358 1982 515 2053 βίον·
559 1981 617 2034 ὲν
671 1980 805 2031 πᾶσι
833 1976 1044 2040 τούτοις
1090 1974 1346 2036 κοινωνὸς
1395 1969 1462 2044 ἦν
1506 1977 1573 2044 τῇ
1619 1974 1785 2044 μητρὶ
1823 1973 1930 2026 τῶν

356 2074 554 2132 πόνων,
597 2066 1047 2138 συνδιαιρουμένη
1072 2066 1171 2129 τὰς
1198 2065 1481 2137 φροντίδας
1507 2103 1522 2126 ,
1569 2066 1661 2116 καὶ
1694 2064 1754 2117 τὸ
1794 2063 1930 2135 βαρὺ

357 2163 467 2217 τῶν
514 2160 823 2231 ἀλγηδόνων
876 2156 1302 2227 έπικουφίζουσα
1330 2173 1344 2187 θ
1393 2157 1487 2209 καὶ
1530 2154 1664 2225 ὁμοῦ
1716 2156 1815 2227 μὲν
1864 2158 1931 2227 τῇ

358 2251 705 2322 παιδαγωγίᾳ
740 2250 837 2319 τῆς
871 2247 1076 2321 μητρὸς
1114 2246 1342 2317 ἄμωμον
1374 2245 1730 2314 διεφύλασσεν
1766 2246 1931 2317 ἑαυτῇ

356 2345 449 2399 τὸν
489 2344 603 2413 βίον
648 2344 707 2395 ὲν
752 2338 1027 2412 μητρῲοις
1073 2336 1370 2407 ὀφθαλμοῖς
1399 2336 1689 2399 διαπαντὸς
1717 2336 1935 2389 εὐθυνό-

363 2432 520 2505 μενόν
553 2448 613 2485 τε
641 2431 734 2484 καὶ
760 2427 1203 2500 μαρτυρούμενον
1228 2440 1241 2455 ·
1274 2424 1409 2495 ὁμοῦ
1440 2442 1499 2478 τε
1532 2424 1770 2496 παρέσχε
1800 2425 1936 2496 πρὸς

358 2525 451 2579 τὸν
485 2524 595 2577 ἴσον
618 2522 840 2587 σκοπὸν,
871 2520 960 2572 τὸν
985 2519 1124 2572 κατά
1152 2517 1466 2587 φιλοσοφίαν
1498 2516 1660 2585 λέγω,
1696 2516 1936 2585 μεγάλην

357 2620 428 2688 τῇ
460 2615 626 2686 μητρὶ
661 2613 750 2666 διὰ
790 2611 883 2666 τοῦ
918 2610 1032 2680 βίου
1066 2609 1265 2677 ἑαυτῆς
1311 2609 1408 2679 τὴν
1458 2609 1763 2678 ὑφήγησιν,
1815 2610 1935 2660 κατ’

360 2708 538 2776 ὀλίγον
567 2704 735 2776 αὐτὴν
757 2703 892 2774 πρὸς
918 2702 1017 2772 τὴν
1046 2701 1205 2755 ἀῡλόν
1233 2717 1292 2752 τε
1318 2700 1411 2753 καὶ
1436 2699 1772 2769 τελειοτέραν
1793 2699 1936 2769 ζωὴν

363 2797 723 2867 ἐφελκομένη.
752 2794 861 2847 Καὶ
900 2792 1087 2862 ἐπειδὴ
1115 2792 1183 2844 τά
1226 2789 1366 2843 κατά
1400 2789 1499 2853 τὰς
1537 2789 1773 2858 ἀδελφὰς
1803 2790 1939 2859 πρὸς

361 2891 423 2941 τὸ
443 2887 631 2942 δοκοῦν
660 2885 865 2957 ἑκάστῃ
890 2883 1005 2953 μετ’
1035 2880 1448 2952 εὐσχημοσύνης
1476 2883 1508 2951 ἡ
1536 2883 1716 2951 μήτηρ
1739 2881 1939 2951 ᾠκονο-

367 2978 600 3048 μήσατο,
622 2975 897 3027 ἐπάνεισιν
921 2975 979 3025 ὲν
1003 2972 1177 3042 τούτῳ
1206 2971 1313 3023 τῶν
1342 2970 1738 3039 παιδευτηρίων
1760 2969 1940 3040 πολλῷ

366 3068 542 3139 χρόνῳ
576 3064 978 3135 προσασκηθεὶς
1005 3065 1118 3125 τοῖς
1148 3062 1351 3130 λόγοις,
1382 3064 1411 3115 6
1444 3061 1608 3122 πολὺς
1640 3060 1936 3124 Βασίλειος,

2040 1889 2122 1934 ter
2154 1880 2299 1933 enim
2330 1881 2442 1948 jam
2471 1888 2682 1935 naturae
2707 1882 3114 1951 concesserat),
3148 1883 3201 1935 in
3233 1882 3491 1937 omnibus
3528 1883 3609 1935 la—

2018 1970 2264 2025 boribus
2311 1972 2475 2024 matri
2516 1986 2577 2026 se
2618 1973 2824 2026 sociam
2864 1972 3158 2042 praebebat,
3200 1982 3254 2028 et
3289 1973 3619 2028 sollicitudi-

2040 2076 2171 2115 num
2207 2062 2572 2133 partemjipsa
2615 2063 2842 2119 subiens
2886 2080 3005 2118 eam
3049 2066 3204 2136 gravi
3241 2066 3616 2121 molestiarum

2039 2167 2211 2207 onere
2263 2152 2499 2209 levabat.
2551 2152 2727 2208 Simul
2777 2164 2958 2209 autem
2992 2162 3048 2211 et
3084 2158 3278 2212 matris
3325 2156 3617 2227 disciplina

2038 2243 2207 2296 vitam
2243 2242 2312 2295 ab
2360 2244 2510 2297 omni
2566 2243 2990 2312 reprehensione
3040 2245 3308 2313 integram
3344 2246 3617 2307 servavit,

2041 2349 2164 2389 cum
2244 2334 2299 2388 in
2352 2333 2474 2403 ejus
2508 2335 2686 2390 oculis
2743 2350 2961 2406 semper
3018 2344 3207 2405 ageret
3261 2335 3621 2406 ejusdemque

2041 2425 2357 2481 testimonio
2404 2426 2756 2494 probaretur,
2803 2433 2858 2480 et
2890 2440 2950 2481 se
2995 2426 3245 2482 vicissim
3279 2427 3329 2481 ei
3368 2441 3618 2497 magnam

2044 2520 2109 2574 ad
2158 2535 2342 2591 parem
2384 2520 2747 2590 phi1050phia:
2782 2535 3011 2590 scopum
3044 2519 3296 2589 exemplo
3338 2518 3466 2575 vita
3506 2535 3623 2576 sua:

2044 2613 2242 2666 ducem
2288 2611 2542 2681 przebuit,
2590 2612 2849 2680 paulatim
2882 2610 3057 2682 ipsam
3092 2610 3159 2663 ad
3196 2610 3471 2680 puriorem
3496 2626 3624 2681 per-

2047 2705 2438 2773 fectioremque
2477 2704 2644 2757 vitam
2682 2704 2923 2759 trahens.
2978 2704 3116 2759 Cum
3158 2712 3340 2756 autem
3396 2703 3624 2772 reliqua:

2045 2807 2266 2848 sorores
2314 2791 2547 2846 honeste
2601 2792 2884 2846 collocatae
2922 2799 3166 2846 essenta
3209 2801 3420 2854 matre.
3456 2806 3486 2846 a
3518 2807 3623 2861 pu-

2044 2884 2205 2939 blicis
2228 2883 2534 2938 litterarum
2567 2885 2891 2954 gymnasiis,
2928 2883 2983 2937 in
3014 2884 3220 2951 quibus
3244 2884 3339 2938 diu
3369 2892 3625 2939 versatus

2046 2974 2248 3042 fuerat,
2283 2974 2586 3030 revertitur
2618 2988 2851 3044 magnus
2890 2973 3127 3029 Basilius
3165 2975 3343 3043 ipsius
3372 2973 3627 3028 Macrinae

2048 3065 2219 3120 frater
2252 3084 2265 3120 :
2306 3080 2467 3134 quem
2497 3065 2590 3118 illa
2627 3066 2858 3121 scientia
2894 3072 2949 3119 et
2992 3064 3304 3134 eloquentia
3335 3065 3627 3123 vehemen-

365 3161 396 3213 6
438 3157 662 3225 ἀδελφὸς
693 3156 792 3225 τῆς
820 3154 1244 3225 προειρημένης.
1287 3152 1541 3206 Λαϐοὕσα
1581 3152 1755 3205 τοίνυν
1786 3152 1937 3206 αὑτὸν

2051 3161 2134 3208 ter
2162 3154 2365 3208 elatum
2415 3154 2740 3209 existimans
2786 3168 3089 3222 omnesque
3118 3153 3511 3223 despicientem
3538 3153 3627 3207 di-

368 3245 659 3316 ὑπερφυῶς
678 3246 817 3315 ὲπῃρ
826 3244 984 3314 μένον
1008 3243 1085 3311 τῷ
1108 3244 1236 3313 περὶ
1255 3245 1380 3305 τοὺς
1401 3242 1591 3310 λόγους
1616 3244 1942 3313 φρονήματι,

366 3338 462 3392 καὶ
496 3339 671 3391 πάντα
719 3334 1150 3405 περιφρονοῦντα
1198 3334 1265 3388 τά
1304 3333 1622 3405 ἀξιώματα,
1672 3334 1767 3387 καὶ
1808 3335 1946 3404 ὑπὲρ

365 3428 494 3491 τοὺς
517 3431 574 3481 ὲν
602 3430 668 3498 τῇ
710 3426 998 3497 δυναστεία
1023 3427 1310 3497 λαμπροὺς
1340 3425 1648 3496 ἐπῃρμένον
1676 3424 1751 3496 τῷ
1778 3426 1945 3496 ὄγκῳ,

366 3519 604 3589 τοσούτῳ
653 3518 808 3588 τάχει
866 3520 1116 3572 κάκεῖνον
1170 3518 1307 3587 πρὸς
1353 3517 1443 3569 τὸν
1492 3517 1594 3586 τῆς
1634 3518 1950 3587 φιλοσοφίας

371 3610 570 3662 σκοπὸν
598 3610 948 3663 ἐπεσπάσατο
971 3650 986 3675 ,
1036 3608 1178 3661 ὥστε
1207 3608 1521 3662 ἀποστάντα
1549 3608 1650 3677 τῆς
1683 3610 1951 3678 κοσμικῆς

370 3703 748 3769 περιφανείας,
789 3700 884 3753 καὶ
912 3699 1235 3771 ὑπεριδόντα
1264 3699 1358 3752 τοῦ
1392 3700 1479 3761 διὰ
1506 3701 1598 3754 τὸν
1629 3700 1783 3767 λόγον
1817 3698 1950 3753 θαυ-

374 3791 661 3863 μάζεσθαι,
690 3792 825 3863 πρὸς
851 3792 939 3845 τὸν
971 3791 1258 3862 ἐργατικὸν
1287 3792 1495 3844 τουτονὶ
1536 3792 1630 3844 καὶ
1662 3792 1953 3862 αὐτόχειρα

374 3883 487 3953 βίον
513 3883 899 3954 αὐτομολῆσαι,
926 3882 1015 3936 διά
1046 3884 1143 3953 τῆς
1170 3883 1381 3947 τελείας
1412 3883 1817 3954 ἀκτημοσύνης,
1860 3885 1955 3936 ἀν-

2049 3245 2311 3316 gnitates,
2336 3253 2390 3299 et
2413 3243 2558 3300 fastu
2582 3253 2932 3314 superantem
2964 3260 3060 3299 eos
3092 3245 3187 3315 qui
3214 3246 3271 3299 in
3304 3246 3628 3315 magistratu

2048 3344 2258 3401 essent,
2294 3344 2447 3391 tanta
2481 3336 2767 3391 celeritate
2797 3337 2865 3391 ad
2900 3337 3043 3392 idem
3073 3336 3353 3406 sapientia:
3386 3338 3631 3395 studium

2050 3428 2319 3490 incitavit,
2351 3437 2413 3482 ut
2444 3428 2632 3484 mundi
2664 3429 2980 3498 posthabita
3028 3432 3305 3494 claritate,
3345 3431 3631 3502 despecta-

2049 3535 2157 3589 que
2180 3519 2512 3589 eloquentia:
2554 3519 2746 3589 gloria,
2790 3520 3125 3575 laboriosum
3172 3522 3275 3576 hoc
3305 3537 3626 3592 operosum-

2050 3624 2158 3680 que
2188 3610 2405 3666 vivendi
2434 3625 2606 3679 genus
2632 3624 2730 3680 per
2762 3607 3136 3681 paupertatem
3184 3612 3485 3682 perfectam
3518 3628 3633 3666 am-

2051 3703 2268 3772 plexus,
2301 3700 2608 3771 expeditam
2638 3701 2743 3757 sibi
2779 3703 2844 3757 ad
2875 3703 3133 3758 virtutem
3169 3704 3313 3758 viam
3347 3692 3649 3759 struxerit.

2053 3792 2323 3848 Caeterum
2362 3793 2511 3848 illius
2542 3794 2655 3847 vita
2683 3808 2749 3847 ac
2775 3794 3025 3850 instituta
3055 3794 3256 3863 quibus
3292 3797 3347 3850 in
3375 3795 3633 3849 omnibus

2054 3885 2206 3939 orbis
2228 3885 2502 3953 partibus,
2527 3900 2649 3955 quae
2682 3885 3030 3940 illustrantur
3058 3902 3087 3940 a
3122 3887 3259 3949 sole,
3290 3886 3631 3949 celebratus,

372 3975 693 4046 εμπόδιστον
729 3973 905 4044 ἑαυτῷ
936 3974 1027 4027 τὸν
1077 3976 1156 4037 είς
1187 3974 1385 4045 ἀρετὴν
1437 3974 1549 4045 βίον
1605 3975 1937 4046 παρασκευά·

2057 3976 2231 4046 gloria
2270 3990 2369 4029 sua
2410 3970 2764 4046 splendorem
2810 3980 3056 4032 omnium
3087 3979 3288 4033 virtute
3332 3977 3630 4033 illustrium

373 4067 553 4130 ζοντα.
590 4065 728 4119 Ἀλλ’
758 4068 786 4119 6
819 4067 915 4136 μὲν
938 4064 1147 4118 ἐκείνου
1178 4065 1311 4135 βίος,
1341 4066 1435 4119 καὶ
1457 4067 1526 4119 τὰ
1554 4064 1748 4136 ἐφεξῆς
1767 4067 1937 4136 ἐπιτηι

2056 4067 2397 4130 ubscuravit,
2448 4068 2663 4139 longam
2703 4071 3059 4140 scriptionem
3111 4078 3165 4124 et
3203 4070 3436 4124 multum
3496 4079 3634 4124 tem-

371 4158 634 4230 δεύματα,
666 4159 732 4212 δι’
769 4154 843 4212 ὧν
876 4158 1171 4228 ὀνομαστὸς
1205 4159 1263 4210 έν
1292 4158 1439 4228 πάσῃ
1469 4160 1535 4226 τῇ
1574 4159 1665 4226 ὑφ’
1686 4158 1835 4227 ἣλιον
1866 4174 1937 4224 γει

2059 4159 2212 4229 poris
2251 4158 2589 4216 desiderant.
2641 4161 2988 4232 Quapropter
3020 4163 3174 4228 illuc,
3213 4162 3359 4217 unde
3383 4162 3634 4231 digressa

371 4251 594 4321 νόμενος
616 4290 631 4316 ,
681 4251 966 4322 ἀπέκρυψε
1010 4252 1074 4320 τῇ
1121 4250 1247 4320 δόξῃ
1279 4248 1489 4312 πάντας
1520 4250 1653 4312 τοὺς
1700 4251 1758 4302 έν
1787 4250 1937 4319 ἀρετῇ

2059 4256 2165 4312 est,
2191 4258 2383 4303 nostra
2416 4258 2726 4305 revertatur
2746 4253 2943 4308 oratio.
2971 4250 3109 4306 Cum
3132 4253 3249 4322 ipsa
3274 4267 3305 4306 a
3327 4267 3387 4307 se
3416 4267 3633 4306 omnem

372 4341 798 4411 διαλάμψαντας,
825 4342 1037 4411 μακρᾶς
1070 4340 1135 4393 ἂν
1172 4341 1254 4411 είη
1294 4340 1616 4409 συγγραφῆς
1644 4340 1736 4392 καὶ
1766 4341 1937 4410 χρόνοι

2061 4342 2480 4398 turbulentioris
2525 4346 2648 4399 vita:
2681 4346 2965 4401 materiam
3009 4352 3371 4415 amputasset,
3404 4358 3636 4414 persua-

375 4426 571 4484 πολ-λοῦ
596 4446 609 4459 ·
648 4429 770 4500 ἐμοὶ
795 4431 852 4483 δὲ
887 4430 1023 4501 πρὸς
1053 4431 1113 4481 τὸ
1142 4428 1500 4500 προκείμενον
1558 4429 1718 4482 πάλιν
1746 4431 1774 4482 6
1804 4428 1937 4495 λόγος

2063 4433 2136 4487 sit
2163 4436 2348 4500 matri,
2392 4443 2475 4499 ut,
2519 4437 2708 4491 relicta
2740 4437 2991 4508 pristina?
3042 4438 3170 4493 vitae
3208 4437 3632 4501 consuetudine,

374 4519 683 4592 τετράφθω.
745 4520 963 4591 Ἐπειδὴ
1009 4520 1117 4590 γὰρ
1170 4521 1353 4589 πάσης
1397 4518 1769 4588 ὑλωδεστέρας
1814 4517 1937 4588 ξωῆ‹

2059 4527 2400 4597 elatioreque
2448 4529 2663 4584 vivendi
2714 4533 2899 4597 modo,
2948 4546 3087 4601 quas
3134 4539 3253 4587 arte
3291 4531 3544 4587 subditas
3581 4539 3636 4585 et

378 4612 632 4675 ὑπόθεσις
660 4611 761 4682 ήδη
789 4611 958 4681 αὐτῆς
989 4611 1373 4682 περικέκοπτο,
1419 4610 1595 4662 πείθει
1620 4610 1718 4681 τὴν
1750 4609 1937 4680 μητέρι

2061 4616 2294 4671 ancillas
2326 4618 2391 4670 ad
2428 4635 2564 4673 usus
2600 4622 2856 4689 proprios
2885 4621 3234 4686 adhibuerat,
3266 4637 3455 4678 secum
3484 4623 3636 4692 ejus-

378 4702 783 4758 καταλιποῦσαν
809 4703 901 4754 τὸν
927 4702 984 4754 ὲν
1017 4702 1127 4754 ἔθει
1161 4701 1296 4771 βίον,
1329 4700 1423 4754 καὶ
1452 4701 1549 4768 τὴν
1580 4700 1937 4770 κομπωδεστέη

2060 4706 2180 4762 dem
2226 4708 2396 4761 sortis
2437 4716 2603 4779 atque
2649 4711 2863 4766 ordinis
2918 4728 3041 4767 esse
3071 4715 3271 4777 vellet,
3324 4725 3489 4784 atque
3526 4730 3636 4773 una

380 4814 479 4868 ραν
499 4795 794 4865 διαγωγὴν,
822 4796 915 4849 καὶ
945 4794 1043 4857 τὰς
1071 4795 1133 4846 ὲκ
1159 4794 1267 4846 τῶν
1297 4793 1622 4864 ὑποχειρίων
1646 4792 1937 4863 θεραπείας

2062 4813 2188 4851 cum
2235 4799 2347 4853 illis
2396 4800 2567 4855 vitam
2622 4817 2746 4855 eum
2790 4803 3102 4872 virginibus
3155 4806 3488 4862 traduceret.
3530 4807 3637 4861 Sed

378 4883 465 4950 αἷς
490 4886 799 4958 προείθιστο
827 4885 968 4939 κατὰ
1000 4885 1089 4937 τὸν
1111 4883 1414 4955 ἔμπροσθεν
1442 4885 1630 4955 χρόνον
1653 4927 1667 4950 ,
1699 4884 1937 4955 ὁμότιμοι

2062 4890 2404 4946 narrationis
2437 4891 2589 4945 filum
2643 4894 2767 4948 volo
2815 4909 3115 4964 parumper
3151 4896 3536 4958 intermittere,
3570 4914 3640 4953 ne

375 4978 630 5047 γενέσθαι
652 4979 765 5041 τοῖς
794 4976 1010 5038 πολλοῖς
1040 4975 1117 5044 τῷ
1147 4976 1455 5046 φρονήματι
1484 5014 1499 5038 ,
1542 4976 1635 5028 καὶ
1661 4975 1932 5045 καταμῖξαι

2062 4996 2203 5045 rem,
2236 4996 2344 5050 qua
2379 4982 2694 5038 sublimitas
2721 4983 2950 5053 virginis
2996 4987 3169 5054 magis
3192 4987 3528 5054 declaratur,
3565 4989 3641 5044 si-

376 5072 474 5141 τὴν
514 5070 649 5124 ίδίαν
699 5070 845 5140 ζωὴν
893 5071 959 5138 τῇ
1011 5068 1147 5138 μετά
1200 5068 1307 5120 τῶν
1342 5067 1627 5136 παρθένων
1674 5069 1911 5137 διαγωγῇ

2064 5070 2235 5124 lentio
2264 5078 2633 5125 transeamus.

376 5166 504 5227 ὅσας
543 5160 655 5233 εἶχε
687 5162 803 5231 μεθ’
828 5160 1025 5227 ἑαυτῆς
1060 5160 1125 5211 ὲκ
1165 5158 1437 5220 δουλίδων,
1470 5158 1563 5210 καὶ
1596 5159 1920 5228 ὑποχειρίων
1958 5159 2214 5229 ἀδελφὰς,
2245 5163 2340 5215 καὶ
2366 5161 2660 5230 ὁμοτίμους
2693 5164 3034 5233 ποιησαμένη
3061 5182 3075 5195 ⁸
3129 5166 3328 5234 μᾶλλον
3354 5168 3412 5221 δὲ
3450 5168 3644 5239 μικρόν

378 5269 429 5305 τι
462 5253 718 5323 βούλομαι
757 5250 1101 5321 παρενθεῖναι
1134 5247 1212 5318 τῷ
1242 5247 1556 5317 διηγήματι,
1591 5246 1686 5299 καὶ
1715 5247 1789 5317 μὴ
1828 5248 2203 5320 παραδραμεῖν
2229 5249 2580 5319 ἀνιστόρητον
2606 5250 2837 5319 πρᾶγμα
2863 5251 3122 5318 τοιοῦτον,
3146 5250 3227 5306 ’δι’
3254 5246 3316 5307 οὗ
3353 5256 3550 5326 μᾶλλον
3580 5258 3647 5311 τὸ

380 5344 583 5413 ὑψηλὸν
610 5346 707 5413 τῆς
742 5344 1011 5415 παρθένου
1043 5340 1474 5412 καταμηνύεται.

450 5430 558 5486 Ἦν
600 5434 708 5485 τῶν
752 5435 1032 5504 τεσσάρων
1076 5432 1340 5501 ἀδελφῶν,
1372 5434 1400 5485 6
1427 5431 1675 5501 δεύτερος
1707 5432 1841 5503 μετά
1870 5434 1961 5487 τὸν

386 5522 557 5594 μέγαν
588 5521 888 5587 Βασίλειον,
921 5522 1267 5593 Ναυκράτιος
1293 5520 1483 5591 ὄνομα,
1518 5520 1732 5589 φύσεως
1770 5520 1962 5591 εὐκλη-

2134 5434 2210 5490 Ex
2243 5444 2483 5506 quatuor
2517 5434 2782 5492 fratribus
2823 5436 2872 5493 is
2903 5437 2997 5508 qui
3032 5439 3339 5494 secundum
3378 5442 3643 5498 Basilium

2064 5535 2196 5579 natu
2237 5525 2511 5578 maximus
2540 5536 2678 5589 erat,
2710 5526 3043 5582 Naucratius
3073 5530 3392 5591 vocabatur,
3426 5530 3643 5600 juvenis

388 5615 500 5686 ρία,
529 5613 623 5666 καὶ
659 5611 907 5681 σώματος
941 5613 1148 5676 κάλλει,
1180 5612 1275 5666 καὶ
1318 5612 1499 5683 ῥώμῃ,
1536 5611 1629 5664 καὶ
1661 5611 1835 5681 τάχει,
1871 5631 1936 5666 κα

2061 5616 2282 5671 eximiis
2342 5623 2458 5668 tum
2496 5615 2699 5683 ingenii
2746 5623 2863 5670 tum
2916 5619 3170 5690 corporis
3228 5620 3451 5675 dotibus
3503 5636 3644 5689 prae-
3690 5680 3691 5683 η

384 5709 453 5778 τῇ
502 5705 633 5776 πρὸς
684 5705 790 5758 πᾶν
840 5704 1233 5776 ἐπιτηδειότητι
1290 5705 1560 5774 διαφέρων
1614 5703 1721 5758 τῶν
1765 5704 1936 5760 ἄλλων

2063 5708 2251 5763 ditus:
2280 5720 2406 5761 nam
2433 5716 2487 5764 et
2515 5706 2928 5778 pulchritudine
2945 5717 3006 5783 et
3032 5711 3231 5769 robore
3258 5718 3313 5767 et
3332 5711 3639 5776 releritate,
