4092 6368
429 349 535 410 967

1629 353 1687 408 S.
1731 354 2056 410 GREGORII
2097 355 2391 412 NYSSENI

3581 361 3687 419 968

428 477 484 522 et
517 465 799 521 habilitate
836 467 1076 537 quadam
1109 469 1175 524 ad
1207 469 1390 524 omnia
1431 469 1737 540 peragenda
1773 472 2004 541 reliquis

2123 472 2388 543 προελθὼν
2416 466 2568 538 οὗτος
2598 473 2673 536 είς
2700 471 2950 543 δεύτερον
2985 473 3104 539 ἔτος
3141 475 3235 528 καὶ
3265 475 3508 528 εἰκοστὸν
3531 515 3546 538 ,
3587 480 3684 532 καὶ

430 559 749 631 praestabat.
795 558 898 625 Qui
940 575 1063 615 cum
1106 561 1427 615 vicesimum
1478 562 1778 615 secundum
1822 563 2001 618 aetatis

429 663 635 706 annum
697 650 1062 714 confecisset,
1112 651 1454 720 dicendoque
1503 651 1720 721 publice
1753 653 1860 707 tale
1891 661 2004 708 stu-

433 739 650 792 diorum
697 754 922 794 suorum
957 738 1233 808 specimen
1286 738 1561 803 dedisset,
1611 749 1672 793 ut
1709 757 1869 794 omne
1908 756 2004 795 au-

430 831 702 885 dientium
761 831 1036 882 theatrum
1103 829 1277 898 ipsius
1334 829 1699 885 admiratione
1755 847 2003 886 commo-

432 930 676 984 veretur,
708 921 891 974 divina
923 920 1159 990 quadam
1197 921 1541 991 providentia
1572 937 1770 993 magno
1809 923 2005 980 mentis

435 1015 638 1083 impetu
673 1012 895 1077 ductus,
938 1013 1138 1082 spretis
1172 1013 1428 1069 omnibus
1477 1029 1599 1084 quae
1647 1014 1706 1068 in
1751 1015 2006 1070 manibus

435 1105 703 1168 habebat,
747 1101 814 1156 ad
872 1103 1176 1158 solitariam
1212 1113 1266 1158 et
1310 1103 1526 1172 inopem
1559 1105 1726 1159 vitam
1772 1121 1832 1161 se
1873 1122 2008 1160 con-

435 1197 582 1259 tulit,
616 1196 750 1248 nihil
793 1210 979 1249 secum
1012 1202 1209 1264 praeter
1245 1195 1485 1265 scipsum
1528 1193 1731 1250 ferens.
1769 1194 2007 1251 Secutus

435 1295 523 1343 est
559 1302 684 1341 eum
729 1302 759 1341 e
817 1286 1138 1341 domesticis
1188 1302 1332 1341 unus
1360 1286 1736 1358 Chrysaphius
1787 1289 2010 1343 nomine

436 1380 528 1449 qui
559 1387 613 1434 et
644 1379 796 1432 illum
841 1378 1124 1449 diligebat,
1162 1387 1217 1434 et
1247 1378 1441 1434 eodem
1475 1381 1600 1434 vitae
1641 1379 1827 1434 studio
1860 1388 2010 1436 tene-

436 1473 618 1525 batur.
663 1470 869 1526 Nactus
906 1471 1075 1542 igitur
1131 1486 1412 1528 secessum
1453 1473 1744 1541 quemdam
1786 1482 2011 1543 propter

436 1560 634 1616 lridem
683 1562 805 1633 (est
852 1570 1032 1618 autem
1086 1562 1187 1618 Iris
1245 1563 1443 1620 ﬂuvius
1488 1565 1581 1635 qui
1634 1580 1732 1634 per
1777 1565 2011 1619 mediam

439 1653 593 1707 Ponti
625 1655 958 1724 provinciam
985 1653 1206 1718 labitur,
1239 1664 1394 1711 ortus
1425 1655 1758 1726 principium
1791 1656 1858 1709 ab
1893 1653 2013 1725 ipsa

438 1743 650 1796 ducens
681 1743 957 1806 Armenia,
991 1758 1090 1812 per
1137 1743 1526 1813 regionemque
1556 1753 1801 1799 nostram
1838 1743 2016 1798 inﬂuit

2107 565 2228 627 δοὺς
2250 564 2357 616 τῶν
2378 564 2592 617 οίκείων
2619 564 2794 616 πόνων
2822 565 2914 617 ἐπὶ
2948 565 3210 635 δημοσίας
3237 567 3406 637 ἀκοῆς
3429 565 3529 631 τὰς
3551 569 3685 622 ἀποο

2109 646 2465 718 δείξεις,ῶστε
2485 654 2632 708 ἅπαν
2652 656 2736 707 ἐπ’
2759 655 2907 725 αὐτῷ
2935 655 3214 726 σεισθῆναι
3239 657 3347 710 τῶν
3375 659 3682 713 ἀκουόντων

2109 744 2169 796 τὸ
2191 744 2432 816 θέατρον,
2461 743 2578 814 θείᾳ
2603 745 2709 796 τινὶ
2739 745 3048 817 προμηθείᾳ
3075 746 3183 800 τῶν
3210 749 3267 799 ἐν
3299 749 3486 820 χερσὶν
3523 751 3687 804 ἀπάν-

2109 852 2217 888 των
2247 835 2536 908 ὑπεριδὼν,
2578 837 2713 908 πρὸς
2751 836 2842 890 τὸν
2883 839 3089 910 μονήρη
3119 839 3214 891 καὶ
3244 839 3526 909 ἀκτήμονα
3577 843 3692 913 βίον

2111 928 2353 998 ἀπῆλθεν
2379 931 2435 981 ἐν
2469 930 2680 1003 μεγάλῃ
2701 931 2810 984 τινὶ
2830 930 2929 1001 τῆς
2954 931 3188 994 διανοίας
3210 933 3377 1002 ὁρμῇ,
3407 933 3559 988 οὐδὲν
3591 937 3690 989 ἐπ-

2113 1018 2376 1092 αγόμενος
2397 1021 2515 1093 μεθ’
2537 1023 2731 1078 ἑαυτοῦ
2751 1023 2888 1096 πλὴν
2905 1023 3119 1076 ἑαυτοῦ·
3144 1023 3328 1078 εἵπετο
3355 1025 3410 1079 δέ
3435 1044 3521 1091 τις
3545 1029 3696 1102 αύτῷ

2115 1111 2331 1165 καὶτῶν
2346 1112 2570 1166 οίκετῶν
2588 1115 2900 1184 Χρυσάφιος
2924 1115 3180 1186 τοῦνομα,
3201 1115 3279 1186 τῷ
3295 1133 3353 1168 τε
3371 1118 3504 1188 πρὸς
3532 1121 3692 1173 αὑτὸν

2115 1203 2257 1274 ἔχειν
2275 1205 2482 1257 ἐκεῖνον
2503 1205 2841 1274 ἐπιτηδείως,
2866 1207 2960 1260 καὶ
2980 1206 3058 1276 τῷ
3076 1207 3174 1278 τὴν
3194 1208 3360 1278 αὐτὴν
3373 1209 3690 1279 προαίρεσιν

2117 1295 2245 1364 περὶ
2271 1295 2363 1347 τὸν
2397 1294 2509 1364 βίον
2535 1295 2916 1366 ἐνστήσασθαι.
2959 1298 3123 1367 Διῆγε
3147 1297 3323 1351 τοίνυν
3355 1299 3477 1353 καθ’
3501 1302 3692 1355 ἐαυτὸν

2117 1388 2376 1458 ἐσχατιάν
2405 1405 2527 1443 τινα
2556 1388 2896 1455 καταλαϐὼν,
2937 1390 3072 1462 πρὸς
3101 1389 3180 1461 τῷ
3213 1391 3390 1460 Ἴριδι.
3442 1394 3693 1466 Ποταμὸς

2117 1480 2175 1532 δέ
2199 1481 2228 1532 ὁ
2252 1475 2391 1550 Ἶρις
2421 1480 2556 1546 ἐστὶ,
2587 1480 2750 1550 μέσον
2783 1480 3045 1553 διαρρέων
3089 1483 3179 1535 τὸν
3210 1485 3410 1537 Πόντον
3434 1498 3450 1515 ⁶
3503 1485 3563 1549 ὃς
3598 1487 3694 1540 ἀπ’

2119 1570 2291 1640 αὐτῆς
2310 1570 2410 1640 τῆς
2443 1571 2729 1642 Ἀρμενίας
2750 1571 2847 1634 τὰς
2871 1570 3044 1643 ἁρχάς
3071 1573 3227 1642 ἔχων,
3257 1573 3344 1629 διά
3365 1575 3472 1628 τῶν
3497 1577 3697 1646 ἡμετέ-

2122 1678 2232 1731 ρων
2260 1661 2461 1725 τόπων,
2493 1661 2586 1714 ἐπὶ
2613 1661 2704 1714 τὸν
2735 1663 2989 1729 Εὐξείνου
3023 1664 3220 1718 Πόντον
3263 1665 3326 1719 τὸ
3356 1666 3570 1738 ῥεῖθρον
3601 1670 3698 1721 ἐκ-

2122 1752 2328 1808 δίδωσι.
2367 1752 2504 1822 Περὶ
2527 1753 2715 1807 τοῦτον
2745 1753 2919 1826 εὑρών
2943 1773 3064 1808 τινα
3105 1755 3271 1810 τόπον
3298 1759 3326 1811 ὁ
3353 1759 3566 1823 νεανίας
3596 1759 3701 1833 ὕλῃ

441 1833 496 1886 in
545 1834 780 1886 Pontum
823 1832 1160 1902 Euxinum),
1197 1836 1339 1904 apud
1387 1836 1530 1892 hunc
1563 1836 1788 1891 ﬂuvium
1825 1844 2018 1892 nactus

2124 1844 2315 1916 βαθείᾳ
2344 1845 2619 1916 κομῶντα,
2665 1846 2755 1899 καὶ
2785 1845 2945 1915 λόφον
2971 1847 3094 1901 τινὰ
3125 1848 3223 1912 τῆς
3255 1829 3700 1921 ὑπερτεταμένης

439 1925 764 1980 adolescens
827 1925 1007 1980 locum
1083 1928 1375 1997 quemdam
1436 1929 1626 1986 densis
1689 1930 2010 1984 nemoribus

439 2016 736 2078 consitum,
777 2027 831 2070 et
867 2016 1061 2071 collem
1093 2018 1260 2072 dorso
1299 2021 1546 2088 prmcelsi
1582 2022 1784 2077 montis
1814 2037 2010 2091 smper-

440 2117 673 2161 extenso
701 2106 1065 2170 reconditum,
1119 2106 1172 2160 in
1208 2122 1274 2162 co
1304 2110 1492 2178 procul
1539 2111 1607 2165 ab
1656 2111 1880 2165 urbanis
1933 2118 2013 2164 tu-

442 2199 708 2253 multibus
755 2197 1120 2267 omnibusque
1151 2206 1265 2252 tum
1304 2200 1511 2253 militiae
1541 2209 1654 2254 tum
1681 2201 2013 2270 judiciorum

443 2290 948 2360 perturbationibus
977 2298 1029 2344 et
1055 2292 1286 2359 strepitu
1320 2291 1674 2358 constitutus,
1695 2293 1859 2347 vitam
1889 2307 2016 2363 age-

443 2380 556 2444 bat,
591 2393 761 2448 seque
808 2378 878 2431 ab
921 2378 1030 2432 illis
1076 2377 1366 2442 molestiis,
1397 2379 1599 2446 quibus
1631 2377 1868 2430 lnunana
1903 2377 2016 2431 vita

442 2480 697 2535 vexatur,
728 2471 992 2532 liberans,
1027 2485 1186 2525 senes
1236 2470 1503 2539 quosdam
1559 2469 1721 2524 simul
1770 2469 2017 2524 viventes

443 2571 686 2633 egestate
731 2570 785 2615 et
830 2561 1025 2614 morbo
1063 2561 1377 2616 laborantes
1400 2560 1663 2624 curabat,
1693 2558 1935 2613 studium
1965 2565 2020 2613 et

447 2653 726 2723 negotium
760 2651 894 2706 illud
931 2659 1128 2721 putans
1160 2666 1189 2705 a
1234 2666 1336 2706 suo
1368 2650 1584 2704 vivendi
1621 2650 1878 2704 instituto
1907 2665 2018 2703 non

448 2747 764 2800 abhorrere.
811 2742 1074 2797 Venando
1118 2742 1290 2811 igitur
1312 2743 1332 2812 (
1354 2741 1615 2812 quoniam
1651 2741 1717 2795 ad
1746 2755 1908 2795 omne
1935 2755 2024 2810 ge-

449 2852 558 2891 nus
598 2834 864 2890 venaticae
893 2833 1179 2889 industriae
1209 2832 1605 2888 solertissimus
1624 2833 1776 2901 erat)
1813 2834 2022 2886 victum

450 2925 678 2982 senibus
711 2924 1056 2995 quaeritabat.
1099 2930 1154 2978 et
1176 2923 1263 2977 bis
1293 2923 1573 2978 laboribus
1610 2923 1814 2993 pariter
1841 2923 2026 2975 doma-

452 3020 546 3073 bat
601 3015 1071 3072 adolescentiam:
1106 3030 1207 3070 nec
1247 3015 1319 3069 ob
1370 3014 1424 3068 id
1481 3014 1649 3068 alacri
1703 3013 1888 3068 animo
1917 3028 2027 3066 ma-

2115 1937 2208 1990 τοῦ
2235 1937 2395 2006 ὅρους
2421 1936 2610 2008 ῥαχίας
2638 1938 3104 2008 ἐγκεκρυμμένον,
3124 1941 3181 1992 ἐν
3210 1940 3358 2010 αύτῴ
3383 1941 3558 2011 διῆγε,
3588 1942 3705 1994 τῶν

2118 2028 2368 2081 ἀστυκῶν
2409 2028 2651 2099 θορύϐων
2688 2029 2780 2082 καὶ¹
2809 2029 2914 2082 τῶν
2941 2029 3047 2083 ἀπὸ
3079 2031 3364 2102 στρατείας
3388 2050 3447 2085 τε
3475 2034 3568 2087 καὶ
3591 2034 3702 2087 τῶν

2119 2121 2176 2172 ἐν
2205 2118 2573 2190 δικαστηρίοις
2602 2120 2895 2190 ῥητορικῆς
2923 2120 3315 2192 ἀσχολημάτων
3343 2123 3532 2195 πόρρω
3554 2123 3701 2191 γενό-

2125 2227 2304 2280 μενος.
2367 2210 2477 2262 Καὶ
2506 2209 2724 2264 πάντων
2754 2211 2862 2263 τῶν
2889 2213 3016 2282 περ)⁸
3039 2212 3129 2264 τὸν
3159 2212 3271 2282 βίον
3297 2213 3702 2286 περιηχούντων

2121 2298 2218 2368 τὴν
2266 2297 2610 2369 ἀνθρωπίνην
2661 2299 2804 2368 ζωὴν
2872 2300 3062 2353 ἑαυτὸν
3111 2301 3478 2373 ἐλευθερώσας
3504 2344 3521 2366 ,
3577 2304 3704 2366 τοὺς

2122 2387 2433 2457 πρεσϐύτας
2459 2387 2610 2453 τινὰς
2654 2389 2810 2461 πενίᾳ¹
2844 2391 2936 2443 καὶ
2960 2391 3241 2462 ἀρρωστίᾳ,
3268 2390 3559 2456 συζῶντας,
3584 2395 3702 2455 ταῖς

2128 2477 2286 2542 ίδίαις
2310 2479 2495 2548 χερσὶν
2524 2479 2818 2549 ἐθεράπευε
2845 2497 2860 2512 ο
2896 2481 3124 2551 πρέπειν
3154 2482 3455 2553 δοκιμάσας
3479 2484 3557 2554 τῷ
3590 2483 3706 2554 ἰδίῳ

2127 2566 2227 2640 βίῳ
2286 2568 2387 2640 τὴν
2443 2568 2700 2640 τοιαύτην
2759 2570 3015 2641 ἀσχολίαν
3073 2572 3163 2626 διὰ
3219 2574 3494 2642 φροντίδος
3537 2575 3704 2644 ἔχειν.

2125 2660 2382 2732 Θηρεύων
2413 2662 2590 2717 τοίνυν
2628 2662 2817 2732 ίχθύας
2847 2664 3078 2734 ῆγρευεν
3103 2666 3132 2718 ό
3165 2666 3425 2732 γεννάδας
3450 2683 3463 2696 “
3490 2667 3584 2719 καὶ
3617 2667 3707 2720 διὰ

2125 2752 2188 2804 τὸ
2213 2752 2347 2823 πρὸς
2376 2753 2485 2805 πᾶν
2532 2747 2672 2815 εἶδος
2723 2752 3050 2824 θηρευτικῆς
3097 2754 3338 2817 ἐπινοίας
3388 2753 3706 2824 ἐπιτηδείως

2128 2845 2289 2914 ἔχειν,
2316 2843 2533 2913 ἐπόριζε
2561 2843 2649 2897 διὰ
2678 2844 2776 2914 τῆς
2806 2845 2974 2914 θήρας
3005 2848 3116 2910 τοῖς
3147 2845 3430 2914 στέργουσι
3454 2843 3552 2916 τὴν
3578 2861 3707 2916 τροο

2130 2935 2235 3003 φήν
2257 2950 2271 2964 ·
2305 2932 2398 2986 κει)⁸
2427 2934 2524 3005 τὴν
2547 2934 2774 3006 νεότητα
2796 2937 2907 2999 τοῖς
2932 2936 3192 3000 τοιούτοις
3220 2935 3334 3007 ἅμα
3363 2935 3707 3006 κατεδάμαζε

2131 3024 2312 3087 πόνοις
2338 3039 2350 3053 ·
2398 3023 2534 3077 ἀλλά
2576 3024 2670 3077 καὶ
2707 3027 2818 3088 τοῖς
2850 3025 3121 3096 μητρῲοις
3148 3025 3464 3097 θελήμασιν,
3498 3024 3707 3079 εἴποτέ

456 3123 624 3167 ternae
663 3109 933 3164 voluntati
980 3123 1172 3178 parere
1210 3107 1516 3171 desinebat,
1569 3106 1616 3163 si
1657 3106 1790 3176 quid
1841 3107 1910 3160 ab
1962 3122 2018 3161 ea

2130 3131 2184 3166 τι
2214 3115 2342 3185 παρ’
2369 3114 2538 3186 αὐτῆς
2563 3115 2950 3186 προσταχθείη,
2981 3115 3274 3187 προθύμως
3304 3111 3610 3186 ὑπηρετῶν,
3638 3115 3707 3169 δι’

455 3202 750 3275 aliquando
785 3174 1169 3264 mandabatur,
1203 3199 1411 3270 duplici
1451 3200 1635 3254 studio
1674 3174 1824 3255 recte
1856 3199 2018 3252 vitam

2132 3207 2456 3278 ἀμφοτέρων
2491 3206 2770 3280 κατώρθου
2803 3207 2892 3261 τὸν
2924 3207 3038 3279 βίον
3062 3224 3076 3238 ο
3106 3209 3218 3272 τοῖς
3244 3225 3302 3261 τε
3331 3208 3511 3270 πόνοις
3537 3225 3709 3262 καταε

457 3294 839 3357 instituens,ut
859 3299 913 3346 et
929 3291 1116 3346 labore
1137 3291 1405 3346 fervorem
1431 3291 1606 3346 aetatis
1631 3291 2027 3361 exstingueret,

453 3394 512 3438 ct
539 3382 896 3453 obsequendo
928 3381 1088 3436 matri
1119 3388 1270 3436 recta
1300 3382 1386 3435 via
1416 3381 1483 3434 ad
1517 3380 1683 3435 Deum
1718 3395 1815 3452 per
1844 3381 2030 3436 divina

459 3475 720 3530 mandata
750 3473 1132 3529 contenderet.

533 3566 625 3621 Sic
652 3565 818 3636 igitur
845 3563 1262 3634 philosopharis,
1296 3569 1351 3617 et
1381 3563 1491 3617 vita
1521 3577 1618 3618 sua
1653 3569 1883 3618 matrem
1911 3565 2032 3619 bea-

455 3664 571 3712 tam
615 3657 886 3722 reddens,
941 3654 1196 3722 quintum
1232 3668 1437 3707 annum
1473 3663 1767 3724 exegerat,
1810 3669 1936 3708 cum
1978 3663 2032 3712 et

471 3747 840 3817 temperantia
885 3754 1077 3814 pectus
1110 3745 1404 3800 instrueret
1433 3752 1487 3799 et
1523 3746 1652 3798 totis
1684 3745 1893 3799 viribus
1925 3761 2035 3799 ma-

458 3839 562 3893 tris
597 3839 997 3907 obsequeretur
1025 3835 1333 3900 voluntati,
1376 3835 1599 3906 quando
1627 3835 1825 3890 misere
1866 3836 2032 3903 dolis,

459 3935 522 3982 ut
547 3929 764 3998 opinor.
801 3925 1100 3982 adversarii
1149 3940 1315 3995 grave
1345 3933 1398 3981 et
1421 3926 1690 3996 tragicum
1725 3927 1926 3981 vulnus
1957 3928 2037 3982 in-

460 4021 667 4074 ﬂictum
697 4028 781 4075 est
810 4018 956 4089 quod
986 4017 1304 4072 calamitate
1333 4029 1388 4074 et
1413 4032 1650 4073 mmrore
1678 4024 1850 4072 totam
1885 4017 2038 4074 latui-

461 4113 589 4166 iiam
629 4109 828 4165 aﬂeeit.
872 4108 1120 4178 Repente
1165 4109 1310 4162 enim
1343 4107 1662 4164 adolescens
1695 4108 1821 4162 vitae
1861 4111 2039 4164 subri-

461 4204 632 4274 pitur,
674 4219 782 4257 non
821 4203 1013 4256 morbo
1061 4203 1246 4271 aliquo
1282 4210 1377 4256 aut
1425 4202 1585 4257 solita
1635 4202 1742 4256 ulla
1778 4205 1993 4259 ratione
2017 4243 2032 4267 ,

461 4297 756 4350 immatura
777 4308 953 4350 morte
983 4294 1238 4350 sublatus
1263 4311 1278 4348 :
1313 4294 1408 4348 sed
1437 4311 1560 4348 cum
1595 4294 1660 4348 ad
1686 4297 2034 4350 venationem

2130 3299 2346 3370 κρατῶν
2366 3299 2468 3369 τῆς
2499 3300 2768 3370 νεότητος,
2797 3302 2862 3371 τῇ
2880 3317 2937 3353 τε
2969 3300 3096 3371 περὶ
3127 3299 3227 3372 τὴν
3255 3299 3466 3370 μητέρα
3485 3298 3709 3369 σπουδῇ,

2129 3384 2219 3437 διὰ
2245 3384 2352 3439 τῶν
2385 3386 2547 3440 θείων
2573 3386 2824 3454 ἐντολῶν,
2871 3387 3008 3460 πρὸς
3043 3388 3136 3442 τὸν
3164 3388 3296 3442 Θεὸν
3336 3387 3708 3459 εὐοδούμενος.

2200 3565 2458 3637 Πέμπτον
2486 3565 2744 3635 διήγαγεν
2777 3564 2895 3628 ἔτος
2929 3563 3116 3619 τοῦτον
3146 3565 3235 3619 τὸν
3267 3567 3469 3639 τρόπον
3497 3568 3713 3636 φιλοσοο

2133 3657 2268 3726 φῶν,
2296 3657 2391 3710 καὶ
2421 3656 2760 3728 μακαριστὴν
2787 3656 2954 3710 ποιῶν
2981 3656 3078 3726 τὴν
3103 3656 3313 3728 μητέρα
3339 3661 3404 3727 τῇ
3439 3657 3548 3728 ἰδίᾳ.
3571 3659 3709 3726 ζωῇ,

2131 3742 2212 3811 οἷς
2235 3764 2293 3799 τε
2329 3746 2654 3817 κατεκόσμει
2685 3747 2772 3801 διὰ
2808 3746 3158 3816 σωφροσύνης
3196 3745 3294 3817 τὴν
3328 3747 3505 3801 οἰκίαν
3542 3747 3710 3818 ζωὴν,

2133 3835 2215 3903 οἷς
2255 3857 2315 3892 τε
2357 3842 2581 3910 παρεῖχε
2616 3841 2796 3892 πᾶσαν
2827 3837 2924 3908 τὴν
2953 3837 3182 3908 δύναμιν
3207 3837 3399 3892 ἑαυτοῦ
3431 3839 3510 3910 τῷ
3552 3839 3714 3912 θελή-

2139 3949 2268 4002 ματι
2291 3931 2389 3999 τῆς
2417 3929 2844 4000 γεννησαμένης.
2877 3922 3008 3981 Εἶτα
3040 3927 3178 3998 βαρύ
3217 3945 3270 3980 τι
3315 3929 3412 3982 καὶ
3447 3931 3713 4001 τραγικὸν

2136 4021 2304 4084 πάθος
2329 4021 2386 4088 ἐξ
2421 4019 2709 4088 ἐπιϐουλῆς
2727 4060 2742 4082 ,
2766 4015 2937 4088 οἶμαι,
2968 4018 3061 4070 τοῦ
3090 4017 3467 4087 ἀντικειμένου
3503 4023 3572 4090 τῇ
3607 4039 3715 4092 μη·-

2137 4115 2225 4186 τρὶ
2255 4111 2550 4182 συνηνέχθη
2572 4154 2586 4178 ,
2613 4110 2642 4162 ὃ
2672 4112 2832 4164 παντὶ
2863 4109 2942 4179 τῷ
2985 4109 3129 4176 γένει
3158 4109 3294 4180 πρὸς
3342 4112 3628 4182 συμφοράν
3654 4129 3716 4166 τε

2138 4208 2233 4261 καὶ
2267 4203 2458 4267 πένθος
2495 4203 2821 4273 ἐπήρκεσεν.
2865 4201 3153 4269 Αίφνιδίως
3186 4202 3293 4272 γὰρ
3331 4202 3397 4255 ἐκ
3429 4202 3528 4271 τῆς
3568 4201 3714 4273 ζωῆς

2137 4296 2530 4368 ἀναρπάζεται,
2563 4294 2624 4346 οὐ
2662 4294 2962 4362 νοσήματος
2991 4290 3419 4362 προελπισθῆναι
3453 4291 3516 4346 τὸ
3542 4293 3714 4357 πάθος

463 4387 746 4457 prolectus
772 4393 951 4449 esset,
983 4400 1094 4455 qua
1129 4384 1401 4440 industria
1441 4386 1595 4440 senio
1623 4385 1889 4442 confectis
1928 4387 2018 4441 illi:

2140 4385 2680 4458 παρασκευάσαντος,
2712 4383 2810 4436 οὐκ
2835 4381 2992 4436 ἄλλου
3019 4383 3260 4436 τοιούτου
3287 4383 3432 4447 τινὸς
3461 4384 3569 4436 τῶν
3591 4401 3716 4438 συν·

465 4477 630 4529 victui
682 4475 1066 4544 suppeditabat
1112 4476 1426 4530 necessaria
1453 4517 1467 4539 ,
1511 4485 1765 4531 mortuus
1815 4478 2018 4532 donum

2144 4477 2290 4550 ήθων
2337 4476 2430 4528 καὶ
2457 4475 2746 4546 γνωρίμων
2775 4473 3144 4542 ἐπαγαγόντος
3179 4474 3257 4545 τῷ
3293 4474 3398 4545 νέῳ
3427 4475 3519 4528 τὸν
3556 4476 3718 4531 θάνα-

465 4572 795 4633 reportatur,
827 4579 935 4618 una
962 4579 1088 4618 cum
1125 4564 1220 4618 illo
1251 4564 1370 4633 ipso
1403 4567 1557 4620 socio
1587 4578 1641 4621 et
1666 4567 1720 4621 iu
1749 4569 1900 4622 omni
1931 4569 2018 4624 vit:

2141 4585 2232 4621 τον
2261 4584 2276 4598 ·
2311 4564 2424 4618 ἀλλ’
2472 4567 2564 4617 ἐπὶ
2595 4564 2766 4635 θήραν
2811 4565 3092 4636 ὁρμήσας,
3125 4564 3192 4618 δι’
3228 4560 3296 4637 ἧς
3336 4569 3564 4637 παρεῖχε
3597 4571 3712 4630 τοῖς

463 4655 920 4725 coniunctissimo
958 4654 1325 4726 Cbrysaphio.
1379 4656 1574 4712 Procul
1622 4668 1801 4713 autem
1859 4661 2018 4716 abera

2141 4656 2652 4731 γηρωκομουμένοις
2677 4656 2746 4709 τά
2788 4656 3066 4727 ἐπιτήδεια
3085 4695 3100 4719 ,
3130 4655 3322 4727 νεκρὸς
3348 4657 3427 4728 τῷ
3451 4657 3586 4729 οἴκῳ
3618 4659 3716 4712 αὺ-

465 4752 663 4810 mater,
717 4745 882 4796 trium
933 4744 1147 4798 dierum
1196 4744 1394 4799 itinere
1451 4745 1521 4802 ab
1555 4761 1619 4801 ea
1655 4757 1865 4802 remota
1899 4749 2017 4803 cala

2141 4749 2236 4803 τοῦ
2263 4748 2594 4816 ἐπανάγεται
2621 4786 2636 4808 ,
2676 4746 2838 4808 αὑτός
2869 4763 2930 4800 τε
2981 4748 3186 4810 ἐκεῖνος
3211 4788 3226 4810 ,
3271 4748 3366 4801 καὶ
3409 4749 3437 4801 ό
3463 4749 3717 4812 κοινωνὸς

467 4837 678 4890 unitate.
702 4835 835 4900 Quae
879 4835 1006 4888 licet
1041 4834 1096 4887 in
1127 4834 1278 4888 omni
1311 4850 1511 4904 genere
1546 4837 1765 4893 virtutis
1796 4838 2018 4908 perfect:

2141 4839 2290 4909 αύτῷ
2315 4837 2408 4892 τοῦ
2439 4837 2552 4906 βίου
2587 4835 2922 4906 Χρυσάφιος.
2949 4836 3147 4906 nepam
3173 4835 3230 4888 δέ
3255 4829 3324 4905 ἦν
3364 4836 3472 4890 τῶν
3500 4837 3719 4907 γινομέ-

465 4936 636 4992 esset,
667 4936 848 4981 tamen
878 4941 1003 4979 eum
1033 4933 1142 4978 tam
1170 4926 1426 4982 acerbum
1457 4928 1714 4982 nuntium
1742 4943 1772 4982 a
1801 4930 2018 4999 quodan

2141 4931 2301 5000 νωνή
2331 4930 2530 5000 μήτηρ,
2554 4927 2716 4999 τριῶν
2747 4927 2968 4998 ἡμερῶν
2999 4927 3118 4980 ὁδὸν
3147 4925 3436 4996 ἀφεστῶσα
3465 4928 3564 4998 τῆς
3592 4946 3722 4998 συμ-

467 5019 795 5087 accepisset,
841 5024 1065 5082 natura,
1097 5024 1159 5070 ut
1191 5030 1291 5086 par
1318 5025 1424 5079 est,
1462 5027 1775 5087 superante,
1797 5020 2018 5090 collaps:

2143 5024 2335 5094 φορᾶς.
2355 5021 2464 5075 Καί
2485 5037 2570 5084 τις
2605 5018 2829 5088 ἀφὺιετο
2853 5021 2981 5090 παρ’
3004 5018 3172 5089 αὐτὴν
3203 5018 3424 5088 μηνύων
3443 5020 3507 5073 τὸ
3530 5019 3720 5082 πάθοςο

465 5111 890 5178 exanimataque
914 5117 1126 5163 tantum
1154 5125 1265 5164 non
1286 5110 1448 5166 simul
1473 5126 1597 5165 cum
1618 5126 1756 5166 voce
1786 5111 2018 5181 spiritun

2141 5117 2174 5184 ή
2206 5113 2263 5168 δέ
2290 5111 2470 5166 τελεία
2505 5111 2602 5182 μὲν
2630 5113 2743 5174 τοῖς
2791 5113 2914 5164 κατ’
2944 5109 3144 5180 ἀρετὴν
3183 5109 3386 5163 ἅπασιν
3427 5105 3498 5180 ῆν
3523 5151 3538 5171 ,
3586 5109 3725 5179 πλὴν

468 5201 672 5256 amisit.
720 5199 884 5255 Ratio
911 5201 1060 5256 enim
1088 5201 1296 5257 doloris
1329 5201 1709 5271 magnitudine
1737 5204 1881 5260 victa
1909 5218 2018 5258 suc

2143 5204 2361 5275 ἐκράτει
2391 5201 2651 5270 κάκείνης
2703 5201 2846 5255 κατὰ
2877 5201 2941 5254 τὸ
2991 5196 3107 5254 ἴσον
3149 5201 3184 5270 ἡ
3218 5200 3728 5268 φύσις.“οκλάσασα

466 5290 690 5356 cubuit,
729 5291 956 5361 ipsaque
997 5291 1162 5346 veluti
1212 5306 1512 5362 generosus
1557 5293 1780 5364 quidam
1839 5293 2018 5349 athlct:

2143 5295 2252 5365 γὰρ
2284 5295 2381 5364 τὴν
2413 5292 2611 5364 ψυχὴν,
2639 5290 2842 5354 ἄπνους
2861 5308 2921 5344 τε
2953 5291 3046 5344 καὶ
3074 5290 3346 5359 ἄφθογγος
3380 5290 3728 5363 παραχρῆμα

467 5380 765 5448 improviso
791 5382 1019 5436 vulnere
1048 5383 1250 5437 afﬂicta
1280 5383 1474 5452 jacuit.

2149 5386 2364 5452 ἐγένετο
2386 5423 2401 5448 ,
2439 5382 2534 5436 τοῦ
2574 5379 2834 5452 λογισμοῦ
2869 5379 2946 5450 τῷ
2990 5379 3151 5434 πάθει
3184 5383 3722 5453 παραχωρήσαντος,

468 5470 563 5524 καὶ
605 5469 782 5524 ἔκειτο
826 5471 960 5541 ὁμοῦ
993 5475 1058 5543 τῇ
1093 5473 1362 5545 προσϐολῇ
1407 5475 1507 5545 τῆς
1568 5475 1809 5546 πονηρᾶς
1858 5475 2064 5548 ἀκοῆς,
2103 5476 2354 5546 καθάπερ
2401 5490 2486 5536 τις
2534 5471 2772 5543 ἀθλητὴς
2808 5471 3074 5540 γενναῖος,
3115 5471 3510 5544 ἀπροσδοκήτῳ
3551 5485 3723 5526 κατα-

471 5559 747 5613 πισθείσα
776 5557 958 5630 πληγῇ
970 5600 983 5613 .

543 5649 641 5704 llic
677 5663 882 5717 magnae
934 5647 1191 5704 Macrinm
1240 5650 1414 5706 virtus
1453 5653 1729 5724 apparuit,
1778 5670 1898 5726 qua:
1929 5671 2040 5710 non

2231 5651 2318 5704 Ἐν
2351 5647 2528 5720 τούτῳ
2577 5648 2634 5700 δὲ
2682 5646 2852 5716 ἐφάνη
2910 5645 3011 5716 τῆς
3067 5649 3306 5720 μεγάλης
3351 5651 3636 5722 Μακρίνης
3689 5652 3727 5723 ἢ

472 5740 648 5797 solum
684 5753 742 5794 se
771 5737 1035 5802 invictam,
1060 5749 1222 5809 atque
1263 5748 1502 5796 erectam
1548 5743 1807 5809 servavit,
1851 5759 2041 5800 verum

2149 5742 2353 5814 ἀρετήο
2401 5741 2550 5803 ὅπως
2586 5738 2662 5808 τῷ
2707 5737 2866 5793 πάθει
2913 5739 3002 5793 τὸν
3036 5739 3293 5811 λογισμὸν
3332 5743 3722 5813 ἁντιστήσασςι,
