4092 6368
448 361 546 419 θπ

1695 359 1753 417 S.
1799 359 2132 417 GREGORII
2167 360 2460 417 NYSSENI

3588 359 3698 416 972

451 483 609 532 nocte
640 472 1106 530 intermittebatur
1136 492 1147 529 ε
1173 483 1233 529 ιιι
1262 472 1315 528 in
1344 488 1407 528 ea
1432 489 1491 530 re
1541 483 1597 530 et
1618 490 1758 547 opus
1781 475 2024 547 ipsarum

2139 474 2264 531 εἶναι
2301 478 2476 545 τοῦτο,
2506 479 2601 532 καὶ
2624 478 2802 550 ἔργον,
2835 475 3153 531 ἀνάπαυσιν.
3185 475 3294 546 Τὴν
3317 473 3494 529 τοίνυν
3520 473 3702 528 τοιαῦ-

450 567 656 639 pariter
699 575 756 622 ct
807 566 967 637 quies
999 567 1350 623 consisteret.
1391 564 1653 633 Quaenam
1704 567 1873 638 igitur
1922 568 2028 623 hu-

450 674 614 714 mana
639 658 860 715 dicendi
888 659 978 722 vis
992 658 1139 713 hanc
1168 657 1391 713 vivendi
1430 658 1705 715 rationem
1743 661 2030 731 explicare

451 753 649 825 queat?
682 751 812 806 Erat
863 752 1112 822 ipsarum
1159 750 1265 804 vita
1314 751 1457 806 inter
1512 751 1809 807 humanam
1862 754 2029 810 coele-

453 850 707 913 stemquc
740 848 991 896 naturam
1043 839 1364 912 interjeeta,
1396 842 1689 914 utriusque
1716 844 2028 915 particeps,

454 930 677 1002 utrique
739 929 970 984 ﬁnitima
1007 948 1023 986 :
1056 931 1265 986 etenim
1309 940 1582 1002 quatenus
1632 933 1703 988 ab
1771 934 2030 991 humanis

454 1008 965 1094 perturbationibus
990 1037 1049 1080 se
1072 1022 1403 1091 vindicarat,
1439 1023 1681 1081 hominis
1712 1026 2032 1083 conditione

455 1114 807 1185 praestantior
846 1124 999 1183 erat;
1038 1122 1311 1186 quatenus
1348 1123 1533 1173 autem
1568 1117 1625 1172 in
1654 1131 1886 1189 corpore
1912 1134 2033 1175 cer-

453 1205 711 1270 nebatur,
739 1212 795 1262 et
820 1205 1066 1261 hominis
1092 1205 1485 1263 continebatur
1507 1206 1679 1278 ﬁgura
1695 1218 1749 1264 et
1768 1226 2029 1266 sensuum

453 1293 839 1350 instrumentis
873 1293 1155 1359 utebatur,
1182 1295 1444 1365 angelica:
1469 1302 1525 1350 et
1547 1297 1800 1366 corporis
1821 1299 2031 1370 experti

454 1391 667 1439 natura:
699 1384 975 1441 cedebat:
1010 1384 1159 1440 ausit
1199 1386 1429 1441 forsitan
1484 1386 1688 1459 aliquis
1721 1390 1885 1444 etiam
1920 1405 2033 1446 non

456 1476 776 1532 inferiorem
829 1491 954 1535 esse
994 1478 1353 1535 contendere.
1395 1477 1857 1551 Quandoquidem
1904 1496 2030 1537 eum

455 1582 622 1627 carne
648 1570 916 1635 viventes,
966 1569 1034 1626 ad
1082 1570 1504 1628 similitudinem
1547 1575 1862 1629 vacantium
1909 1589 2035 1630 cor-

457 1672 589 1727 pore
611 1668 967 1728 potestatum,
998 1674 1166 1719 onere
1186 1664 1441 1733 corporis
1467 1679 1576 1719 non
1608 1665 2030 1735 premebantur:

455 1749 553 1805 sed
596 1751 817 1807 excelsa
866 1758 923 1806 et
951 1752 1208 1811 sublimis
1251 1764 1374 1811 erat
1425 1770 1618 1813 earum
1647 1757 1783 1824 vita,
1832 1758 2036 1830 quippe

2128 586 2228 639 την
2257 567 2531 639 διαγωγὴν
2572 567 2658 632 τίς
2684 567 2751 621 ἂν
2799 568 2888 620 ὑπ’
2913 567 3035 637 ὄψιν
3068 566 3265 636 ἀγάγοι
3291 564 3449 634 λόγος
3489 563 3702 635 ἀνθρὼο

2130 671 2322 719 πινος;
2359 657 2495 726 Παρ*
2524 649 2607 719 οἷς
2639 654 2890 727 μεθόριος
2921 650 2991 725 ἦν
3033 656 3067 726 ή
3099 654 3213 726 ζωὴ
3252 653 3355 723 τῆς
3386 670 3448 707 τε
3493 652 3703 724 ἀνθρω-

2132 744 2292 816 πίνης
2336 744 2430 798 καὶ
2455 745 2556 815 τῆς
2600 744 2893 815 ἀσωμάτου
2923 742 3157 813 φύσεως.
3187 742 3261 797 Τὸ
3290 742 3388 814 μὲν
3418 744 3527 813 γάρ
3554 741 3706 795 ἐλευ-

2131 834 2436 906 θερωθῆναι
2473 836 2582 889 τῶν
2625 835 2981 908 ἀνθρωπίνων
3022 834 3361 907 παθημάτων
3404 833 3502 905 τὴν
3544 831 3707 903 φύσιν

2132 930 2379 998 κρεῖττον
2430 928 2464 1000 ἢ
2518 929 2657 983 κατά
2704 927 2992 998 ἄνθρωπον
3023 921 3119 997 ἦν·
3167 925 3231 979 τὸ
3275 925 3334 979 δέ
3385 926 3446 979 ἐν
3492 922 3706 995 σώματι

2131 1018 2414 1089 φαίνεσθαι
2435 1018 2532 1073 καὶ
2560 1019 2799 1090 σχήματι
2826 1015 3225 1090 περιειλῆφθαι.
3256 1014 3350 1071 καὶ
3378 1017 3490 1080 τοῖς
3516 1014 3708 1087 αἰσθη-

2131 1113 2300 1174 τικοῖς
2330 1110 2581 1182 ὀργάνοις
2614 1109 2818 1181 συζῆν,
2877 1112 2935 1162 ἐν
2975 1108 3148 1178 τούτῳ
3178 1108 3279 1178 τῆς
3313 1106 3606 1178 ἀγγελικῆς
3646 1123 3707 1159 τε

2132 1206 2228 1259 καὶ
2254 1207 2545 1276 ἀσωμάτου
2573 1205 2788 1275 φύσεως
2838 1204 2899 1259 τὸ
2953 1204 3172 1257 ἔλαττον
3197 1199 3361 1272 εἶχον.
3389 1199 3544 1269 Τάχα
3572 1198 3618 1252 δ’
3641 1196 3708 1251 ἀν

2131 1314 2214 1360 τις
2243 1297 2515 1367 τολμήσας
2548 1296 2690 1350 εῖποι
2723 1296 2857 1367 μηδέ
2910 1295 3339 1365 καταδεεστέραν
3378 1293 3475 1364 τὴν
3502 1290 3712 1363 παραλ-

2132 1388 2303 1459 λαγὴν
2334 1384 2472 1442 εἶναι
2497 1404 2512 1420 ·
2561 1388 2642 1442 δτι
2688 1388 2853 1459 σαρκὶ
2905 1386 3211 1452 συζῶντες,
3264 1384 3386 1438 καθ’
3418 1382 3709 1454 ὁμοιότητα

2132 1478 2241 1532 τῶν
2275 1479 2581 1549 ἀσωμάτων
2604 1477 2906 1549 δυνάμεων,
2931 1478 3031 1532 οὐκ
3054 1476 3349 1550 ἐϐαροῦντο
3369 1474 3449 1547 τῷ
3475 1473 3711 1543 ἐφολκίῳ

2133 1569 2227 1625 τοῦ
2261 1570 2511 1642 σώματος
2532 1587 2544 1600 ·
2598 1570 2714 1625 ἀλλ’
2745 1572 3033 1643 ἀνωφερής
3083 1588 3144 1624 τε
3186 1569 3284 1626 καὶ
3323 1568 3593 1641 μετέωρος
3640 1561 3711 1637 ἦν

2135 1661 2312 1717 αὐτῶν
2361 1664 2394 1733 ή
2430 1661 2582 1734 ζωὴ,
2631 1663 2752 1726 ταῖς
2795 1661 3073 1733 οὐρανίαις
3115 1656 3713 1732 συμμετεωροποροῦσα

2133 1754 2430 1826 δυνάμεσι·
2465 1753 2655 1825 χρόνος
2697 1748 2767 1825 ἦν
2812 1752 2912 1824 τῆς
2958 1752 3213 1822 τοιαύτης
3263 1749 3575 1821 διαγωγῆς,
3611 1747 3711 1802 οὐκ

457 1855 582 1911 qua:
638 1841 753 1897 alto
796 1852 1097 1915 erectaque
1143 1845 1330 1902 animo
1375 1862 1501 1902 eum
1555 1818 1875 1907 coelestibus
1925 1818 2036 1907 illis

2139 1818 2317 1915 ὀλίγος
2340 1862 2354 1876 ·
2382 1818 2802 1915 καί-’συνηύξετο
2847 1818 2924 1915 τῷ
2961 1844 3138 1917 χρόνῳ
3169 1818 3244 1898 τὰ
3270 1818 3671 1915 κατορθώματα
3691 1876 3712 1904 ,

458 1931 830 2003 potestatibus
868 1933 1255 1997 versabantur.
1303 1935 1363 1992 ln
1394 1937 1501 1994 hoc
1533 1939 1751 1995 vivendi
1780 1940 2038 1998 instituto

457 2038 568 2085 non
602 2038 771 2095 parvo
808 2031 1057 2095 tempore
1090 2026 1366 2094 vixerant,
1409 2044 1536 2083 cum
1564 2029 1807 2086 assiduis
1842 2032 2038 2087 inven-

2140 1936 2227 1991 ἀεὶ
2259 1936 2394 2007 πρὸς
2419 1935 2483 1990 τὸ
2518 1933 2900 2007 καθαρώτερον
2938 1937 3056 1998 ταῖς
3090 1934 3197 1989 τῶν
3242 1930 3713 2005 ἐφευρισκομέννων

2141 2027 2362 2098 ἀγαθῶν
2395 2027 2734 2100 προσθήκαις
2756 2028 2855 2098 τῆς
2887 2027 3203 2097 φιλοσοφίας
3231 2025 3592 2096 ἐπιδιδούσης.

458 2123 641 2171 torum
672 2115 943 2172 bonorum
977 2118 1417 2185 accessionibus,
1457 2121 1749 2193 sapientia:
1780 2124 2026 2180 studium
2062 2129 2328 2196 augentes
2359 2122 2427 2176 ad
2496 2122 2760 2194 majorem
2824 2121 2997 2177 animi
3038 2121 3363 2176 munditiam
3414 2116 3715 2191 appropin-

459 2215 717 2279 quarent.

529 2299 610 2353 Ad
653 2298 799 2354 hunc
842 2308 1021 2354 autem
1064 2307 1177 2354 tam
1228 2301 1553 2370 praeclarum
1610 2316 1839 2375 scopum
1880 2320 2035 2361 asse-

459 2389 734 2461 quendum
769 2403 971 2461 magno
994 2400 1114 2445 erat
1143 2390 1463 2462 adjumenlo
1487 2393 1656 2450 frater
1689 2394 1909 2466 quidam
1942 2412 2035 2453 eo-

461 2485 587 2538 dem
638 2468 707 2537 ex
763 2487 919 2536 utero
950 2481 1153 2545 editus,
1188 2484 1281 2553 qui
1315 2483 1509 2541 Petrus
1564 2487 1958 2557 appellabatur,
1985 2488 2041 2542 in

463 2585 576 2642 quo
605 2568 858 2641 pariendi
889 2568 1108 2626 dolores
1138 2570 1350 2627 ﬁnierat
1376 2581 1549 2628 mater
1580 2589 1593 2625 :
1630 2575 1719 2630 hic
1736 2575 1880 2630 enim
1913 2576 2044 2630 ulti-

463 2677 588 2717 mus
618 2677 649 2716 a
677 2661 995 2731 parentibus
1030 2670 1321 2732 susceptus
1346 2673 1433 2719 est
1462 2663 1631 2731 ﬁlius,
1664 2668 1759 2738 qui
1800 2667 1965 2723 simul
1993 2677 2048 2723 et

462 2759 627 2808 natus
655 2762 712 2807 et
748 2751 921 2808 orbus
957 2751 1078 2807 fuit.
1110 2752 1232 2819 Quo
1261 2752 1408 2809 enim
1448 2761 1693 2827 tempore
1731 2758 1847 2827 ipse
1883 2758 1938 2813 in
1962 2758 2045 2813 lu-

2196 2295 2309 2354 Ἦν
2331 2299 2388 2352 δέ
2418 2299 2579 2370 αὐτῇ,
2605 2300 2635 2353 ὁ
2664 2299 2896 2370 μάλιστα
2926 2297 3063 2370 πρὸς
3087 2298 3179 2353 τὸν
3207 2299 3377 2371 μέγαν
3405 2299 3592 2355 τοῦτον
3620 2300 3715 2354 τοῦ

2135 2393 2249 2463 βίου
2302 2391 2500 2444 σκοπὸν
2546 2391 2853 2463 ὑπηρετῶν,
2904 2392 3131 2463 ἀδελφός
3178 2410 3261 2456 τις
3315 2393 3672 2462 ὁμογάστριος
3695 2434 3712 2458 ,

2136 2484 2339 2554 Πέτρος
2376 2482 2545 2552 ὄνομα
2570 2482 2719 2552 αὐτῷ
2740 2522 2754 2546 ,
2805 2483 2891 2552 ἐφ’
2915 2477 2960 2552 ᾧ
2987 2482 3180 2554 ἔληξαν
3206 2484 3307 2553 τῆς
3332 2485 3537 2555 μητρὸς
3558 2484 3716 2555 ήμῶν

2138 2575 2193 2627 αί
2229 2572 2437 2636 ὠδῖνες.
2485 2563 2653 2634 Οὗτος
2684 2571 2792 2643 γάρ
2824 2568 2892 2644 ἦν
2933 2574 2962 2625 ὁ
2999 2572 3306 2636 τελευταῖος
3351 2572 3461 2626 τῶν
3508 2573 3718 2628 ὠδίνων

2144 2662 2371 2734 βλαστός
2394 2680 2409 2693 ο
2448 2662 2508 2725 ὃς
2548 2662 2682 2733 ὁμοῦ
2723 2681 2783 2717 τε
2828 2664 2969 2728 υίὸς,
3000 2663 3094 2718 καὶ
3125 2664 3358 2734 ὀρφανὸς
3384 2664 3673 2735 ὠνομάσθη
3694 2681 3711 2695 ο

2144 2755 2261 2825 ἃμα
2300 2754 2407 2826 γὰρ
2434 2754 2513 2824 τῷ
2542 2754 2830 2828 παρελθεῖν
2861 2757 3049 2811 τοῦτον
3084 2757 3164 2819 είς
3203 2755 3322 2825 φῶς
3342 2796 3358 2824 ,
3398 2756 3716 2811 καταλείπει

458 2859 579 2905 cem
642 2842 929 2908 edebatur,
958 2855 1112 2911 pater
1159 2859 1192 2899 e
1229 2844 1342 2899 vita
1395 2845 1653 2904 decessit.
1705 2847 1884 2915 llunc,
1924 2866 2042 2921 qua:

2142 2844 2171 2896 ὁ
2198 2843 2376 2913 πατὴρ
2404 2844 2495 2896 τὸν
2523 2843 2654 2914 βίον.
2700 2844 2840 2897 Ἀλλ’
2873 2847 2906 2915 ή
2940 2843 3286 2917 πρεσϐυτάτη
3308 2844 3416 2899 τῶν
3447 2844 3715 2915 ἀδελφῶν,

460 2936 602 2990 inter
629 2934 836 2991 liberos
873 2946 995 2991 erat
1046 2942 1180 2989 natu
1222 2937 1461 2993 maxima
1487 2954 1635 3010 ,qua
1678 2940 1746 2997 de
1797 2941 2042 2995 instituta

2144 2934 2272 3005 περὶ
2300 2929 2368 3005 ἧς
2401 2936 2427 2986 ὁ
2458 2933 2613 3001 λόγος
2636 2972 2651 2999 ,
2689 2934 2860 3007 μικρά
2885 2935 2983 3005 τῆς
3027 2934 3194 3006 θηλῆς
3222 2935 3383 2991 αὑτὸν
3417 2936 3571 3009 παρά
3619 2937 3719 3009 τὴν

461 3028 576 3083 haec
627 3034 715 3083 est
756 3027 959 3092 oratio,
1013 3027 1178 3098 paulo
1225 3036 1352 3099 post
1379 3030 1504 3100 ejus
1553 3043 1736 3087 ortum
1777 3033 1847 3087 ab
1880 3035 2042 3090 ubere

2144 3024 2365 3095 πρώτην
2397 3024 2608 3093 γένεσιν
2641 3025 2994 3096 μετασχόντα,
3027 3028 3187 3092 εὐθὺς
3229 3028 3595 3082 ἀποσπάσασα
3620 3028 3722 3097 τῆς

460 3120 696 3193 nutricis
746 3120 1019 3177 sublatum
1046 3119 1162 3191 ipsa
1193 3122 1382 3177 statim
1422 3124 1690 3190 enntriit,
1726 3126 2042 3182 excellenti-

2147 3116 2568 3188 τιθηνουμένης,
2603 3116 2669 3170 δι’
2698 3118 2893 3189 ἑαυτῆς
2937 3119 3228 3191 ἀνατρέφει
3263 3137 3323 3173 τε
3360 3121 3453 3174 καὶ
3492 3121 3585 3175 ἐπὶ
3613 3124 3719 3174 πᾶ-

463 3229 570 3284 que
612 3214 907 3284 disciplina
948 3212 1242 3280 educavit,
1276 3216 1452 3272 sacris
1501 3218 1770 3274 institutis
1805 3233 1835 3272 a
1874 3234 2042 3289 puero

2148 3223 2247 3261 σαν
2274 3207 2370 3277 τὴν
2393 3206 2727 3279 ὑνᾲηλοτέραν
2757 3209 2930 3279 ἤγαγε
2970 3210 3269 3274 παίδευσιν,
3292 3213 3402 3275 τοῖς
3429 3212 3594 3283 ἱεροῖς
3613 3212 3720 3265 τῶν

462 3305 645 3374 ipsum
672 3303 958 3368 erudiens,
992 3304 1132 3360 adeo
1165 3313 1227 3359 ut
1260 3304 1397 3359 nihil
1430 3308 1527 3362 otii
1559 3308 1914 3374 concesserit,
1937 3324 2042 3379 quo

2150 3296 2487 3368 μαθημάτων
2539 3298 2603 3350 ἐκ
2636 3298 2846 3367 νηπίων
2895 3299 3058 3353 αὐτὸν
3112 3301 3460 3373 ἐνασκήσασα
3485 3341 3502 3367 ,
3534 3302 3610 3367 ὡς
3646 3303 3722 3374 μὴ

464 3403 650 3466 posset
696 3396 896 3451 studiis
946 3394 1205 3450 inanibus
1251 3410 1478 3461 vacare;
1513 3414 1636 3452 nam
1660 3399 1737 3453 illi
1787 3414 1848 3455 se
1872 3407 1926 3456 et
1951 3413 2042 3470 pa~

2145 3388 2324 3443 δοῦναι
2355 3392 2418 3457 τῇ
2447 3388 2589 3458 ψυχῇ
2619 3387 2812 3458 σχολὴν
2846 3390 2984 3458 πρός
3026 3407 3079 3443 τι
3106 3391 3214 3445 τῶν
3247 3392 3491 3462 ματαίων
3515 3393 3725 3448 ἐπικλι-

463 3496 603 3540 trem
629 3494 684 3539 et
713 3484 1039 3555 magistrum
1066 3492 1120 3538 et
1168 3484 1480 3550 custodem,
1522 3492 1578 3539 et
1613 3494 1864 3551 matrem,
1896 3497 1951 3541 et
1977 3486 2042 3542 ad

2148 3477 2325 3547 θῆναι.
2373 3477 2530 3529 Ἀλλά
2560 3478 2736 3533 πάντα
2760 3480 3027 3552 γενομένη
3058 3480 3135 3552 τῷ
3162 3482 3268 3554 νέῳ
3293 3524 3308 3546 ,
3337 3485 3517 3556 πατὴρ
3538 3525 3554 3547 ,
3578 3484 3725 3540 διδά-

467 3574 673 3642 nptima
719 3587 953 3644 quaeque
1014 3574 1408 3628 consultrieem
1464 3575 1719 3643 prmbnit,
1774 3576 2042 3647 talemque

2149 3569 2374 3632 σκαλος,
2407 3568 2783 3637 παιδαγωγὸς,
2818 3572 3003 3644 μήτηρ
3026 3612 3045 3637 ,
3098 3573 3305 3642 ἀγαθοῦ
3342 3576 3539 3641 παντὸς
3583 3577 3721 3648 σύμ-

467 3660 705 3714 reddidit
731 3669 792 3715 ut
829 3669 1121 3729 antequam
1145 3662 1431 3717 excederet
1455 3677 1485 3716 e
1510 3664 1740 3732 pueritia
1773 3664 1828 3718 in
1859 3675 2042 3721 tenere

2148 3660 2356 3723 ϐουλος,
2398 3659 2634 3713 τοιοῦτον
2668 3661 2831 3715 αὐτὸν
2864 3662 3268 3733 ἀπειργάσατο,
3297 3666 3373 3732 ὡς
3412 3667 3543 3739 πρὶν
3577 3669 3723 3734 ἐξελ-

467 3750 564 3804 illo
607 3751 786 3807 :rtatis
834 3750 971 3805 ﬁore
1000 3752 1065 3805 ad
1118 3751 1398 3806 excelsum
1431 3753 1787 3825 phiIOSOphia:
1821 3755 2042 3826 gradum

2149 3747 2261 3801 θεῖν
2292 3747 2388 3819 τὴν
2433 3748 2645 3819 ήλικίαν
2690 3748 2800 3803 τῶν
2852 3752 3057 3805 παίδων
3096 3753 3176 3808 ἔτι
3222 3757 3281 3808 ἐν
3321 3758 3621 3829 μειρακίῳ,
3651 3761 3719 3829 τῇ

468 3841 801 3897 ascenderit.
833 3841 910 3896 Ea
945 3843 1166 3913 quidem
1200 3852 1318 3898 erat
1342 3843 1547 3914 ingenii
1582 3846 1847 3911 bonitate,
1893 3860 1950 3902 ut
1982 3849 2042 3903 ad

2149 3838 2447 3909 ἁπαλότητι
2478 3842 2576 3911 τῆς
2615 3839 2831 3910 ἡλικίας
2876 3842 3139 3898 ἀνθοῦντα
3162 3884 3177 3905 ,
3215 3846 3354 3917 πρὸς
3387 3847 3478 3900 τὸν
3520 3848 3721 3918 ὑψηλὸν

469 3933 651 3987 omnia
683 3934 887 3989 artium
915 3948 1114 4004 genera
1143 3933 1307 3988 etiam
1353 3951 1476 4006 qua:
1502 3938 1757 3995 manibus
1788 3956 2042 3997 exercen-

2149 3931 2245 4001 τῆς
2278 3931 2592 3998 φιλοσοφίας
2621 3932 2822 3985 σκοπὸν
2854 3933 3178 4005 ἐπαρθῆναι.
3214 3937 3321 3991 Καί
3365 3954 3470 3992 τινι
3511 3939 3723 4008 φύσεως

467 4032 562 4080 tur
601 4023 970 4096 perdiscenda
995 4032 1157 4080 natus
1180 4040 1303 4081 esse
1340 4026 1621 4083 videretur
1647 4043 1662 4082 :
1704 4046 1875 4101 quare
1901 4032 2042 4085 nullo

2152 4022 2414 4093 εὐκληρίᾳ
2447 4022 2582 4092 πρὸς
2638 4024 2816 4077 πᾶσαν
2849 4024 3043 4095 τέχνην
3099 4026 3233 4080 ίδίαν
3261 4028 3361 4099 τὴν
3410 4028 3497 4082 διά
3541 4030 3723 4102 χειρὸς

468 4116 611 4172 duce
645 4115 946 4189 perfectam
980 4131 1173 4171 eorum
1218 4117 1469 4186 peritiam
1509 4128 1593 4174 est
1618 4131 1905 4177 assecutus
1932 4138 2042 4192 qua

2152 4112 2548 4183 ἐνεργουμένην
2569 4113 2885 4184 ἐπιτηδείως
2907 4114 3047 4185 ἔχειν
3068 4155 3084 4182 ,
3105 4116 3179 4180 ὡς
3205 4117 3431 4189 μηδενὸς
3454 4119 3725 4190 καθηγου-

470 4208 655 4263 οωιοτὶ
696 4207 873 4261 multo
926 4212 1174 4277 tempore
1209 4214 1266 4260 et
1298 4207 1482 4262 labore
1537 4208 1758 4265 discunt
1789 4226 1818 4265 a
1850 4226 2042 4283 prace‘

2157 4203 2318 4273 μένου
2339 4244 2353 4266 ,
2389 4203 2476 4256 διὰ
2505 4204 2683 4274 πάσης
2714 4204 2999 4276 ἀκριϐείας
3037 4207 3266 4262 ἑκάστου
3292 4209 3392 4280 τὴν
3415 4211 3724 4284 ἐπιστήμην

470 4298 742 4369 ptoribus.
796 4294 849 4354 ls
878 4309 1014 4367 ergo
1058 4294 1369 4351 studiorum
1411 4307 1764 4355 externorum
1820 4316 2042 4372 occupa

2155 4293 2614 4365 κατωρθωκέναι,
2666 4289 2742 4349 ὧν
2779 4295 2956 4369 χρόνῳ
3003 4299 3098 4353 καὶ
3135 4300 3281 4372 πόνῳ
3310 4303 3423 4367 τοῖς
3451 4303 3664 4369 πολλοῖς
3689 4307 3725 4377 ή

471 4390 655 4445 tiones
710 4397 1061 4459 aspernatus,
1107 4394 1160 4444 et
1196 4387 1477 4459 ingenium
1531 4389 1599 4444 ad
1632 4405 1826 4448 omnes
1883 4393 2042 4449 bona:

2160 4383 2393 4455 μάθησις
2417 4383 2641 4453 γίνεται.
2683 4380 2847 4450 Οὗτος
2872 4388 3048 4442 τοίνυν
3077 4388 3179 4459 τῆς
3206 4391 3335 4463 περὶ
3367 4393 3496 4457 τοὺς
3530 4394 3727 4462 ἔξωθεν

474 4478 799 4548 disciplinas
835 4478 1218 4549 percipiendas
1245 4489 1429 4549 aptum
1462 4480 1692 4547 habens,
1726 4498 2042 4555 semperque

2152 4474 2260 4528 τῶν
2291 4474 2464 4544 λόγων
2491 4475 2744 4546 ἀσχολίας
2774 4476 3041 4551 ὑπεριδὼν
3067 4517 3083 4543 ,
3109 4480 3296 4551 ἱκανὴν
3324 4480 3381 4535 δὲ
3409 4482 3726 4540 διδάσκαλον

475 4567 781 4638 respiciens
815 4568 884 4621 ad
938 4582 1207 4634 sororem,
1238 4583 1402 4637 quam
1436 4570 1545 4626 sibi
1597 4580 1854 4642 tanquam
1885 4576 2042 4631 totius

2156 4565 2355 4629 παντὸς
2385 4565 2592 4634 ἀγαθοῦ
2630 4566 2949 4637 μαθήματος
2997 4569 3096 4639 τὴν
3135 4570 3296 4639 φύσιν
3327 4570 3466 4644 ἔχων
3490 4615 3506 4640 ,
3552 4575 3639 4630 ἀεί
3666 4593 3725 4631 τε

473 4658 605 4714 boni
658 4672 885 4728 scopum
943 4666 1334 4728 proposuerat,
1358 4674 1455 4715 eos
1507 4661 1572 4716 ad
1608 4664 1866 4719 virtutem
1923 4680 2042 4735 pro-

2156 4654 2293 4727 πρὸς
2321 4654 2419 4726 τὴν
2444 4655 2679 4727 ἀδελφὴν
2706 4656 2915 4727 βλέπων
2939 4698 2955 4723 ,
2982 4659 3075 4713 καὶ
3108 4662 3307 4716 σκοπὸν
3344 4663 3551 4732 ἀγαθοῦ
3586 4684 3724 4722 παν-

476 4764 702 4821 gressns
724 4748 873 4810 fecit,
912 4756 971 4802 ut
1016 4749 1071 4804 in
1103 4749 1316 4820 reliqua
1348 4750 1458 4804 vita
1486 4766 1686 4822 magno
1708 4754 1913 4809 Basilio
1943 4756 2056 4810 vir-

478 4841 617 4896 tutis
666 4841 982 4912 praastantia
1034 4840 1207 4894 nihilo
1259 4838 1485 4896 inferior
1516 4839 1635 4897 fore
1666 4844 2051 4912 judicaretur:

479 4931 636 4989 Tune
678 4939 859 4987 autem
903 4932 1079 4987 sorori
1124 4937 1180 4985 et
1221 4929 1383 4985 matri
1416 4940 1533 4987 erat
1582 4932 1759 4989 instar
1786 4936 2055 5003 omnium,

481 5034 537 5079 et
561 5038 669 5079 una
689 5039 815 5080 cum
853 5022 963 5079 illis
998 5023 1065 5079 ad
1091 5022 1393 5094 angelicam
1438 5022 1587 5079 illam
1640 5025 1809 5081 vitam
1833 5033 2059 5115 conten:

482 5116 669 5176 debat.

554 5290 691 5344 Cum
731 5296 915 5346 autem
966 5289 1120 5361 gravi
1166 5288 1407 5361 quodam
1435 5298 1682 5363 tempore
1716 5289 2063 5347 laboraretur

486 5380 671 5449 inopia
690 5387 745 5435 et
767 5378 931 5446 fame,
952 5381 1221 5453 multique
1252 5379 1394 5437 fama
1424 5382 1797 5440 beneﬁcentia:
1837 5382 2063 5439 excitati

489 5468 729 5541 undique
746 5469 1094 5528 conﬂuerent
1132 5471 1201 5527 ad
1233 5486 1359 5529 eum
1391 5487 1696 5542 recessum,
1728 5488 1890 5545 quem
1917 5473 2066 5529 inco-

487 5561 707 5627 lebant;
746 5567 961 5615 tantum
1012 5561 1285 5619 industria
1323 5575 1424 5619 sua
1468 5563 1804 5635 pauperibus
1829 5562 2067 5619 cibario-

487 5671 612 5712 rum
667 5640 1147 5721 subministravit,
1192 5662 1253 5708 ut
1309 5652 1717 5711 adventantium
1755 5655 2063 5725 frequentia

466 5743 645 5818 ‘locus
670 5741 782 5813 ille,
809 5756 920 5799 non
964 5740 1509 5816 solitudo_videretur
1547 5757 1693 5810 esse,
1723 5742 1821 5801 sed
1846 5743 2060 5800 civitas.

1632 5846 1679 5878 ιοκ
1696 5847 1750 5879 .3.
1762 5845 1785 5858 I-
1799 5832 1833 5874 δ.

2155 4748 2245 4813 τὸς
2267 4748 2482 4818 ἐκείνην
2524 4747 2872 4817 ποιούμενος,
2903 4752 2983 4815 είς
3010 4753 3259 4809 τοσοῦτον
3300 4756 3572 4812 ἐπέδωκεν
3596 4760 3727 4830 ἀρε-

2156 4840 2255 4908 τῆς
2295 4836 2430 4904 εἶδος
2453 4880 2468 4904 ,
2504 4839 2579 4902 ὡς
2614 4840 2778 4910 μηδὲν
2804 4841 3025 4897 ἔλαττον
3059 4845 3151 4898 τοῦ
3179 4847 3414 4916 μεγάλου
3448 4849 3730 4906 Βασιλείου

2158 4929 2331 4990 δοκεῖν
2370 4929 2513 5000 ἔχειν
2537 4934 2596 5012 ἐν
2625 4934 2736 4996 τοῖς
2761 4935 2880 4986 κατ’
2906 4934 3105 5006 ἀρετὴν
3139 4938 3546 5009 προτερήμασιν
3572 4941 3630 4995 ὲν
3654 4940 3732 5012 τῷ
3758 4968 3762 4972 Α

2164 5017 2303 5089 μετά
2336 5018 2511 5073 ταῦτα
2683 5020 2815 5074 Τότε
2840 5021 2897 5075 δὲ
2922 5022 3043 5077 ἀντὶ
3069 5024 3287 5081 πάντων
3427 5027 3496 5099 τῇ
3528 5008 3730 5102 ἀδελφῇ

2037 5104 2047 5203 ξ
2152 5104 2345 5203 ’και-τῇ
2376 5110 2564 5203 μητρὶ,
2611 5112 2887 5183 συνεργῶν
2917 5113 3107 5180 αὐταῖς
3131 5115 3267 5189 πρὸς
3297 5118 3395 5189 τὴν
3437 5119 3733 5193 ἀγγελικὴν

2160 5199 2378 5271 ἐκείνην
2411 5199 2578 5272 ζωήν.

2234 5291 2335 5355 Ὃς
2364 5307 2495 5345 ποτε
2537 5294 2632 5347 καὶ
2678 5296 3004 5367 σιτολειψίας
3048 5298 3291 5372 χαλεπῆς
3321 5304 3698 5376 γεγενημένης
3717 5344 3734 5369 ,

2164 5379 2258 5433 καὶ
2304 5379 2515 5435 πολλῶν
2564 5383 2901 5455 πανταχόθεν
2956 5387 3100 5442 κατά
3133 5388 3322 5461 φήμην
3357 5391 3458 5462 τῆς
3490 5392 3739 5459 εὐποιίας

2165 5468 2302 5540 πρὸς
2328 5470 2429 5542 τὴν
2456 5471 2710 5543 ἐσχατιάν
2731 5513 2747 5540 ,
2783 5475 2843 5530 ἐν
2881 5468 2916 5549 ᾖ
2965 5476 3246 5549 κατῴκουν
3266 5520 3282 5548 ,
3331 5481 3696 5556 ἐπιρρεόντων
3718 5499 3737 5518 ο

2165 5560 2417 5616 τοσοῦτον
2439 5562 2505 5616 δι’
2535 5564 2783 5619 ἐπινοιιῖιν
2805 5566 2904 5630 τάς
2928 5568 3136 5639 τροφὰς
3164 5572 3490 5630 ἐπλεόνασεν
3510 5616 3527 5641 ,
3562 5576 3639 5642 ὡς
3662 5575 3740 5649 τῷ

2168 5650 2362 5721 πλήθει
2396 5650 2505 5707 τῶν
2544 5653 2973 5722 ἐπιφοιτώντων,
3019 5657 3173 5714 πόλιν
3196 5657 3334 5717 εἷναι
3371 5665 3469 5734 τὴν
3506 5667 3741 5737 ἐρημίαν

2167 5742 2370 5797 δοκεῖν·
2417 5742 2475 5797 ἐν
2510 5742 2682 5816 τούτῳ
2732 5745 2813 5809 είς
2856 5745 3035 5817 γῆρας
3083 5749 3310 5823 λιπαρὸν
3343 5754 3678 5826 προελθοῦσα
3702 5758 3741 5832 ή
