4092 6368
397 405 504 460 975

1632 401 1722 456 DE
1759 399 1926 456 VI'I'A
1958 400 2016 454 S.
2049 397 2403 454 MACRINIE.

3552 399 3658 454 974

399 526 584 592 μήτηρ
603 560 615 581 ,
650 521 786 590 πρὸς
815 521 904 574 τὸν
937 521 1070 574 Θεὸν
1101 521 1476 591 μετανίστατο,
1498 523 1554 574 ὲν
1592 523 1712 583 ταῖς
1737 519 1980 592 ἀμφοτέ-

2085 519 2303 574 Interim
2352 534 2517 573 senex
2544 517 2841 573 admodum
2901 525 3074 573 mater
3134 519 3189 573 in
3239 517 3530 588 utriusque
3564 520 3661 576 filii

399 629 509 682 ρων
535 612 644 664 τῶν
682 613 883 664 τέκνων
916 613 1073 682 χερσὶ
1108 611 1197 665 τὸν
1228 611 1340 680 βίον
1369 612 1568 682 ἑαυτῆς
1594 611 1976 664 ἀναπαύσασα.

397 699 508 767 ἾλΙς
545 703 694 768 ἄξιον
721 702 819 773 τὴν
849 703 946 773 τῆς
975 702 1224 771 εὐλογίας
1255 703 1536 773 ἱστορῆσαι
1566 702 1752 772 φωνὴν
1773 743 1785 764 ,
1889 703 1981 755 ἐπὶ

398 793 506 847 τῶν
533 795 737 846 τέκνων
776 793 1067 862 ἐχρήσατο,
1090 791 1200 845 τῶν
1230 809 1288 844 τε
1333 791 1407 862 μὴ
1440 791 1721 862 παρόντων
1748 793 1978 845 ἑκάστου

400 885 540 939 κατὰ
585 885 645 938 τὸ
686 884 822 953 πρὸς
851 885 1003 952 φίλον
1051 883 1467 954 ἐπιμνησθείσα,
1494 883 1569 946 ὡς
1600 883 1737 954 μηδὲ
1760 884 1854 936 ἕνα
1887 900 1980 952 γε·

398 976 582 1030 νέσθαι
628 975 728 1046 τῆς
778 975 1026 1043 εὐλογίας
1067 976 1376 1046 ὰπόκληρον
1407 1015 1421 1037 ,
1478 975 1572 1028 καὶ
1617 975 1981 1046 διαφερόντως

398 1068 524 1130 τοὺς
558 1067 832 1136 παρόντας
863 1068 998 1138 αὐτῇ
1044 1067 1121 1138 τῷ
1162 1067 1279 1137 Θεῷ
1329 1066 1417 1119 διὰ
1463 1071 1769 1138 προσευχῆς
1808 1085 1982 1138 παρα-

401 1159 627 1228 θεμένη.
667 1158 1150 1228 Παρακαθημένων
1188 1158 1294 1230 γὰρ
1330 1156 1464 1228 αὐτῇ
1498 1157 1639 1212 κατὰ
1667 1158 1728 1210 τὸ
1755 1157 1980 1225 πλάγιον

401 1251 486 1320 ἐφ’
519 1251 754 1321 ἑκάτερα
801 1250 902 1320 τῆς
939 1250 1125 1318 κλίνης
1167 1248 1274 1302 τῶν
1322 1249 1416 1303 δύο
1465 1250 1667 1302 τούτων
1692 1290 1706 1312 ,
1746 1251 1981 1321 ἑκατέρα

339 1330 351 1343 ’
403 1343 545 1414 χειρὶ
594 1341 920 1412 ἐφαψαμένη
952 1341 1060 1394 τῶν
1091 1342 1295 1398 τέκνων
1320 1384 1334 1408 ,
1365 1341 1536 1395 ταῦτα
1568 1341 1702 1410 πρὸς
1728 1342 1817 1395 τὸν
1850 1341 1982 1394 Θεὸν

401 1432 552 1489 εἶπεν
578 1436 637 1489 ἐν
658 1435 994 1497 τελευταίαις
1021 1437 1244 1502 φωναῖς
1282 1453 1300 1485 ι
1324 1435 1434 1498 Sol,
1464 1433 1656 1505 Κύριε,
1687 1435 1780 1486 καὶ
1802 1434 1983 1504 ἀπάρ-

400 1543 566 1596 χομαι
595 1563 614 1591 ,
649 1527 746 1579 καί⁹
791 1525 1110 1579 ἀποδεκατῶ
1167 1527 1258 1582 τὸν
1320 1527 1530 1597 καρπὸν
1591 1528 1696 1580 τῶν
1753 1528 1978 1582 ὠδίνων.

413 1620 658 1688 Ἀπαρχή
693 1635 781 1687 μοι
833 1621 867 1688 ἡ
920 1618 1262 1688 πρωτότοκος
1317 1619 1488 1689 αῦτη,
1524 1620 1617 1671 καὶ
1667 1619 1984 1682 ὲπιδέκατος

399 1707 552 1772 οὗτος
593 1711 626 1780 ή
671 1710 952 1763 τελευταία
981 1711 1127 1774 ὠδίς.
1159 1712 1248 1764 Σο)⁵
1286 1711 1343 1763 δὲ
1370 1713 1669 1782 ἀφιέρωται
1708 1714 1859 1782 παρὰ
1889 1713 1982 1766 τοῦ

399 1803 564 1872 νόμου
594 1803 851 1872 ἑκάτερα,
886 1806 980 1856 καὶ
1007 1805 1078 1856 σά
1104 1805 1250 1855 ἐστιν
1277 1804 1621 1873 ἀναθήματα.
1659 1803 1866 1856 Οὐκοῦν
1897 1803 1982 1856 ἕλ-

401 1890 482 1944 θοι
521 1894 549 1944 ὁ
589 1892 862 1961 ἁγιασμὸς
899 1891 991 1945 ἐπί
1027 1910 1087 1944 τε
1134 1893 1234 1961 τὴν
1278 1893 1451 1962 ἀρχήν
1494 1910 1594 1964 μου
1622 1893 1852 1962 ταύτην,
1889 1893 1983 1945 καὶ
2017 1873 2055 1926 Β

400 1984 490 2036 ἐπὶ
511 1983 570 2036 τὸ
602 1984 916 2037 ἐπιδέκατον
943 1983 1098 2036 τοῦτο
1119 2000 1131 2012 ·
1155 2002 1173 2034 ι
1206 1984 1427 2050 δείξασα
1447 1987 1564 2046 ταῖς
1591 1985 1980 2047 ἐπιδεικτικαῖς

401 2078 604 2143 φωναῖς
645 2076 742 2148 τὴν
797 2075 1070 2145 θυγατέρα
1132 2076 1224 2129 καὶ
1261 2075 1351 2129 τὸν
1401 2076 1584 2129 παῖδα.
1641 2077 1705 2130 Ἢ
1755 2076 1852 2146 μὲν
1889 2073 1981 2130 οὖν

397 2168 492 2220 τοῦ
516 2168 756 2236 εὐλογεῖν
783 2167 1131 2238 παυσαμένη,
1158 2167 1252 2220 καὶ
1281 2157 1374 2220 τοῦ
1418 2167 1516 2238 ζῇν
1547 2166 1844 2230 ἐπαύσατο,
1869 2169 1980 2232 τοῖς

400 2262 587 2314 παισίν
622 2260 972 2330 ὲπισκήψασα
997 2261 1056 2312 τὸ
1084 2263 1149 2330 τῇ
1184 2260 1412 2330 πατρῴα⁸
1452 2260 1595 2330 σορῷ
1629 2260 1720 2312 καὶ
1747 2259 1811 2311 τὸ
1839 2257 1981 2311 ὲκεί-

397 2369 496 2422 νης
541 2350 898 2404 ἐναποθὲσθαι
945 2350 1122 2420 σῶμα.
1160 2352 1220 2403 Οἱ
1253 2351 1310 2402 δὲ
1344 2350 1728 2421 πληρώσαντες
1765 2349 1827 2401 τὸ
1867 2348 1979 2400 δια-

396 2444 769 2511 τεταγμένον,
822 2442 1154 2512 ὐψηλότερον
1209 2443 1415 2513 εἴχοντο
1468 2443 1570 2511 τῆς
1629 2441 1975 2510 φιλοσοφίας,

397 2535 484 2586 ἀεὶ
542 2532 678 2603 πρὸς
740 2534 834 2585 τὸν
901 2533 1028 2586 ἴδιον
1079 2533 1493 2604 διαμιλλώμενοι
1553 2533 1703 2602 βίον,
1769 2534 1860 2586 καὶ
1910 2535 1977 2588 τὰ

399 2624 679 2694 φθάσαντα
736 2626 846 2678 τῶν
904 2625 1342 2696 κατορθωμάτων
1412 2627 1524 2688 τοῖς
1581 2624 1777 2694 ἐφεξῆς
1837 2625 1976 2676 ἀπο.

398 2718 752 2790 κρύπτοντες.

481 2813 569 2866 Ἐν
610 2811 783 2882 τούτῳ
816 2813 844 2863 ὁ
881 2811 1047 2873 πολὺς
1079 2812 1135 2863 ἐν
1167 2811 1340 2880 ἁγίοις
1372 2809 1648 2873 Βασίλειος
1673 2811 1772 2881 τῆς
1809 2810 1978 2880 μεγά-

398 2903 496 2974 λης
524 2904 846 2973 Καισαρέων
885 2902 1206 2972 Ἐκκλησίας
1237 2903 1516 2973 ἀνεδείχθη
1550 2904 1860 2974 προστάτης
1879 2921 1890 2932 ·
1919 2903 1978 2965 ὃς

400 2993 492 3044 ἐπὶ
531 2993 622 3047 τὸν
662 2993 863 3064 κλῆρον
904 2994 1002 3063 τῆς
1035 2995 1092 3045 ὲν
1125 2992 1203 3062 τῷ
1241 2993 1650 3064 πρεσϐυτερείῳ
1683 2992 1978 3064 ἱερωσύνης

398 3088 488 3139 τὸν
536 3085 760 3154 ἀδελφὺν
827 3084 968 3153 ἄγει,
1011 3087 1130 3139 ταῖς
1183 3087 1470 3154 μυστικαῖς
1519 3084 1713 3138 ἑαυτοῦ
1769 3087 1978 3156 ἱερουρ-

398 3175 542 3243 γίαις
570 3173 902 3244 άφιερώσας.
934 3171 1044 3225 Καὶ
1077 3173 1135 3223 ἐν
1174 3172 1348 3240 τούτῳ
1383 3171 1546 3226 πάλιν
1576 3173 1757 3235 αὐτοῖς
1799 3173 1890 3224 ἐπὶ
1918 3172 1979 3224 τὸ

403 3266 721 3338 σεμνότερόν
749 3283 807 3318 τε
835 3265 928 3319 καὶ
955 3264 1250 3334 ἁγιώτερον
1280 3265 1473 3335 προῄει
1499 3266 1527 3316 ό
1553 3264 1665 3334 βίος
1691 3303 1706 3326 ,
1735 3267 1800 3334 τῇ
1834 3266 1982 3335 ἱερω-

401 3360 533 3427 σύνῃ
567 3357 690 3426 τῆς
717 3354 1034 3424 φιλοσοφίας
1066 3353 1483 3423 ὲπαυξηθείσης.
1537 3353 1710 3406 Ὀκτὼ
1753 3353 1808 3406 δὲ
1846 3356 1982 3424 μετὰ

398 3448 555 3503 τοῦτο
582 3445 979 3515 διαγενομένων
1031 3445 1169 3498 ἐτῶν
1197 3487 1209 3505 ,
1246 3444 1324 3514 τῷ
1376 3446 1578 3514 ὲννάτῳ
1629 3444 1861 3516 ἐνιαυτῷ
1891 3485 1906 3508 ,
1953 3448 1981 3498 ὁ

399 3540 541 3594 κατὰ
574 3543 751 3592 πᾶσαν
779 3540 878 3610 τὴν
908 3538 1231 3608 οἰκουμένην
1264 3537 1562 3606 ὀνομαστὸς
1599 3537 1897 3602 Βασίλειος,
1923 3539 1981 3604 ἐξ

400 3631 700 3702 ἀνθρώπων
748 3631 884 3703 πρὸς
921 3630 1011 3683 τὸν
1041 3629 1174 3682 Θεὸν
1205 3627 1568 3699 μετοικίζεται
1596 3667 1610 3693 ,
1649 3627 1801 3698 κοινὴ
1851 3629 1980 3684 πέν-

399 3722 526 3786 θους
564 3722 786 3794 ἀφορμὴ
826 3723 890 3792 τῇ
929 3721 1149 3791 πατρίδι
1196 3720 1290 3772 καὶ
1324 3722 1389 3788 τῆ
1434 3719 1725 3791 οἰκουμένῃ
1752 3720 1980 3790 γενόμε-

399 3831 506 3877 νος.
543 3813 691 3868 Ἡδὲ
730 3813 1012 3885 πόρρωθεν
1051 3814 1115 3866 ἐκ
1159 3813 1347 3883 φήμης
1383 3810 1664 3866 ἀκούσασα
1700 3812 1800 3878 τὴν
1844 3829 1982 3882 συμ-

399 3908 593 3977 φορὰν,
636 3905 805 3960 ἔπαθε
850 3906 949 3976 μὲν
982 3906 1078 3977 τὴν
1119 3905 1292 3976 ψυχὴν
1322 3905 1414 3956 ἐπὶ
1447 3906 1512 3975 τῇ
1540 3903 1777 3974 τοσαύτῃ
1811 3903 1982 3974 ζημίᾳ

401 4000 541 4068 (πῶς
570 3999 678 4070 γὰρ
703 4001 803 4052 οὐκ
833 3998 1055 4070 ἔμελλεν
1095 3997 1362 4052 ἅπτεσθαι
1397 3997 1656 4067 κάκείνης
1685 3997 1748 4050 τὸ
1789 3996 1980 4061 πάθος,

399 4085 460 4143 οὗ
492 4092 583 4144 καὶ
608 4093 653 4143 οἱ
683 4091 866 4161 ἐχθροὶ
903 4091 1003 4159 τῆς
1030 4089 1287 4159 ἀληθείας
1318 4087 1639 4159 ὲπῄσθοντο;
1665 4089 1704 4158 )'
1732 4087 1983 4157 καθάπερ

399 4183 458 4234 δὲ
486 4183 583 4252 τὴν
620 4182 714 4234 τοῦ
745 4180 941 4252 χρυσοῦ
970 4198 1100 4250 φασι
1135 4180 1457 4250 δοκιμασίαν
1493 4182 1548 4233 ὲν
1589 4180 1862 4250 διαφόροις
1895 4179 1982 4247 γί-

401 4274 584 4328 νεσθαι
615 4274 999 4345 χωνευτηρίοις
1021 4315 1037 4339 ,
1070 4275 1146 4335 ὡς
1172 4273 1224 4326 εῖ
1256 4290 1308 4324 τι
1343 4272 1439 4343 τὴν
1485 4271 1707 4346 πρώτην
1733 4272 1983 4340 διαφύγοι

400 4367 630 4437 χωνείαν
657 4406 671 4429 ,
716 4369 773 4419 ὲν
811 4367 877 4436 τῇ
925 4363 1155 4434 δευτέρᾳ
1191 4361 1568 4432 διακριθῆναι,
1607 4361 1702 4414 καὶ
1733 4361 1894 4414 πάλιν
1927 4361 1984 4412 ὲν

401 4460 466 4528 τῇ
496 4457 778 4526 τελευταία
812 4455 989 4508 πάντα
1018 4454 1108 4508 τὸν
1141 4452 1554 4524 ὲμμεμιγμένον
1585 4453 1757 4523 ῥύπον
1786 4453 1852 4521 τῇ
1883 4450 1984 4522 ὕλῃ

2081 611 2336 664 manibus
2378 611 2654 672 moriens,
2688 610 2941 680 migravit
2979 611 3044 663 ad
3083 608 3273 664 Deum.
3325 608 3497 678 Cujus
3540 626 3665 680 qua!

2079 701 2485 756 benedictionis
2515 716 2619 754 vox
2679 699 2846 754 fuerit
2901 701 3070 761 illius,
3107 716 3216 771 qua
3257 715 3390 772 erga
3456 700 3663 756 liberos

2080 807 2180 847 usa
2211 800 2318 856 est,
2338 806 2775 846 commemorare
2814 807 2920 846 non
2955 793 3061 847 erit
3083 793 3343 847 alienum.
3379 792 3514 848 Nam
3535 808 3664 848 cmn

2080 882 2150 939 de
2179 883 2503 938 absentibus
2528 882 2847 954 singulatim
2876 893 3124 938 amanter
3152 886 3483 940 mentionem
3513 885 3664 951 fecit,

2080 984 2142 1029 ut
2182 975 2369 1030 nullus
2423 984 2570 1029 esset
2622 990 2822 1045 expers
2854 975 3303 1030 benedictionis:
3349 990 3472 1029 cmn
3521 991 3664 1044 pra:-

2082 1065 2240 1136 cipue
2287 1074 2590 1136 praesentes
2625 1067 2746 1136 ipsa
2798 1066 3058 1136 precibus
3110 1067 3226 1122 suis
3281 1066 3483 1120 obtulit
3529 1067 3660 1122 Deo.

2083 1157 2296 1211 Etenim
2345 1173 2469 1211 cum
2513 1157 2562 1212 ei
2614 1173 2680 1212 ex
2734 1166 2969 1228 utraque
3017 1166 3175 1228 parte
3227 1158 3414 1212 lectuli
3445 1157 3665 1214 adversi

2083 1250 2413 1315 assiderent,
2451 1250 2620 1304 altera
2675 1264 2841 1304 manu
2875 1258 3172 1319 utrumque
3219 1258 3451 1320 tangens
3473 1287 3489 1312 ,
3511 1247 3666 1304 hisce

2083 1341 2267 1396 verbis
2325 1341 2619 1410 postremis
2667 1337 2839 1393 Deum
2878 1339 3115 1394 allocuta
3150 1347 3236 1394 est
3267 1355 3279 1389 :
3321 1357 3340 1389 ί
3375 1336 3525 1404 Tibi,
3559 1337 3666 1393 Do-

2085 1434 2249 1493 mine.
2273 1443 2325 1487 et
2357 1432 2631 1502 primitias
2653 1440 2708 1487 et
2729 1432 3018 1487 decumam
3049 1431 3177 1487 dico
3209 1431 3486 1487 fructuum
3523 1433 3662 1488 uteri

2084 1527 2208 1580 mei.
2252 1525 2626 1580 Primitiarum
2679 1527 2826 1579 enim
2882 1525 3063 1579 locum
3108 1525 3222 1579 haec
3276 1525 3410 1579 mihi
3453 1525 3666 1580 obtinet

2085 1617 2483 1686 primogenita.
2523 1618 2772 1671 decumae
2800 1633 2930 1672 vero
2980 1625 3260 1674 extremus
3293 1618 3383 1672 hic
3416 1618 3664 1672 decimus

2087 1709 2251 1763 filius.
2285 1708 2406 1761 't'ihi
2460 1718 2640 1763 autem
2700 1709 2814 1779 lege
2869 1719 3104 1778 utraque
3151 1711 3440 1775 debentur,
3477 1718 3531 1765 et
3568 1717 3663 1764 tua

2087 1809 2215 1853 sunt
2246 1815 2496 1854 munera.
2537 1800 2593 1855 In
2645 1801 2789 1855 hanc
2840 1803 3008 1871 igitur
3035 1802 3453 1872 primogenilam
3483 1818 3662 1858 meam

2083 1901 2138 1946 et
2189 1893 2333 1948 hunc
2389 1895 2660 1948 decimum
2726 1895 2910 1948 veniat
2966 1895 3370 1960 sanctimonia,
3411 1897 3663 1951 oratione

2083 1986 2374 2053 perspicua
2431 1986 2728 2057 designans
2759 1994 2812 2040 et
2844 1986 3009 2040 filiam
3044 1995 3099 2041 et
3156 1987 3348 2042 filium.
3379 1988 3457 2042 lta
3482 1995 3537 2042 et
3567 1987 3664 2042 be-

2084 2077 2384 2131 nedictioni
2419 2087 2474 2132 et
2513 2079 2631 2132 vitae
2685 2078 2844 2132 finem
2896 2080 3110 2143 statuit,
3140 2094 3264 2133 cum
3299 2081 3452 2148 prius
3499 2094 3660 2131 man-

2084 2168 2269 2224 dasset
2293 2168 2418 2225 ﬁliis
2445 2181 2503 2224 ut
2528 2186 2587 2225 se
2611 2173 2666 2224 in
2700 2173 3015 2244 sepulcrum
3041 2180 3329 2242 paternum
3357 2169 3656 2224 inferrent:

2083 2259 2136 2312 id
2167 2260 2248 2313 illi
2275 2261 2352 2314 uti
2380 2260 2522 2329 jussi
2557 2261 2778 2316 fuerant
2831 2269 2954 2317 cum
2993 2263 3405 2333 praestitissent,
3439 2261 3496 2315 in
3530 2262 3660 2316 reli-

2080 2366 2253 2421 quum
2311 2359 2528 2420 tempus
2593 2353 2661 2406 ad
2717 2355 3000 2424 sapientia:
3062 2354 3384 2426 fastigium,
3445 2368 3661 2423 semper

2081 2458 2207 2496 cum
2260 2452 2510 2497 anteacta
2559 2446 2672 2498 vita
2727 2454 3053 2516 pugnantes,
3099 2455 3153 2501 et
3190 2447 3465 2516 praeterita
3495 2445 3664 2500 bene-

2081 2533 2226 2588 facta
2283 2535 2692 2604 posterioribus
2727 2556 2991 2613 superare
3024 2539 3312 2596 studentes
3360 2539 3663 2595 contende-

2079 2625 2230 2680 bant.

2149 2808 2362 2864 Interea
2414 2810 2645 2880 insignis
2704 2812 2845 2865 inter
2901 2819 3122 2866 sanctos
3158 2812 3422 2875 Basilius,
3452 2828 3662 2884 magna

2079 2900 2344 2957 Caesareas
2371 2901 2684 2957 declaratus
2709 2911 2794 2956 est
2833 2904 3084 2965 antistes,
3110 2913 3164 2956 ct
3208 2903 3456 2974 mysticis
3485 2905 3662 2958 sacri-

2080 2992 2220 3047 ficiis
2241 2993 2357 3049 suis
2373 2993 2602 3048 fratrem
2631 3009 2985 3059 consecrans,
3009 2997 3074 3047 ad
3100 3009 3316 3049 sacram
3339 2995 3661 3066 presbyterii

2079 3085 2399 3154 dignitatem
2449 3089 2720 3158 provexit.
2769 3088 2946 3156 Atque
3013 3087 3101 3142 hic
3156 3103 3348 3144 rursus
3405 3091 3486 3144 eis
3534 3090 3664 3147 vita!

2081 3194 2278 3234 cursus
2309 3181 2374 3232 ad
2401 3179 2654 3250 graviora
2705 3181 3090 3249 sanetioraque
3140 3180 3509 3251 dirigebatur,
3537 3197 3664 3239 cum

2088 3270 2381 3327 sacerdotii
2431 3271 2672 3338 dignitas
2707 3272 2987 3342 sapientia:
3023 3273 3319 3340 conjuncta
3359 3273 3542 3328 studio
3569 3290 3667 3328 cu-

2086 3363 2410 3418 mularetur.
2467 3362 2597 3417 Post
2647 3370 2827 3418 autem
2880 3365 3042 3420 annis
3104 3374 3226 3420 octo
3265 3369 3559 3421 transactis
3611 3374 3666 3422 et

2085 3468 2232 3507 nono
2264 3453 2522 3508 inchoato
2554 3469 2650 3524 per
2689 3462 2866 3508 totum
2914 3456 3101 3510 orbem
3141 3457 3531 3513 celeberrimus
3559 3458 3665 3512 Ba-

2086 3543 2246 3598 silius
2274 3543 2341 3598 ab
2367 3544 2681 3599 hominibus
2710 3546 2774 3598 ad
2801 3544 2968 3600 Deum
3001 3549 3297 3613 concessit,
3319 3563 3666 3604 communem

2085 3629 2274 3698 patriae
2297 3637 2349 3683 et
2371 3628 2633 3685 Ecclesia:
2657 3631 2835 3688 luctus
2853 3635 3201 3690 occasionem
3221 3636 3493 3704 praebens.
3512 3636 3667 3692 Hanc

2084 3720 2454 3775 calamitatem
2500 3737 2624 3777 cum
2677 3725 2744 3777 ad
2791 3723 3090 3780 Macrinam
3124 3742 3316 3782 rumor
3356 3727 3664 3792 detulisset.

2085 3809 2269 3864 animo
2305 3811 2395 3863 illa
2430 3812 2649 3880 quidem
2685 3828 2796 3868 non
2832 3816 3009 3884 potuit
3059 3815 3114 3869 in
3151 3825 3304 3870 tanto
3333 3818 3668 3876 detrimento

2084 3916 2195 3955 non
2229 3903 2564 3957 commoveri
2596 3922 2608 3956 :
2646 3905 2763 3973 (qui
2816 3906 2959 3959 enim
3004 3921 3250 3962 sororem
3277 3924 3386 3963 non
3423 3919 3670 3981 tangeret

2086 3997 2240 4051 dolor
2262 4012 2370 4066 quo
2420 3998 2522 4066 ipsi
2563 4014 2780 4068 quoque
2815 4000 3018 4054 inimici
3053 4002 3430 4058 aﬂiciebantur
3453 4005 3496 4075 ι)
3529 4015 3671 4059 atta-

2085 4101 2209 4141 men
2242 4097 2298 4140 ut
2327 4103 2518 4141 aurum
2555 4089 2790 4144 diversis
2821 4092 2975 4144 aiunt
3026 4092 3344 4150 fornacibus
3370 4097 3666 4165 explorari,

2089 4187 2146 4232 ut
2195 4178 2243 4233 si
2290 4179 2519 4249 primam
2568 4181 2828 4248 evaserit,
2872 4185 2928 4236 in
2982 4184 3154 4238 altera
3210 4185 3578 4258 adjudicetur,
3613 4199 3670 4246 et

2086 4284 2307 4323 rursum
2350 4270 2404 4324 in
2444 4280 2687 4324 estrema
2725 4286 2917 4327 omnes
2943 4272 3064 4342 ejus
3092 4275 3334 4329 materiae
3365 4278 3671 4339 commista:

2088 4360 2280 4415 sordes
2327 4361 2630 4416 cluantur:
2677 4363 3010 4432 exquisitum
3061 4375 3240 4420 autem
3300 4367 3490 4436 Optimi
3549 4370 3669 4424 auri

2087 4452 2351 4506 indicium
2374 4471 2518 4522 esse,
2545 4457 2590 4511 si
2629 4471 2726 4526 per
2753 4473 2944 4513 omnes
2971 4459 3251 4514 transiens
3281 4460 3418 4512 nihil
3452 4461 3672 4518 emittat

400 4548 869 4620 ἀποκαθαίρεσθαι
888 4565 902 4578 ·
931 4549 1029 4618 τὴν
1071 4549 1128 4602 δὲ
1158 4546 1555 4619 ἀκριϐεστέραν
1584 4541 1722 4598 εἶναι
1755 4545 1982 4614 βάσανον

2088 4545 2372 4600 sordium:
2409 4548 2489 4602 sic
2535 4547 2585 4602 ei
2639 4549 2908 4620 contigit,
2942 4559 3003 4604 ut
3062 4550 3233 4605 variis
3292 4551 3669 4606 molestiarum

402 4641 495 4693 τοῦ
520 4641 743 4710 δοκίμου
777 4639 978 4710 χρυσοῦ
1006 4678 1020 4702 ,
1107 4639 1194 4692 διὰ
1229 4637 1410 4708 πάσης
1443 4636 1728 4701 διεξελθὼν
1759 4635 1987 4708 χωνείας

405 4731 608 4801 μηδένα
663 4729 831 4800 ῥύπον
887 4730 1270 4799 ἀποποιήσειε·
1324 4728 1568 4782 τοιοῦτόν
1625 4746 1675 4781 τι
1739 4728 1832 4780 καὶ
1899 4728 1987 4779 ἐπ’

406 4823 620 4892 ἐκείνης
667 4820 861 4890 συνέϐη
885 4838 900 4851 ’
926 4821 1044 4882 ταῖς
1074 4820 1350 4892 διαφόροις
1397 4819 1503 4874 τῶν
1534 4818 1790 4890 λυπηρῶν
1818 4834 1986 4888 προσ-

403 4911 586 4974 ϐολαῖς
623 4913 722 4981 τῆς
752 4910 960 4980 ὑψηλῆς
1008 4910 1243 4972 διανοίας
1276 4909 1694 4979 βασανισθείσης
1721 4950 1737 4974 ,
1775 4925 1984 4964 πανταο

406 5003 562 5073 χὸθεν
600 5002 981 5072 ἀναδειχθῆναι
1031 5003 1088 5054 τὸ
1142 5001 1241 5071 τῆς
1279 5001 1458 5070 ψυχῆς
1507 5001 1891 5071 ἁκιδδήλευτόν
1926 5017 1984 5053 τε

404 5097 499 5149 καὶ
532 5093 918 5146 ἀταπείνωτον.
954 5092 1224 5163 Πρότερον
1273 5091 1372 5162 μὲν
1423 5093 1480 5146 ὲν
1533 5095 1599 5163 τῇ
1633 5091 1726 5145 τοῦ
1757 5092 1984 5161 ἀδελφοῦ

405 5187 498 5240 τοῦ
524 5187 683 5241 ἄλλου
709 5186 1034 5255 μεταστάσει
1057 5200 1069 5213 ³
1097 5183 1234 5254 μετὰ
1254 5182 1424 5236 ταῦτα
1449 5181 1506 5234 δὲ
1536 5184 1593 5235 ὲν
1617 5181 1695 5253 τῷ
1723 5184 1986 5254 χωρισμῷ

2092 4637 2317 4692 casibus
2336 4639 2973 4712 cxplorata,pra*stantis
2999 4644 3147 4698 illius
3177 4644 3340 4700 animi
3371 4645 3670 4716 probitate,

2091 4728 2228 4782 nihil
2277 4746 2516 4799 unquam
2547 4732 2600 4785 in
2655 4749 2718 4788 ea
2751 4735 2986 4798 sordidi,
3020 4736 3154 4789 nihil
3190 4736 3484 4793 adulterini
3515 4751 3674 4806 repe-

2094 4819 2316 4875 riretur.
2341 4823 2419 4876 Ac
2447 4823 2627 4893 primo
2657 4827 2874 4894 quidem
2911 4829 3215 4896 periculum
3256 4827 3458 4886 factum
3491 4827 3673 4882 fuerat

2091 4912 2147 4967 in
2178 4913 2332 4968 obitu
2362 4916 2591 4972 alterius
2627 4918 2817 4975 fratris
2849 4939 2860 4974 :
2899 4920 3099 4975 deinde
3125 4922 3183 4978 in
3233 4923 3427 4976 matris
3456 4921 3666 4984 funere,

2095 5005 2258 5059 tcrtio
2279 5009 2502 5076 quando
2528 5025 2818 5065 commune
2848 5014 3066 5082 generis
3094 5011 3264 5068 decus
3295 5011 3534 5067 Basilius
3577 5012 3672 5066 dt.L

2095 5097 2283 5153 cessit.
2315 5098 2475 5154 Stetit
2502 5101 2692 5171 igitur,
2729 5110 2990 5170 tanquam
3034 5103 3273 5156 invictus
3313 5102 3485 5174 pugil,
3517 5102 3672 5163 nullo

2093 5189 2467 5246 calamitatum
2495 5193 2700 5264 impetu
2741 5195 3032 5249 labefacta.

405 5283 505 5350 τῆς
540 5282 745 5351 μητρός
766 5297 778 5312 ·
821 5282 885 5332 ἐκ
917 5280 1098 5351 τρίτου
1128 5279 1185 5332 δὲ
1206 5319 1220 5344 ,
1245 5280 1334 5332 ὅτε
1367 5278 1429 5331 τὺ
1462 5280 1636 5331 κοινὸν
1663 5279 1760 5349 τῆς
1799 5283 1990 5347 γενεᾶς
2028 5283 2211 5350 καλὸν,
2245 5287 2274 5338 ὀ
2309 5285 2481 5356 μέγας
2502 5287 2800 5354 Βασίλειος,
2831 5289 2927 5359 τῆς
2966 5288 3314 5365 ἀνθρωπίνης
3353 5288 3499 5361 ζωῆς
3535 5288 3672 5360 ἔχων

412 5374 609 5444 ρίςετο.
649 5375 870 5443 Ἔμεινε
896 5372 1099 5439 τοίνυν,
1136 5371 1386 5442 καθάπερ
1421 5388 1505 5435 τις
1532 5370 1769 5442 ἀθλητὴς
1794 5373 2256 5444 ἀκαταγώνιστος,
2295 5379 2529 5449 οὐδαμοῦ
2566 5382 2632 5452 τῇ
2669 5381 2936 5452 προσϐολῇ
3006 5382 3113 5435 τῶν
3180 5383 3474 5454 συμφορῶν
3532 5383 3670 5436 dm-

408 5464 679 5518 κλάσασα.

385 5551 390 5585 θ
483 5560 742 5621 -Εννατος
776 5555 844 5630 ἦν
890 5560 1027 5630 μετὰ
1065 5558 1126 5610 τὸ
1158 5558 1326 5621 πάθος
1368 5558 1526 5612 τοῦτο
1557 5557 1694 5628 μὴν,
1725 5559 1758 5629 ἢ
1794 5560 1987 5629 μικρὸν

410 5649 550 5719 ὑπὲρ
575 5647 732 5700 τοῦτο
754 5689 768 5712 ,
794 5649 887 5700 καὶ
912 5646 1126 5710 σύνοδος
1149 5647 1462 5701 ἐπισκόπων
1486 5647 1627 5700 κατὰ
1649 5646 1748 5717 τὴν
1785 5649 1986 5700 Ἀντιό-

410 5758 506 5810 χου
546 5739 700 5792 πόλιν
738 5723 1057 5809 ἡθροίζετο,
1092 5735 1158 5810 ἧς
1189 5739 1281 5792 καὶ
1309 5741 1468 5810 ἡμεῖς
1504 5740 1851 5812 μετέσχομεν.
1880 5742 1989 5794 Καὶ

411 5830 600 5902 ἐπειδὴ
635 5828 794 5884 πάλιν
827 5829 962 5900 πρὸς
995 5829 1092 5901 τὴν
1126 5831 1318 5884 ἑαυτοῦ
1359 5831 1586 5895 ἕκαστος
1617 5830 1987 5904 ἀπελύθημεν,

2160 5558 2292 5613 Erat
2349 5567 2474 5629 post
2527 5557 2670 5612 hanc
2717 5559 2989 5627 jacturam
3048 5577 3228 5618 nonus
3281 5565 3525 5628 mensis,
3576 5576 3673 5623 aut

2091 5651 2254 5722 paulo
2269 5650 2666 5720 amplius,cum
2684 5650 3066 5721 episcoporum
3087 5653 3380 5711 concilium
3407 5654 3671 5716 indictum

2093 5751 2176 5796 est
2206 5741 2532 5806 Antiochiae,
2563 5739 2651 5794 cui
2688 5754 2790 5794 nos
2824 5739 2952 5794 item
2979 5741 3355 5797 interfuimus.
3378 5743 3486 5812 Sed
3520 5753 3671 5813 post.

2092 5849 2325 5906 cuquam
2370 5834 2591 5890 domum
2624 5831 2857 5907 quisque
2911 5847 3065 5889 suam
3090 5833 3479 5905 discessimus,
3505 5846 3668 5898 auto-
