4092 6368
406 375 512 434 9τὸ

1654 370 1713 425 S.
1738 365 2068 425 GREGORII
2108 362 2400 421 NYSSENI

3572 361 3677 414 C76

408 515 577 573 quam
627 512 805 554 annus
841 494 1169 568 praeteriret.
1218 493 1350 548 mihi
1402 493 1670 565 Gregorio
1722 490 1995 562 cupiditas

2115 488 2228 557 πρὶν
2260 486 2350 540 τὸν
2377 484 2621 540 ἐνιαυτὸν
2652 482 2964 555 παρελθεῖν,
2995 481 3246 551 ἐνθύμιον
3280 479 3403 551 ἐμοὶ
3436 476 3512 549 τῷ
3539 478 3680 550 Γρη-

413 594 607 653 incidit
641 599 700 647 ut
728 605 974 648 sororem
1007 589 1323 644 inviserem.
1357 586 1612 658 Magnum
1646 585 1793 640 enim
1825 584 1998 638 inter-

412 691 655 742 cesserat
706 681 974 752 temporis
1031 681 1418 744 intervallum,
1469 693 1580 749 quo
1619 687 1810 732 nmtuo
1853 679 1997 730 inter

414 794 517 835 nos
546 782 849 848 conspectu
878 788 988 827 non
1021 781 1380 843 potueramus
1409 770 1542 833 frui,
1578 768 1998 840 prohibentibus

414 867 781 922 tentationum
805 862 1079 919 molestiis
1105 876 1247 931 quas
1276 862 1346 917 ab
1380 861 1609 916 haeresis
1647 859 1999 931 principibus

416 956 585 1028 patria
613 955 804 1025 pulsus
835 953 1041 1024 ubique
1087 956 1483 1009 sustinueram.
1515 950 1651 1005 Nam
1691 949 1998 1006 dimetienti

413 1047 544 1101 mihi
576 1045 842 1116 temporis
866 1045 1130 1117 spatium,
1159 1044 1306 1113 quod
1332 1044 1555 1099 interim
1587 1043 1840 1106 ﬂuxerat,
1868 1041 1999 1096 dum

410 1124 684 1208 ejusmodi
725 1136 1240 1207 perturbationibus
1294 1150 1634 1206 congressus
1669 1143 1857 1193 noster
1892 1134 1999 1187 im-

412 1231 661 1303 peditur.
695 1242 823 1285 octo
851 1231 977 1300 plus
1010 1227 1196 1282 minus
1228 1240 1500 1281 annorum
1527 1226 1836 1280 videbatur.
1861 1224 1999 1277 Cum

414 1322 586 1394 igitur
624 1320 742 1392 jam
799 1320 1032 1374 multum
1065 1317 1281 1374 itineris
1313 1316 1701 1381 confecissem,
1748 1331 1848 1370 nec
1884 1330 1999 1368 am-

412 1414 559 1486 plius
596 1428 763 1485 quam
811 1414 978 1468 unius
1013 1411 1120 1466 dici
1156 1410 1242 1463 via
1274 1418 1533 1472 restaret,
1565 1407 1708 1463 visio
1738 1406 1871 1460 mihi
1905 1420 2002 1475 per

413 1504 653 1576 quietem
706 1502 1062 1557 manifestum
1120 1513 1311 1555 eorum
1350 1514 1475 1568 qua:
1533 1504 1693 1552 erant
1733 1505 2000 1551 eventura

415 1601 684 1672 judicium
712 1595 974 1653 ostendit.
1002 1590 1240 1646 Videbar
1272 1590 1417 1646 enim
1454 1588 1588 1643 mihi
1629 1596 1848 1660 gestare
1885 1602 2002 1640 ma.

416 1696 581 1752 nibus
636 1697 940 1763 martyrum
1006 1682 1303 1752 reliquias,
1358 1696 1424 1736 ex
1476 1680 1682 1751 quibus
1734 1678 2001 1749 Splendor

414 1785 689 1851 elucebat,
712 1777 895 1852 qualis
918 1792 948 1832 e
980 1774 1084 1830 levi
1137 1771 1390 1844 speculo,
1420 1773 1466 1827 si
1501 1772 1739 1828 adverso
1761 1770 1863 1827 soli
1902 1785 1999 1839 op-

2101 579 2269 650 γορίῳ
2323 579 2530 647 γίνεται
2587 576 2723 646 πρὸς
2754 575 2925 645 αὐτὴν
2965 573 3235 644 διαϐῆναι.
3271 571 3446 635 Πολὺς
3473 571 3580 641 γὰρ
3613 567 3683 641 ἦν

2098 672 2126 724 ὁ
2168 670 2255 724 διὰ
2291 670 2453 739 μέσον
2504 669 2727 740 χρόνος,
2774 668 2831 720 ἐν
2859 659 2904 734 ᾧ
2952 667 3051 730 τάς
3096 664 3416 735 ἐπισκέψεις
3465 664 3523 716 at
3573 663 3684 716 τῶν

2100 761 2423 831 πειρασμῶν
2455 760 2805 829 περιστάσεις
2835 756 3139 823 ἐκώλυσαν,
3162 755 3228 820 ἃς
3255 756 3526 826 ὑπέμενον
3548 771 3684 809 παν-

2100 849 2266 921 ταχοῦ
2302 850 2399 921 τῆς
2439 850 2692 922 πατρίδος
2726 850 2831 904 ὑπὸ
2873 849 2983 903 τῶν
3027 849 3128 920 τῆς
3162 848 3428 920 αἱρέσεως
3460 851 3685 902 ἐπιστα-

2098 941 2335 995 τούντων
2367 942 2803 1012 ἐξελαυνόμενος.
2839 942 2950 996 Καὶ
2995 941 3318 1014 ἁριθμοῦντί
3349 961 3440 1015 μοι
3478 942 3569 997 τὸν
3596 943 3686 998 διὰ

2104 1034 2272 1105 μέσου
2298 1034 2509 1104 χρόνον,
2543 1036 2598 1087 ἐν
2620 1027 2664 1102 ᾧ
2686 1035 2784 1106 τὴν
2819 1036 2941 1088 κατ’
2971 1033 3283 1107 ὀφθαλμοὺς
3314 1035 3604 1106 συντυχίαν
3635 1036 3689 1089 οἱ

2106 1128 2400 1199 πειρασμοὶ
2432 1127 2762 1182 διεκώλυσαν
2787 1166 2805 1193 ,
2831 1128 2932 1181 οὐκ
2972 1127 3153 1196 ὀλίγον
3200 1128 3452 1200 ἐφαίνετο
3476 1128 3540 1183 τὸ
3566 1128 3686 1183 διά-

2104 1235 2287 1291 στημα
2333 1219 2477 1274 ὀκτὼ
2537 1220 2733 1291 μικροῦ
2779 1220 2889 1274 δεῖν
2921 1222 3441 1292 παραμετρούμενον
3488 1220 3684 1275 ἔτεσιν.

2116 1313 2332 1384 Ἐπειδὴ
2359 1313 2537 1366 τοίνυν
2561 1314 2621 1366 τὺ
2651 1313 2785 1367 πολὺ
2808 1314 2906 1384 τῆς
2930 1312 3051 1367 ὁδοῦ
3077 1312 3362 1377 διανύσας,
3391 1315 3518 1384 μιᾶς
3548 1312 3688 1384 ἡμέ-

2105 1422 2206 1475 ρας
2242 1406 2467 1475 ἀπεῖχον
2487 1404 2604 1459 όδὸν
2624 1442 2643 1469 ,-
2670 1404 2790 1473 ὄψις
2811 1421 2894 1467 τις
2916 1406 3048 1476 ἡμῖν
3068 1403 3131 1469 ἐξ
3151 1404 3402 1458 ἐνυπνίου
3433 1407 3685 1474 φανεῖσα,

2104 1495 2340 1567 φοϐερὰς
2369 1495 2541 1549 ἐποίει
2574 1497 2672 1560 τὰς
2708 1494 2929 1560 ἐλπίδας
2954 1496 3047 1550 τοῦ
3093 1495 3395 1567 μέλλοντος.
3441 1495 3689 1548 Ἐδὸκουν

2102 1588 2212 1659 γὰρ
2256 1587 2483 1655 λείψανα
2516 1588 2808 1661 μαρτύρων
2838 1588 2929 1642 διὰ
2982 1588 3163 1660 χειρὸς
3208 1587 3397 1659 φέρειν
3420 1602 3434 1617 ·
3464 1586 3603 1640 εἶναι
3631 1587 3688 1638 δὲ

2103 1682 2198 1735 ἀπ’
2223 1680 2399 1735 αὐτῶν
2426 1680 2600 1752 αὐγὴν
2620 1717 2640 1744 ,
2663 1675 2750 1734 οἵα
2776 1683 2839 1734 ἐκ
2878 1680 3120 1752 καθαροῦ
3150 1697 3296 1743 τινος
3325 1680 3534 1748 γίνεται
3561 1695 3692 1732 κατ-

2098 1775 2305 1847 όπτρου
2352 1813 2368 1836 ,
2413 1774 2541 1827 ὅταν
2585 1773 2721 1844 πρὸς
2754 1773 2847 1827 τὸν
2882 1774 3034 1845 ἥλιον
3078 1772 3209 1845 τεθῇ
3253 1772 3689 1845 ἀντιπρόσωπον,

415 1883 675 1947 ponatur,
713 1868 1025 1942 egreditur,
1070 1880 1183 1935 quo
1232 1865 1454 1936 quidem
1510 1861 1736 1916 luminis
1789 1859 2002 1932 fulgore

2115 1865 2244 1919 ὥστε
2276 1882 2363 1936 μοι
2393 1866 2491 1927 τάς
2518 1863 2670 1933 ὄψεις
2704 1867 2839 1934 πρὸς
2880 1866 2979 1936 τὴν
3015 1863 3386 1934 μαρμαρυγὴν
3427 1862 3523 1932 τῆς
3549 1861 3689 1931 λαμ-

416 1969 564 2024 oculi
594 1964 701 2022 mei
730 1959 1269 2034 perstringebautur.
1302 1955 1416 2012 lloc
1452 1963 1634 2011 autem
1661 1955 1843 2009 visum
1865 1953 1999 2008 mihi

417 2070 503 2116 ter
531 2056 773 2113 occurrit
802 2053 993 2108 eadem
1024 2059 1205 2114 nocte,
1238 2064 1340 2104 nec
1392 2047 1586 2118 plane,
1613 2045 1746 2117 quid
1777 2053 2001 2116 porten-

417 2153 570 2206 deret
622 2147 902 2217 conjicere
957 2150 1246 2213 poteram;
1279 2140 1551 2196 sollicitus
1599 2140 1786 2207 itaque
1817 2137 2002 2190 animo

419 2242 718 2315 agitabam,
764 2236 1239 2306 observabamque
1280 2241 1337 2287 ut
1372 2233 1498 2302 ejus
1542 2229 2002 2303 significationem

417 2334 565 2389 exitu
586 2329 917 2399 judicarem.

488 2421 625 2478 Cum
645 2421 759 2490 jam
785 2418 849 2472 ad
871 2429 1178 2477 secessum,
1199 2412 1255 2467 in
1277 2427 1390 2483 quo
1416 2411 1565 2467 illam
1580 2410 1881 2481 angelicam
1899 2424 2005 2463 ere-

419 2515 726 2583 lestemque
774 2509 940 2563 vitam
972 2506 1227 2576 degebat,
1256 2503 1813 2573 appropinquassent,
1843 2501 2004 2577 lami-

420 2608 645 2662 liariu-m
673 2600 968 2673 quemdam
1001 2596 1338 2667 interrogavi
1369 2596 1604 2665 primum
1630 2595 1698 2650 de
1721 2594 1910 2660 fratre,
1935 2609 2005 2647 an

420 2697 639 2752 adesset
674 2710 688 2746 :
723 2707 834 2763 quo
891 2688 1267 2759 respondente
1311 2687 1463 2742 illum
1502 2686 1615 2757 jam
1672 2694 1875 2756 quarto
1920 2686 2008 2740 die

420 2787 770 2852 discessisse,
802 2796 1148 2853 cognoscens
1177 2795 1303 2836 eum
1354 2784 1526 2834 altera
1561 2778 1723 2835 nobis
1749 2779 1836 2835 via
1881 2793 2008 2850 pro-

420 2877 593 2934 diisse
643 2875 887 2937 obviam,
922 2880 1035 2925 tum
1067 2871 1235 2926 etiam
1288 2868 1358 2925 de
1396 2884 1593 2940 magna
1623 2870 1716 2924 illa
1771 2884 2008 2940 percon-

423 2976 573 3024 tatus
599 2982 722 3024 suln
761 2983 773 3019 :
799 2977 1037 3035 cmnque
1069 2961 1161 3016 ille
1191 2958 1589 3031 respondisset,
1620 2974 1741 3014 eam
1772 2957 2009 3029 quodam

422 3059 621 3115 morbo
649 3057 924 3121 laborare,
954 3053 1164 3124 majore
1209 3052 1471 3107 incensus
1501 3051 1706 3117 studio,
1742 3051 1888 3121 quod
1921 3066 2010 3105 re-

406 3151 637 3221 liquum
689 3156 807 3203 erat
860 3145 960 3201 viae
996 3132 1326 3200 feStinanter
1368 3143 1600 3215 arripui.
1639 3143 1783 3198 Nam
1813 3144 2010 3198 timore

2106 1955 2331 2026 πηδόνος
2367 1954 2756 2024 ἀμϐλύνεσθαι.
2794 1955 2905 2007 Καὶ
2931 1954 3033 2023 τῆς
3067 1953 3235 2024 αὐτῆς
3265 1969 3355 2024 μοι
3392 1952 3583 2016 νυκτὸς
3610 1954 3691 2014 εἰς

2102 2047 2222 2116 τρὶς
2260 2046 2561 2116 γενομένης
2588 2045 2690 2116 τῆς
2716 2044 2973 2116 τοιαύτης
3006 2044 3204 2113 ὅψεως,
3261 2042 3558 2115 συμϐαλεῖν
3593 2043 3693 2114 μὲν

2103 2136 2204 2190 οὐκ
2230 2132 2375 2206 εἶχον
2404 2135 2659 2207 καθαρῶς
2686 2135 2781 2190 τοῦ
2828 2135 3082 2188 ἐνυπνίου
3127 2135 3189 2187 τὸ
3223 2136 3451 2205 αἴνιγμα
3476 2150 3490 2164 ⁸
3516 2133 3697 2204 λύπην

2104 2227 2160 2281 δέ
2184 2244 2307 2281 τινα
2334 2230 2401 2299 τῇ
2431 2227 2578 2298 ψυχῇ
2611 2225 2965 2299 προσεώρων,
2991 2227 3084 2281 καὶ
3112 2227 3412 2299 ἐπετήρουν
3435 2229 3500 2297 τῇ
3531 2226 3695 2280 ἐκϐά-

2108 2337 2189 2373 σει
2221 2323 2404 2392 κρῖναι
2436 2321 2535 2391 τὴν
2557 2319 2885 2389 φαντασίαν.

2176 2410 2287 2463 Καὶ
2317 2409 2382 2481 δὴ
2410 2410 2699 2481 γενόμενος
2727 2412 2954 2482 πλησίον
2983 2413 3084 2483 τῆς
3110 2412 3370 2484 ἐσχατιᾶς
3388 2455 3403 2480 ,
3445 2416 3504 2468 ἐν
3617 2414 3697 2468 διο

2107 2503 2240 2573 ῆγεν
2270 2502 2453 2571 ἐκείνη
2486 2503 2586 2572 τὴν
2620 2504 2920 2574 ἀγγελικὴν
2948 2517 3008 2557 τε
3039 2505 3134 2557 καὶ
3160 2505 3482 2576 ἐπουράνιον
3502 2522 3698 2577 κατορ-

2109 2591 2277 2646 θοῦσα
2305 2591 2452 2663 ζωὴν
2476 2632 2491 2656 ,
2524 2593 2739 2665 ἠρόμην
2770 2593 2880 2647 τῶν
2915 2594 3234 2666 ἐπιτηδείων
3274 2598 3396 2650 τινὰ
3429 2596 3560 2667 περὶ
3600 2596 3701 2651 τοὺ

2109 2682 2340 2751 ἀδελφοῦ
2391 2682 2604 2753 πρῶτον
2626 2724 2642 2750 ,
2672 2686 2721 2737 εί
2774 2685 2967 2756 παρὼν
3001 2686 3086 2755 εῖη
3107 2702 3122 2717 ⁸
3154 2687 3425 2757 φήσαντος
3471 2687 3529 2739 δέ
3557 2687 3697 2758 πρὸς

2110 2776 2257 2846 ἡμᾶς
2278 2816 2294 2839 ,
2325 2775 2487 2830 αὑτὸν
2519 2774 2924 2848 ἐξωρμηκὲναι,
2957 2780 3049 2832 καὶ
3073 2778 3341 2850 τετάρτην
3365 2780 3541 2848 ἄγειν,
3566 2797 3697 2834 συνι

2110 2868 2190 2930 εὶς
2221 2867 2358 2936 ὅπερ
2388 2861 2490 2938 ἦν,
2517 2867 2598 2921 δτι
2623 2868 2690 2921 δι’
2715 2868 2907 2939 ἐτέρας
2945 2868 3067 2923 ὀδοῦ
3116 2870 3340 2939 γέγονεν
3375 2871 3525 2942 αὑτῷ
3561 2871 3701 2942 πρὸς

2109 2958 2258 3027 ,ἡμᾶς
2293 2959 2327 3028 ὴ
2357 2957 2524 3028 ὁρμὴ,
2555 2958 2675 3011 τότε
2707 2962 2802 3013 καὶ
2831 2960 2961 3032 περὶ
2990 2961 3091 3032 τῆς
3120 2963 3380 3033 Μεγάλης
3407 2962 3702 3019 ἐπυνθανά-

2117 3066 2225 3120 μην
2242 3066 2255 3079 ·
2291 3047 2383 3102 τοῦ
2403 3050 2460 3102 δέ
2490 3051 2793 3119 φήσαντος,
2828 3052 2889 3105 ἐν
2913 3052 3195 3123 ἀρρωστίᾳ
3223 3053 3550 3125 γεγενῆσθαί
3573 3071 3701 3115 τινι.

2115 3138 2530 3211 σπουδαιότερον
2558 3140 2786 3211 εἰχόμην
2810 3181 2827 3208 ,
2861 3142 2920 3195 ἐν
2944 3140 3150 3208 ἐπείξει
3173 3143 3233 3196 τὸ
3265 3143 3582 3216 λειπόμενον
3605 3148 3703 3217 τῆς

423 3244 588 3299 etiam
631 3240 870 3313 quodam
933 3238 1263 3309 perterritus
1311 3237 1540 3292 animus
1580 3236 1827 3291 futurum
1875 3251 2012 3307 prae-

2115 3231 2234 3285 ὁδοῦ
2265 3231 2519 3286 διανύων.
2551 3232 2660 3285 Καὶ
2685 3233 2792 3303 γάρ
2835 3249 2902 3304 με
2931 3232 3081 3306 λύπη
3102 3252 3188 3298 τις
3216 3236 3312 3290 καὶ
3341 3237 3503 3306 φόϐος
3534 3254 3697 3308 μηνυ-

426 3333 678 3405 sagiebat
710 3348 725 3386 :
758 3329 853 3388 sed
900 3345 1027 3385 cum
1077 3329 1149 3384 ad
1180 3329 1364 3385 locum
1405 3330 1746 3395 accederem,
1772 3346 2015 3387 conven-

426 3434 519 3481 tus
548 3424 836 3481 hominum
868 3422 1037 3494 (fama
1084 3422 1230 3477 enim
1266 3436 1353 3476 me
1372 3421 1486 3492 jam
1519 3421 1715 3476 atfcsse
1745 3422 2013 3479 fratribus

425 3518 916 3595 praenuntiaverat)
950 3532 1017 3571 ex
1059 3517 1199 3571 locis
1247 3517 1303 3571 in
1348 3515 1552 3585 quibus
1595 3516 1923 3572 habitabant
1947 3516 2024 3571 ad

427 3627 531 3675 nos
585 3609 871 3665 conﬂuxit.
901 3606 1037 3662 Nam
1078 3606 1310 3662 honoris
1335 3606 1511 3676 gratia
1551 3607 1747 3661 amicis
1796 3607 2014 3661 obviam

428 3701 725 3774 procedere
773 3705 1200 3756 consueverunt.
1245 3697 1318 3752 At
1362 3696 1636 3768 virginum
1692 3697 1897 3753 chorus
1948 3696 2015 3753 ad

428 3790 722 3850 ecclesiam
751 3789 999 3846 modeste
1033 3797 1286 3845 nostrum
1314 3788 1610 3844 adventum
1636 3791 2015 3860 exspectabat.

429 3881 638 3938 Verum
674 3896 801 3937 cum
836 3879 1168 3936 fecissemus
1199 3888 1256 3935 et
1286 3879 1547 3951 precandi
1570 3887 1627 3936 et
1658 3880 2017 3936 benedicendi

432 3971 621 4036 finem,
656 3977 824 4040 atque
877 3969 1004 4030 illa).
1046 3968 1316 4025 inclinato
1354 3967 1512 4039 prius
1551 3968 1734 4039 capite
1788 3968 2016 4024 benedi-

430 4063 602 4119 ctioni
625 4101 642 4127 ,
671 4063 905 4118 honeste
936 4060 1287 4117 discedentes
1326 4059 1598 4117 abiissent
1640 4061 1709 4116 ad
1745 4061 1864 4116 loca
1896 4076 2018 4127 sua,

432 4170 536 4211 nec
595 4170 704 4209 una
766 4153 989 4225 quidem
1029 4167 1218 4207 carum
1275 4152 1418 4222 apud
1468 4168 1570 4208 nos
1607 4153 1798 4208 relicta
1850 4164 2018 4221 esset,

435 4244 598 4301 facile
656 4243 711 4300 id
747 4243 895 4315 quod
951 4251 1073 4298 erat
1126 4241 1382 4313 conjeci,
1418 4258 1528 4298 non
1560 4258 1685 4299 esse
1732 4244 1874 4299 inter
1927 4258 2023 4300 eas

435 4338 681 4409 ipsarum
738 4337 974 4403 ducem;
1044 4344 1100 4391 et
1160 4336 1506 4406 prmcedente
1563 4336 1803 4406 quodam
1859 4346 2024 4406 atque

436 4429 640 4483 ostium
685 4428 1024 4498 apperiente.
1079 4441 1296 4482 sacram
1350 4427 1498 4482 illam
1537 4426 1795 4492 domum,
1826 4426 1882 4481 in
1913 4441 2024 4498 qua

438 4518 617 4571 inerat
646 4517 740 4571 illa
792 4530 989 4586 magna
1025 4517 1309 4586 ingressus
1336 4532 1456 4573 sum
1496 4534 1511 4583 ;
1542 4518 1898 4573 vehementer
1932 4534 2023 4573 au-

440 4618 549 4665 tem
580 4615 717 4663 tunc
744 4607 1070 4678 aegrotabat.
1098 4623 1276 4679 neque
1297 4624 1428 4664 vero
1455 4608 1510 4662 in
1550 4609 1693 4664 lecto
1715 4617 1815 4665 aut
1848 4617 2025 4665 strato

438 4698 743 4769 quopiam,
791 4697 887 4754 sed
936 4697 1089 4752 humi
1142 4697 1499 4768 quiescebat,
1541 4698 1790 4768 subjecta
1859 4714 2026 4756 sacco

440 4791 651 4857 tabula,
682 4797 739 4845 et
769 4788 942 4843 altera
981 4798 1148 4859 eaput
1176 4789 1299 4859 ejus
1334 4791 1642 4846 sustinente
1678 4792 1883 4855 tabula,
1904 4807 2027 4862 qua:

440 4880 747 4952 pulvinaris
777 4879 899 4934 loco
934 4878 1147 4949 insigni
1166 4880 1344 4951 figura
1377 4880 1581 4935 collum
1612 4880 1737 4949 ejus
1783 4881 2025 4947 subibat,

440 4981 497 5029 et
520 4974 791 5029 cervicem
826 4971 1004 5043 ipsius
1036 4972 1093 5025 in
1134 4985 1194 5028 se
1226 4970 1425 5027 decore
1462 4971 1782 5041 recipiebat.

2054 4568 2102 4626 ι)

2114 3326 2213 3397 τὴς
2255 3324 2349 3378 τοῦ
2397 3324 2683 3397 μέλλοντος
2720 3326 3054 3401 ὑποδραμὼν
3105 3327 3503 3400 διετάρασσεν’
3544 3324 3620 3395 ὡς
3646 3325 3704 3385 δὲ

2116 3420 2212 3473 καὶ
2249 3418 2367 3473 κατ’
2410 3419 2575 3472 αὐτὸν
2604 3420 2874 3491 ἐγενόμην
2903 3420 2995 3474 τὸν
3019 3423 3184 3476 τόπον
3205 3461 3221 3487 ,
3264 3424 3360 3478 καὶ
3389 3425 3705 3497 προκατήγ-

2117 3512 2315 3585 γε[ι]λε
2351 3515 2418 3584 τῇ
2461 3512 2780 3583 ἀδελφότητι
2812 3512 2910 3585 τὴν
2941 3515 3241 3587 παρουσίαν
3290 3518 3323 3587 ἡ
3379 3519 3557 3588 φήμηθ
3588 3517 3708 3571 τότε

2119 3606 2407 3676 σύνταγμα
2435 3604 2546 3657 τῶν
2575 3604 2788 3675 ἀνδρῶν
2815 3605 2963 3659 ἅπαν
2989 3646 3005 3671 ,
3047 3609 3115 3661 ἐκ
3151 3607 3247 3661 τοῦ
3278 3608 3547 3678 ἀνδρῶνος
3573 3608 3709 3681 πρὸς

2118 3697 2265 3767 ἡμᾶς
2291 3694 2560 3766 πρπχέθη
2588 3713 2601 3727 ·
2636 3694 2865 3767 σύνηθες
2899 3697 3008 3768 γὰρ
3035 3698 3220 3763 αὐτοῖς
3243 3702 3412 3771 τιμᾷν
3440 3703 3506 3772 τῇ
3537 3702 3704 3756 ὑπαν-

2119 3788 2273 3858 τήσει
2321 3788 2447 3852 τοὺς
2474 3786 2866 3858 καταθυμίους.
2906 3787 2965 3839 ὐ
2992 3787 3050 3842 δέ
3081 3790 3139 3842 ἐν
3183 3789 3398 3857 γυναιξὶ
3428 3793 3530 3862 τῆς
3559 3796 3703 3862 παρ-

2121 3877 2302 3943 θενίας
2335 3878 2493 3950 χορὸς
2520 3877 2808 3950 εὐκόσμως
2840 3879 2980 3934 κατά
3004 3878 3102 3952 τὴν
3132 3881 3425 3952 ἐκκλησίαν
3451 3883 3552 3955 τὴν
3581 3883 3703 3936 εἶσ-

2121 3971 2238 4025 οδον
2264 3971 2421 4043 ἡμῶν
2456 3970 2741 4042 ἀνέμενεν.
2781 3972 3014 4025 Ἐπεὶδέ
3048 3973 3203 4035 τέλος
3230 3969 3376 4044 εἶχεν
3417 3975 3451 4045 ἡ
3479 3976 3612 4045 εὐχή
3646 3991 3710 4030 τε

2123 4061 2219 4116 καὶ
2251 4063 2286 4132 ἠ
2310 4060 2549 4129 εὐλογία.
2581 4062 2678 4116 καὶ
2707 4063 2774 4115 αἱ·
2798 4063 2896 4133 μὲν
2921 4064 3061 4134 μετὰ
3089 4063 3150 4117 τὸ
3178 4066 3437 4136 ὑποσχεῖν
3467 4069 3544 4138 τῇ
3560 4067 3712 4120 εὐλο-

2123 4148 2220 4225 γίᾳ
2250 4153 2357 4224 τὴν
2398 4151 2643 4224 κεφαλὴν
2690 4153 3045 4224 εὐσχημόνως
3100 4155 3525 4221 ἀναιιτοδίζουστιιηι⁵
3573 4157 3721 4228 πρὸς

2126 4243 2325 4306 ἐαυτάς
2343 4240 2673 4315 ἀνεχώρουν,
2698 4244 3024 4298 ὑπελείπετο
3046 4245 3103 4298 δέ
3123 4246 3182 4313 ἐξ
3206 4246 3388 4301 αὐτῶν
3411 4247 3546 4320 πρὸς
3566 4249 3713 4320 ἡμᾶς

2125 4333 2381 4404 οὐδεμία⁶’
2408 4332 2633 4397 είκάσας
2667 4334 2806 4404 ὅπερ
2838 4330 2928 4405 ἦν,
2966 4334 3042 4405 μὴ
3074 4338 3134 4389 ἐν
3173 4337 3411 4402 ἐκείναις
3449 4336 3588 4394 εἶναι
3612 4341 3721 4413 τὴν

2129 4424 2578 4497 καθηγουμένην,
2606 4426 3065 4498 προηγησαμένου
3106 4428 3249 4492 τινὸς
3277 4430 3367 4483 ἐπὶ
3404 4432 3495 4485 τὸν
3532 4427 3710 4501 οἷκον,

2129 4518 2186 4571 ἐν
2218 4510 2263 4586 ᾧ
2294 4512 2363 4588 ἧν
2397 4515 2481 4588 [ἡ]
2511 4517 2762 4587 Μεγάλη,
2804 4518 2900 4571 καὶ
2927 4518 3027 4591 τὴν
3058 4518 3228 4591 θύραν
3266 4521 3712 4593 διαπετάσαντος,

2128 4608 2279 4672 ἐντὸς
2316 4610 2415 4677 τῆς
2455 4608 2606 4680 ἱερᾶς
2634 4610 2848 4679 ἐκείνης
2881 4610 3150 4680 ἐγενόμην
3193 4612 3394 4683 μονῆς·
3429 4616 3463 4686 ὴ
3494 4615 3551 4669 δέ
3582 4633 3713 4685 σφο-

2124 4697 2266 4769 δρῶς
2303 4697 2406 4769 ἧδη
2430 4700 2498 4769 τῇ
2527 4697 2809 4770 ἀρρωστία
2846 4698 3148 4770 κατείχετο·
3186 4703 3490 4758 ἀνεπαύετο
3523 4706 3581 4760 δέ
3613 4708 3717 4762 οὐκ

2127 4790 2221 4844 ἐπὶ
2248 4790 2437 4861 κλίνης
2464 4789 2608 4853 τινὸς
2634 4790 2668 4862 ἢ
2701 4795 2987 4865 στρωμνῆς
3009 4833 3024 4855 ,
3050 4795 3164 4850 ἀλλ’
3204 4798 3297 4852 ἐπὶ
3333 4797 3429 4852 τοῦ
3463 4799 3712 4870 ἐδάφους.

2132 4880 2340 4942 σανίδος
2384 4879 2794 4950 ὑποτεταμένης
2829 4880 2908 4953 τῷ
2943 4884 3132 4955 σάκκῳ
3157 4927 3172 4951 ,
3211 4890 3303 4942 καὶ
3341 4890 3441 4961 τὴν
3475 4890 3722 4961 κεφαλὴν

2132 4972 2325 5043 ἐτέρας
2358 4970 2521 5024 πάλιν
2571 4971 2781 5036 σανίδος
2831 4964 3255 5049 ὐπερειδούσης,
3284 4973 3353 5052 ἦς
3400 4983 3434 5053 ἡ
3486 4982 3718 5054 ἐργασία

441 5066 666 5139 τοιαύτη
712 5083 795 5131 τις
827 5061 932 5138 ἦν,
964 5064 1040 5129 ὡς
1082 5063 1205 5119 ἀντὶ
1233 5062 1669 5135 προσκεφαλαίου
1707 5067 1775 5136 τῇ
1817 5067 2029 5140 κεφαλῇ
2068 5064 2345 5136 γίνεσθαι,
2378 5064 2436 5116 ἐν
2472 5061 2611 5133 λοξῷ
2682 5063 2761 5135 τῷ
2811 5067 3051 5138 σχήματι
3099 5071 3225 5136 τοὺς
3265 5073 3519 5140 τένοντας
3583 5076 3719 5130 ὑπο-

444 5161 740 5227 ϐαίνουσα,
775 5161 872 5215 καὶ
902 5159 1255 5232 καταθυμίως
1287 5160 1557 5231 ἀνέχουσα
1588 5159 1674 5230 ἐφ’
1708 5161 1908 5232 ἑαυτῆς
1939 5162 2031 5216 τὸν
2069 5161 2291 5233 αὐχένα.

515 5250 653 5309 Cum
680 5246 849 5324 igitur
873 5251 1103 5308 vidisset
1131 5267 1218 5307 me
1247 5267 1414 5323 prope
1459 5250 1608 5308 fores
1637 5267 1780 5318 esse,
1820 5267 1944 5309 sese
1974 5254 2030 5308 in

448 5342 702 5398 cubitum
730 5343 972 5413 erigens,
1000 5357 1296 5398 accurrere
1330 5343 1422 5397 illa
1458 5342 1681 5414 quidem
1711 5358 1821 5398 non
1855 5345 2031 5414 potuit

450 5433 611 5505 (nam
639 5430 779 5486 febri
810 5432 1128 5489 defecerant
1156 5433 1361 5501 vires),
1395 5434 1493 5490 scd
1534 5441 1717 5489 tamen
1766 5434 1885 5490 solo
1918 5449 2035 5488 ma-

448 5537 584 5580 num
636 5519 884 5592 alligens.
948 5537 1118 5593 seque
1154 5532 1423 5594 quantum
1468 5529 1687 5593 poﬁerat
1726 5539 1794 5579 ex
1837 5523 2034 5577 humili

454 5612 659 5670 lectulo
712 5626 1066 5684 promovens,
1124 5612 1391 5671 honorem
1442 5614 1655 5682 habuit,
1706 5630 1868 5685 quem
1903 5615 2038 5669 mihi

452 5712 685 5761 amans
722 5711 987 5773 prmstare
1016 5720 1125 5761 non
1144 5712 1358 5776 poterat
1406 5723 1419 5759 :
1472 5704 1565 5759 sed
1597 5719 1699 5776 ego
1738 5719 2038 5761 accurrens

454 5796 821 5870 milibusque
850 5796 1161 5868 suscipiens
1191 5796 1342 5853 humi
1384 5795 1656 5867 dcjcctam
1689 5795 1945 5865 excitavi,
1982 5805 2036 5852 et

2212 5250 2365 5306 Ἐπεὶ
2413 5245 2509 5304 οῦν
2534 5245 2674 5305 εἶδεν
2716 5254 2883 5322 ἐγγὺς
2925 5253 3034 5309 τῶν
3077 5254 3259 5328 θυρῶν
3298 5274 3367 5327 με
3405 5258 3718 5331 γενόμενον.

2130 5341 2420 5413 δρθώσασα
2474 5340 2672 5411 ἑαυτὴν
2726 5344 2815 5396 ἐπ’
2861 5342 3145 5413 ἀγκῶνος,
3196 5345 3567 5418 προσδραμεῖν
3619 5347 3721 5419 οὐχ

2133 5435 2221 5488 οῖα
2244 5433 2291 5485 τ’
2317 5427 2407 5503 ἢν,
2441 5432 2497 5486 ἐν
2538 5432 2616 5502 τῷ
2657 5434 2876 5506 πυρετῷ
2920 5436 3022 5505 ἥδη
3066 5435 3167 5506 τῆς
3217 5437 3401 5508 ίσχύος
3438 5438 3721 5493 ὑπολυθεί-

2139 5542 2259 5596 σηςσ
2303 5523 2522 5597 πήξασα
2549 5524 2607 5579 δὲ
2648 5526 2740 5579 ἐπὶ
2772 5525 2867 5580 τοῦ
2889 5526 3119 5598 ἐδάφους
3149 5527 3250 5593 τάς
3276 5533 3487 5602 χεῖρας,
3512 5531 3605 5585 καὶ
3631 5532 3720 5600 ἐφ’

2137 5616 2264 5670 ὅσον
2292 5610 2402 5668 οἷόν
2444 5633 2504 5669 τε
2538 5610 2627 5689 ἦν,
2660 5616 2764 5683 ἔξω
2809 5617 3008 5689 ἑαυτὴν
3040 5618 3134 5672 τοῦ
3163 5622 3460 5693 χαμευνίου
3501 5622 3721 5693 προτεί-

2146 5723 2303 5770 νασα,
2350 5707 2449 5778 τὴν
2489 5707 2588 5777 τῆς
2631 5707 2985 5779 ὑπαντήσεως
3021 5710 3259 5784 ἐπλήρου
3307 5716 3506 5782 τιμήν
3566 5711 3722 5782 κάγὼ

2146 5796 2547 5869 προσδραμὼν,
2595 5798 2689 5853 καὶ
2730 5800 2846 5862 ταῖς
2885 5801 3071 5871 χερσὶν
3126 5803 3408 5861 ὑποϐαλὼν
3457 5806 3631 5877 χαμαὶ
3658 5804 3734 5859 ’.δ’
