4092 6368
365 313 467 366 ςιῑτ

1605 301 1694 354 DE
1727 301 1887 356 “TA
1930 302 1986 357 S.
2027 301 2380 358 MACItINrE.

3511 306 3622 363 978

364 423 652 493 πρόσωπον
687 417 1025 488 κεκλιμένον,
1083 414 1385 487 ἀνώρθωσά
1439 433 1495 468 τε
1537 415 1706 488 αὐτὴν
1761 417 1980 480 πάλινμ

2084 417 2216 473 ubili
2255 417 2418 472 solito
2475 418 2713 473 restitui.
2749 417 2848 474 Hic
2892 419 2984 474 illa
3041 420 3299 476 manibus
3351 421 3418 476 ad
3453 420 3621 476 Deum

359 514 452 565 καὶ
476 511 734 566 ἀπέδωκα
760 509 840 581 τῷ
876 508 1096 580 συνήθει
1135 508 1234 580 τῆς
1261 508 1638 572 κατακλίσεως
1681 513 1940 580 σχήματι.

369 605 430 655 'il
459 603 515 655 δὲ
562 601 890 673 προτείνασα
926 599 1004 670 τῷ
1035 599 1154 669 Θεῷ
1179 598 1276 669 τὴν
1309 601 1486 669 χεῖρα,
1531 617 1548 663 ᾳ
1590 599 1698 652 Καὶ
1740 599 1943 671 ταύτην

368 693 693 765 ἐπλήρωσάς
746 708 874 761 μοι,
915 709 935 742 ›
987 689 1142 758 φησὶ,
1182 707 1200 740 ι
1237 688 1334 760 τὴν
1379 689 1558 760 χάριν,
1602 691 1630 742 ὁ
1661 689 1818 753 Θεός·
1853 692 1946 758 καί

360 789 458 856 οὐχ
500 783 804 854 ύστὲρησάς
838 799 905 852 με
929 783 993 834 ἐκ
1027 781 1126 852 τῆς
1179 780 1475 850 ἐπιθυμίας
1531 798 1670 853 μου·
1719 782 1800 835 ὅτι
1832 781 1945 850 ἐκί-

364 893 532 945 νησας
571 874 661 928 τὸν
693 874 782 927 σὺν
821 875 1040 948 οἰκέτην
1087 873 1169 936 εἰς
1206 872 1491 942 ἐπίσκεψιν
1524 874 1622 942 τῆς
1656 871 1946 942 παιδίσκης

367 989 482 1026 σου.
524 988 542 1022 ι
581 969 691 1024 Καὶ
718 969 793 1030 ὼς
836 967 900 1023 ἂν
943 967 1211 1037 μηδεμίαν
1257 965 1525 1034 ἐπαγάγοι
1559 967 1625 1036 τῇ
1661 967 1765 1036 ἐμῇ
1800 964 1945 1036 ψυχῇ

365 1060 682 1137 δυσθυμίαν,
713 1059 804 1112 τὸν
833 1059 1132 1128 στεναγμὸν
1155 1056 1514 1128 κατεπρὰὓνε,
1552 1057 1647 1109 καὶ
1690 1056 1788 1128 τὴν
1820 1073 1946 1108 συν-

366 1151 498 1221 οχὴν
547 1148 641 1202 τοῦ
690 1148 966 1218 ἄσθματος
1025 1146 1289 1218 κρύπτειν
1355 1164 1471 1209 πως
1526 1144 1810 1210 ἐϐιάζετο·
1863 1145 1950 1216 διὰ

373 1244 590 1296 πάντων
617 1259 674 1294 τε
708 1241 842 1313 πρὸς
877 1240 936 1292 τὸ
977 1239 1341 1310 εὐθυμότερον
1378 1237 1788 1310 μεθηρμόζετο,
1841 1239 1951 1292 τῶν

370 1332 720 1404 καταθυμίων
763 1332 934 1399 λόγων
970 1331 1104 1401 αύτὴ
1139 1348 1197 1384 τε
1247 1331 1630 1402 κατάρχοντα,
1682 1332 1775 1384 καὶ
1821 1333 1953 1402 ἡμῖν

368 1426 468 1488 τὰς
501 1423 788 1495 ἀφορμάς,
827 1423 893 1476 δι’
925 1415 999 1476 ὧν
1032 1420 1254 1493 ἠρώτα,
1287 1420 1802 1493 παρασκευάζουσα.
1844 1423 1955 1494 Τῆς

369 1515 426 1578 δέ
463 1513 590 1585 περὶ
618 1513 708 1566 τοῦ
737 1513 971 1582 μεγάλου
1004 1511 1286 1565 Βασιλείου
1320 1513 1538 1584 μνήμης
1568 1515 1634 1582 τῇ
1664 1512 1955 1582 ἀκολουθίᾳ

370 1602 465 1657 τοῦ
505 1602 663 1670 λόγου
706 1602 1199 1674 παρεμπεσούσης,
1254 1603 1377 1674 ἐμοὶ
1428 1603 1528 1674 μὲν
1571 1601 1952 1673 ἐπώκλαζενή

369 1691 538 1762 ψυχὴ,
581 1692 675 1744 καὶ
717 1692 1045 1745 συνέπιπτεν
1075 1693 1132 1744 ἐν
1174 1692 1444 1764 κατηφείᾳ
1471 1692 1532 1745 τὸ
1573 1693 1884 1763 πρόσωπον·
1922 1695 1955 1764 ἠ

2046 510 2305 566 sublatis:
2336 528 2353 562 ι
2375 508 2648 574 Gratias,»
2673 511 2900 581 inquit,r
2929 512 3024 566 tibi
3044 529 3168 584 ago,
3197 513 3428 570 Domine
3457 516 3622 580 Deus,

2047 599 2138 668 qui
2165 609 2218 654 et
2249 600 2352 654 hoc
2385 600 2518 656 mihi
2553 600 2788 671 largitus
2820 617 2902 664 es,
2932 619 3033 657 nec
3073 603 3220 674 quod
3255 606 3478 676 optabat
3507 609 3627 662 ani-

2047 707 2168 746 ltltIS
2224 707 2378 748 meus
2424 692 2475 747 ei
2535 692 2816 763 denegasti
2860 711 2872 746 :

2048 791 2226 848 tuum,
2257 793 2314 839 ut
2341 795 2598 841 metuam
2625 786 2881 839 ancillam
2909 787 3186 842 inviseret.
3211 806 3229 839 ι
3268 789 3346 843 Ac
3369 804 3436 843 ne
3465 804 3627 858 quam

2047 875 2234 928 animo
2277 876 2585 931 molestiam
2632 884 2970 947 aspergeret,
3015 879 3276 947 gemitum
3327 879 3629 945 molliebat,

2047 976 2101 1021 et
2131 966 2316 1020 celare
2362 966 2733 1023 ditlicultatem
2789 969 3035 1038 spirandi
3085 971 3411 1032 conabatur,
3464 986 3633 1040 seque

2049 1057 2118 1109 ad
2169 1056 2500 1112 hilaritatem
2557 1061 2708 1113 omni
2762 1060 2978 1114 ratione
3036 1062 3349 1126 revocabat,
3398 1061 3631 1130 jncundi

2930 695 3024 750 sed
3079 697 3350 766 impulisti
3408 713 3626 753 servum

2053 1148 2326 1202 sermonis
2383 1157 2440 1204 et
2493 1150 2610 1221 ipsa
2643 1166 2898 1221 quaarens
2940 1153 3314 1215 occasionem,
3369 1161 3423 1207 et
3468 1152 3633 1207 nobis

2053 1238 2580 1308 interrogationibus
2611 1244 2728 1298 suis
2757 1244 3040 1298 materiam
3068 1243 3339 1314 pratbens.
3372 1241 3480 1297 Sed
3507 1257 3633 1297 cum

2054 1333 2226 1386 series
2263 1332 2379 1402 ipsa
2413 1334 2684 1389 sermonis
2719 1351 2819 1389 nos
2851 1336 2917 1388 ad
2957 1337 3287 1390 mentionem
3333 1336 3402 1390 de
3431 1335 3638 1390 Basilio

2057 1422 2426 1491 perduxisset,
2475 1424 2608 1478 mihi
2654 1425 2874 1494 quidem
2919 1434 3230 1483 commotus
3268 1437 3353 1482 est
3395 1427 3637 1486 animus,

2056 1523 2110 1567 et
2144 1530 2254 1585 pra:
2299 1516 2562 1570 mat-stitia
2615 1520 2799 1572 vultus
2831 1518 3094 1584 concidit,
3143 1530 3196 1574 et
3231 1535 3297 1574 ex
3329 1519 3509 1573 oculis
3560 1518 3641 1571 la-

2057 1617 2261 1673 cryina:
2285 1601 2619 1660 deﬂuebant.
2654 1605 2724 1659 At
2761 1607 2853 1660 illa
2885 1617 3096 1662 tantum
3129 1606 3325 1673 abfuit,
3358 1615 3416 1661 ut
3448 1606 3642 1661 eadem

2060 1693 2478 1763 perturbatione
2523 1698 2814 1752 nobiseum
2861 1699 3218 1768 dejiceretur.
3254 1708 3313 1753 ut
3351 1715 3415 1754 ex
3455 1698 3643 1754 Basilii

370 1785 429 1844 δὲ
471 1783 722 1836 τοσοῦτον
775 1785 980 1854 ἀπέσχε
1023 1785 1102 1856 τῷ
1154 1786 1408 1858 ἡμετέρῳ
1455 1786 1956 1856 συνταπεινωθῆναι

2084 1784 2349 1847 nemoria,
2401 1786 2743 1842 sublimior-is
2787 1788 3148 1860 philos0phia:
3182 1790 3469 1843 materiam
3503 1787 3644 1841 arri-

374 1873 566 1938 πάθει,
595 1875 735 1929 ὥστε
765 1877 1020 1947 ἀφορμὴν
1057 1878 1402 1948 ποιησαμένη
1437 1879 1776 1950 ὑψηλοτέρας
1807 1879 1957 1948 φιλο-

378 1964 570 2034 σοψίας
598 1965 696 2038 τὴν
728 1968 853 2037 περὶ
887 1966 978 2034 τοῦ
1021 1967 1204 2036 Ἀγίου
1248 1957 1491 2039 μνήμην,
1523 1969 1795 2033 τοιούτους
1818 1969 1961 2034 διεξ-

376 2057 505 2127 ῆλθε
542 2057 733 2126 λόγους
768 2059 1162 2130 φυσιολογοῦσά
1184 2077 1242 2112 τε
1269 2061 1329 2113 τὸ
1361 2060 1720 2131 ἀνθρώπινον,
1750 2062 1843 2114 καὶ
1866 2061 1962 2132 τὴν

377 2149 528 2206 θείαν
567 2152 877 2221 οἰκονομίαν
925 2152 1023 2222 τὴν
1055 2151 1142 2204 διά
1181 2152 1290 2204 τῶν
1341 2151 1684 2223 σκυθρωπῶν
1721 2169 1965 2224 κεκρυμο

381 2239 549 2311 μένην
578 2240 654 2310 τῷ
689 2241 832 2312 λόγῳ
871 2241 1316 2294 διακαλύπτουσα
1338 2259 1350 2272 ·
1379 2241 1446 2294 τά
1467 2257 1526 2292 τε
1555 2240 1682 2310 περὶ
1709 2239 1810 2309 τῆς
1835 2241 1962 2310 μελ-

379 2330 577 2403 λούσης
600 2331 762 2403 ζωῆς,
800 2333 1050 2405 καθάπερ
1087 2333 1485 2404 θεοφορουμένη
1521 2332 1598 2402 τῷ
1629 2331 1767 2402 ἁγίῳ
1797 2331 1965 2384 Πνεύ-

383 2441 534 2494 ματι,
583 2425 886 2490 διεξιοῦσα·
937 2425 1078 2478 ὥστε
1125 2442 1214 2486 μοι
1263 2424 1360 2494 τὴν
1396 2423 1574 2494 ψυχὴν
1614 2422 1717 2488 ἔξω
1766 2422 1962 2494 μικροῦ

381 2516 492 2572 δ,ῖν
563 2518 661 2588 τῆς
744 2515 1087 2586 ἀνθρωπίνης
1155 2514 1367 2583 φύσεως
1410 2509 1548 2566 εἶναι
1573 2514 1747 2567 δοκεῖν
1802 2518 2230 2588 συνεπαρθεῖσαν
2294 2525 2404 2585 τοῖς
2450 2522 2763 2594 λεγομένοις

381 2611 588 2665 ἀδύτων
613 2613 678 2680 τιῇ
709 2608 1046 2680 χειραγωγία
1082 2609 1172 2661 τοῦ
1201 2609 1360 2676 λόγου
1398 2608 1822 2679 καθισταμένην.

455 2704 566 2758 Καὶ
589 2703 777 2774 ὥσπερ
823 2703 914 2757 ἐπὶ
962 2703 1060 2772 τῆς
1105 2701 1200 2754 τοῦ
1241 2701 1359 2753 ’1ὼὸ
1398 2701 1636 2772 ἱστορίας
1675 2701 1964 2772 ἀκούομεν,

387 2795 466 2847 ὅτι
502 2792 838 2863 πανταχόθεν
882 2795 947 2864 τῇ
984 2791 1234 2861 σηπεδόνι
1261 2792 1370 2845 τῶν
1407 2792 1736 2862 τραυμάτων
1765 2793 1870 2862 ὅλῳ
1895 2791 1970 2862 τῷ

389 2887 604 2957 σώματι
633 2885 699 2939 δι’
733 2883 942 2956 ἰχώρων
965 2887 992 2938 ὁ
1023 2885 1161 2956 ἀνὴρ
1201 2885 1619 2954 συντηκόμενος,
1651 2885 1709 2937 ού
1745 2884 1880 2955 πρὸς
1912 2884 1972 2937 τὸ

393 2978 622 3046 ἀλγύνον
644 2977 740 3048 τὴν
775 2977 1026 3048 αἴσθησιν
1051 2979 1164 3039 τοῖς
1186 2975 1466 3046 λογισμοῖς
1501 2975 1830 3036 ἐπεκλίνετο,
1858 2973 1971 3027 ἀλλ’

395 3071 452 3142 ἐν
479 3070 575 3140 μὲν
602 3068 678 3139 τῷ
715 3067 951 3138 σώματι,
983 3067 1046 3119 τὴ
1080 3065 1277 3134 ἀλγοῦν
1316 3061 1459 3136 εἶχεν
1479 3081 1494 3096 ·
1546 3067 1574 3119 ὁ
1604 3064 1661 3118 δέ
1693 3065 1830 3135 πρὸς
1875 3063 1974 3134 τὴν

401 3161 533 3221 ίδίαν
569 3160 845 3229 ἐνέργειαν
900 3160 1000 3212 οὐκ
1049 3157 1384 3228 ἠμϐλύνετο,
1419 3158 1537 3221 οὐδὲ
1576 3156 1828 3214 διέκοπτε
1886 3159 1978 3209 τὸν

399 3254 553 3321 λόγον
587 3257 697 3316 τοῖς
726 3251 1078 3323 ὑψηλοτέροις
1105 3250 1502 3320 ἐμϐατεύοντα·
1537 3250 1772 3303 τοιοῦτόν
1799 3267 1850 3302 τι
1888 3251 1983 3304 καὶ

401 3344 496 3398 ἐπὶ
526 3345 628 3412 τῆς
660 3345 900 3414 μεγάλης
933 3344 1119 3414 ἐώρων
1140 3329 1378 3413 ἐκείνης,
1411 3341 1505 3395 τοῦ
1537 3343 1772 3414 πυρετοῦ
1805 3343 1984 3395 πᾶσαν

402 3436 502 3507 τὴν
545 3435 774 3506 δύναμιν
821 3435 991 3506 αὐτῆς
1047 3433 1522 3504 καταφρύγοντος,
1588 3435 1682 3487 καὶ
1734 3433 1869 3504 πρὸς
1897 3433 1986 3485 τον

407 3526 631 3580 θάνατον
661 3524 1094 3590 συνελαύνοντος,
1128 3525 1381 3595 καθάπερ
1401 3524 1577 3596 δρόσῳ
1607 3524 1713 3578 τινὶ
1737 3525 1799 3577 τὸ
1832 3523 1990 3593 σῶμα

410 3617 608 3686 ἑαυτῆς
647 3616 1028 3687 ἀναψύχουσα,
1073 3614 1244 3680 οὕτως
1279 3615 1718 3690 ἀπαραπόδιστον
1756 3613 1899 3686 εἶχεν
1934 3616 1992 3668 ἐν

411 3711 477 3780 τῇ
504 3724 568 3762 πε
579 3710 631 3779 pl.
665 3708 771 3761 τῶν
796 3707 1016 3780 ὑψηλῶν
1049 3707 1252 3780 θεωρίᾳ
1279 3709 1370 3761 τὸν
1399 3707 1544 3772 νοῦν,
1575 3707 1726 3760 οὐδὲν
1764 3706 1869 3760 ὑπὸ
1894 3706 1992 3776 τῆς

413 3801 679 3871 τοσαύτης
727 3801 1040 3871 ἀρρωστίας
1086 3799 1632 3871 παραϐλαπτὸμενον.
1682 3799 1789 3852 Καὶ
1836 3799 1883 3850 εἰ
1921 3797 1994 3868 μὴ

415 3893 551 3963 πρὸς
596 3893 821 3964 ἄπειρον
855 3892 1148 3958 ἐξετείνετο
1199 3892 1372 3963 μῆκος
1411 3895 1442 3962 ή
1477 3891 1784 3962 συγγραφὴ,
1821 3890 1998 3945 πάντα

415 3985 480 4059 ᾂν
507 3983 739 4056 καθεξῆς
765 3984 1112 4055 διηγησάμην
1132 4000 1146 4014 ·
1175 3985 1320 4046 ὅπως
1344 3984 1558 4055 ἐπήρθη
1594 3983 1670 4054 τῷ
1701 3984 1842 4054 λόγῳ
1873 3983 1999 4054 περί

415 4094 475 4128 τε
503 4078 603 4146 τῆς
629 4077 805 4147 ψυχῆς
834 4079 964 4146 ἡμῖν
986 4075 1351 4145 φιλοσοροῦσα
1369 4117 1383 4141 ,
1415 4079 1510 4130 καὶ
1543 4077 1640 4146 τῆς
1675 4075 1763 4129 διά
1799 4075 2000 4147 σαρκὸς

421 4165 564 4238 ζωῆς
586 4165 684 4237 τὴν
712 4169 890 4222 αἰτίαν
921 4166 1226 4232 διεξιοῦσα·
1265 4169 1359 4221 καὶ
1389 4168 1512 4220 ὂτου
1542 4167 1702 4237 χάριν
1735 4167 1763 4218 ὁ
1793 4165 2003 4236 ἄνθρω-

422 4275 521 4320 πος
540 4297 556 4319 ν
591 4260 684 4310 καὶ
720 4259 868 4322 ὅπως
909 4259 1102 4330 θνητός
1124 4276 1136 4288 ·
1164 4260 1257 4316 καὶ
1280 4259 1402 4312 ὅθεν
1426 4261 1454 4311 ὁ
1478 4259 1707 4321 θάνατος
1729 4274 1743 4288 ·
1785 4258 1879 4310 καὶ
1921 4257 2004 4319 τίς

423 4351 456 4421 ὴ
492 4349 599 4401 ἀπὸ
624 4349 815 4402 τούτου
847 4350 984 4421 πρὸς
1003 4350 1102 4420 τὴν
1129 4350 1274 4422 ζωὴν
1299 4351 1459 4404 πάλιν
1484 4350 1759 4411 ἀνάλυσις.
1804 4349 1893 4402 Ἐν
1925 4343 2006 4412 οἷς

1931 3105 2046 3172 ΓΟ

2059 1874 2240 1945 piens,
2300 1891 2365 1931 ea
2419 1877 2738 1946 disputarit,
2793 1896 2977 1934 rerum
3027 1880 3394 1934 humanarum
3443 1891 3646 1933 causas

2059 1967 2378 2034 exquirens.
2432 1973 2492 2021 et
2527 1969 2808 2022 occultam
2861 1972 2915 2023 in
2952 1969 3122 2024 rebus
3167 1968 3412 2024 adversis
3464 1965 3647 2037 provi-

2060 2057 2303 2112 dentiam
2337 2056 2431 2113 Dei
2471 2059 2706 2114 dicendo
2731 2061 3008 2131 aperiens,
3037 2069 3092 2117 et
3119 2077 3243 2132 qua:
3273 2062 3555 2131 pertinent
3579 2059 3649 2113 ad

2061 2149 2234 2204 vitam
2261 2150 2505 2204 futuram
2539 2161 2800 2222 tanquam
2833 2153 3022 2207 divino
3050 2154 3248 2225 spiritu
3293 2152 3494 2214 afﬂatu,
3523 2165 3650 2226 per-

2067 2256 2322 2304 currens,
2363 2251 2422 2296 ut
2449 2244 2670 2298 animus
2710 2259 2867 2299 meus
2894 2243 3058 2299 dictis
3105 2243 3253 2299 illius
3281 2244 3562 2299 excitatus
3601 2250 3655 2295 et

2067 2334 2189 2402 ejus
2213 2336 2464 2390 oratione
2496 2337 2550 2390 in
2578 2337 2900 2392 caelestibus
2925 2336 3106 2409 adytis
3129 2337 3470 2392 constitutus
3497 2341 3653 2389 extra

2070 2434 2323 2481 naturam
2362 2429 2602 2485 hominis
2631 2430 2842 2500 positus
2871 2445 2997 2486 esse
3025 2431 3322 2486 videretur.

2777 2565 2793 2586 ,
2854 2523 2948 2576 καὶ
2998 2522 3148 2586 ἐντὸς
3230 2521 3338 2576 τῶν
3389 2518 3656 2574 οὐρανίων

2150 2703 2226 2754 Ae
2261 2702 2726 2771 quemadmodum
2756 2703 2879 2767 Job,
2913 2712 2974 2756 ut
3005 2702 3060 2759 in
3109 2701 3231 2770 ejus
3264 2700 3492 2758 historia
3526 2703 3659 2774 legi-

2077 2809 2221 2856 mus,
2286 2796 2540 2863 quamvis
2597 2804 2770 2849 totum
2809 2810 3047 2863 corpus,
3083 2793 3366 2849 ulceribus
3417 2795 3663 2865 undique

2078 2886 2550 2955 putrescentibus,
2597 2888 2756 2941 sanie
2814 2886 3254 2948 contabesceret,
3312 2899 3536 2939 sensum
3594 2885 3662 2939 ad

2078 2979 2324 3040 dolorem
2358 2979 2744 3038 ratiocinaudo
2773 2995 2881 3033 non
2912 2977 3240 3033 demittebat
3267 2992 3282 3030 :
3311 2976 3407 3032 sed
3434 2991 3669 3046 corpore

2081 3073 2302 3143 quidem
2327 3072 2600 3132 sentiebat
2625 3071 2892 3138 dolorem,
2926 3069 3110 3124 animo
3139 3082 3270 3122 vero
3294 3065 3361 3121 ad
3384 3068 3665 3138 propriam

2081 3167 2355 3220 actionem
2408 3163 2581 3218 nihilo
2627 3163 2804 3218 factus
2837 3169 2948 3217 erat
2998 3160 3366 3226 imbecillior;
3405 3175 3506 3214 nec
3544 3175 3668 3215 ser-

2086 3271 2300 3310 monem
2328 3254 2618 3309 altioribus
2650 3254 2717 3308 de
2747 3254 2913 3308 rebus
2961 3251 3272 3306 institutum
3302 3250 3672 3320 interrumpeo

2086 3348 2216 3402 hat:
2269 3346 2352 3401 sic
2408 3347 2462 3400 in
2519 3360 2716 3416 magna
2771 3345 2864 3399 illa
2891 3343 3234 3399 cernebam:
3288 3343 3493 3395 etenim
3547 3341 3676 3395 licet

2088 3439 2259 3494 febris
2292 3453 2453 3494 omne
2502 3437 2674 3492 robur
2720 3436 2897 3507 ipsius
2945 3435 3306 3497 exsiccassvt,
3365 3443 3419 3486 et
3469 3448 3674 3503 corpus

2089 3532 2211 3601 ejus
2238 3538 2497 3600 tanquam
2532 3543 2658 3584 rore
2687 3525 2928 3599 quodam
2960 3524 3316 3594 frigefaciens
3345 3523 3413 3578 ad
3444 3530 3678 3578 mortem

2091 3617 2468 3688 compelleret,
2499 3622 2739 3679 mentem
2767 3622 2950 3670 tamen
2975 3613 3312 3683 expeditam,
3341 3623 3394 3668 et
3418 3622 3677 3682 tanquam

2095 3711 2290 3766 morbo
2313 3711 2561 3773 illaisam,
2587 3709 2641 3762 in
2667 3721 2851 3762 rerum
2876 3706 3196 3762 sublimium
3219 3704 3682 3774 contemplatione

2096 3801 2396 3857 detinebat.
2427 3799 2581 3866 Quod
2611 3799 2716 3854 nisi
2746 3813 2986 3858 vererer,
3009 3813 3078 3852 ne
3110 3798 3166 3851 in
3198 3797 3527 3851 immensum
3553 3809 3682 3849 ora-

2098 3899 2174 3948 tio
2197 3894 2633 3964 protraheretnr,
2659 3891 2854 3944 ordine
2877 3899 3076 3944 cuncta
3105 3899 3433 3958 persecutus
3457 3902 3635 3942 essent
3661 3903 3676 3938 :

2101 3984 2377 4057 quomodo
2420 3983 2654 4038 dicendo
2710 3989 2965 4052 provecta
3013 3981 3110 4043 sit,
3148 3987 3208 4033 ut
3245 3988 3299 4035 et
3333 3980 3400 4033 de
3445 3977 3683 4032 hominis

2102 4079 2287 4134 animo
2319 4077 2648 4147 disputaret,
2683 4075 3061 4143 rationemque
3091 4073 3216 4126 vitae
3242 4072 3407 4140 hujus
3432 4071 3487 4125 in
3513 4084 3682 4124 carne

2105 4179 2474 4242 percurreret,
2515 4177 2569 4224 et
2597 4183 2760 4238 quem
2787 4165 2855 4227 ad
2891 4165 3052 4224 ﬁnem
3088 4166 3278 4230 homo,
3309 4172 3364 4218 et
3405 4161 3686 4233 quomodo

2105 4263 2356 4319 mortalis
2380 4270 2435 4316 et
2465 4277 2573 4332 qua
2606 4261 2672 4315 de
2707 4273 2875 4314 causa
2916 4257 3266 4317 immortalis,
3311 4263 3366 4310 et
3395 4271 3518 4325 qua:
3557 4254 3687 4307 hinc

2109 4350 2176 4404 ad
2211 4351 2436 4404 alteram
2492 4350 2662 4404 vitam
2734 4347 3023 4402 resolutio.
3061 4345 3192 4411 Qua:
3231 4345 3449 4415 quidem
3501 4344 3687 4399 omnia

426 4445 861 4518 ἇπασιν,ὥσπερ
892 4445 1293 4516 ἐμπνευσθεῖσα
1339 4448 1406 4516 τῇ
1445 4445 1669 4514 δυνάμει
1711 4442 1808 4496 τοῦ
1851 4442 1980 4511 άγίο·

2113 4450 2374 4513 tanquam
2413 4441 2462 4494 vi
2508 4440 2738 4512 spiritus
2778 4448 2954 4507 rapta,
2999 4437 3275 4506 sapienter
3321 4435 3690 4504 distincteque

426 4533 740 4610 Πνεύματός
766 4540 940 4592 πάντα
957 4537 1155 4608 διεξῄει
1179 4537 1364 4606 σαφῶς
1386 4554 1442 4589 τε
1469 4537 1562 4589 καὶ
1587 4534 1915 4598 ἀκολούθως,
1945 4535 2003 4588 ἐν

429 4631 651 4702 comat;
682 4631 833 4704 πάσῃ
861 4630 956 4684 τοῦ
989 4629 1148 4696 λόγου
1186 4631 1400 4701 ῥέοντος
1429 4627 1680 4698 καθάπερ
1727 4627 1792 4679 ἐκ
1821 4626 2005 4696 πηγῆς

431 4739 597 4794 τινος,
633 4721 726 4774 καὶ
755 4720 1207 4792 ἀπαραποείστως
1231 4719 1364 4790 πρὸς
1392 4718 1452 4772 τὸ
1476 4716 1678 4789 πρανὲς
1705 4716 2006 4787 φερομένου

433 4813 526 4868 τοῦ
551 4812 758 4875 ὓδατος.

519 4905 670 4959 Ἐπεὶ
693 4904 750 4957 δὲ
779 4902 1157 4974 συνεπεράτθη
1192 4902 1440 4970 όλόγος,ι
1473 4901 1613 4972 Ὥρα
1644 4917 1746 4966 σοι,
1781 4917 1799 4952 ι
1827 4899 2013 4970 φησὶν,

441 5016 461 5048 ι
488 4996 702 5065 ἀδελφέ,
733 4993 914 5064 πολλῷ
938 4994 1015 5064 τῷ
1035 4994 1188 5062 κόπῳ
1219 4995 1315 5065 τῆς
1330 4993 1634 5064 ὁδοιπορίας
1661 4989 2015 5060 πεπονηκότι,

439 5085 611 5158 βραχύ
632 5103 685 5138 τι
713 5083 1071 5137 διαναπαῦσαι
1100 5081 1161 5136 τὸ
1185 5081 1361 5153 σῶμα.
1395 5101 1412 5133 ι
1441 5081 1618 5152 Κάμοὶ
1663 5079 1874 5150 μεγάλη
1919 5079 2016 5148 μὲν

440 5179 534 5232 καλ⁷
558 5175 763 5249 ἀληθὴς
796 5176 978 5239 ἄνεσις
998 5171 1065 5246 ἦν
1090 5176 1150 5229 τὸ
1184 5176 1457 5246 προσορᾷν
1496 5191 1554 5228 τε
1594 5172 1764 5244 αὐτὴν
1791 5173 1886 5224 καὶ
1911 5171 2020 5233 τῶν

445 5267 697 5339 μεγάλων
727 5259 1124 5338 ἐπακροᾶσθαι
1169 5267 1341 5334 λόγων
1362 5283 1376 5298 ·
1428 5265 1550 5318 ἐπεὶ
1582 5265 1638 5318 δὲ
1671 5264 1828 5318 τοῦτο
1855 5279 2020 5334 κεχα-

447 5357 696 5428 ρισμένον
741 5354 810 5429 ἦν
848 5359 943 5412 καὶ
998 5358 1149 5426 φίλον
1195 5359 1371 5428 αὐτῇ,
1426 5357 1500 5420 ὡς
1553 5357 1619 5410 ἂν
1663 5355 1752 5414 διὰ
1805 5357 2021 5418 πάντων

447 5448 726 5502 πείθεσθαι
758 5453 824 5522 τῇ
849 5451 1150 5520 διδασκάλῳ
1176 5451 1411 5521 δοκοίην,
1445 5449 1500 5502 ἓν
1544 5467 1648 5503 τινι
1694 5448 1805 5501 τῶν
1837 5465 2024 5517 παρα-

449 5539 714 5610 κειμένων
743 5541 956 5610 κηπίων
1003 5542 1298 5614 χαρίεσσάν
1347 5559 1468 5597 τινα
1509 5539 1838 5610 καταγωγὴν
1878 5555 2022 5610 παρ-

449 5629 857 5700 εσκευασμένην
887 5631 1097 5702 εὑρὼν,
1143 5632 1249 5690 ὑπὸ
1303 5631 1400 5703 τὴν
1455 5633 1562 5684 τῶν
1621 5629 2025 5700 ἀναδενδράδων

457 5722 613 5776 σκιάν
634 5723 1016 5795 ἀνεπαυόμην·
1050 5724 1161 5778 ἀλλ’
1194 5726 1292 5778 οὐκ
1321 5721 1371 5800 ἧι
1410 5723 1634 5778 δυνατὸν
1666 5720 1774 5776 τῶν
1800 5721 2025 5791 εὐφραιο

2114 4533 2435 4597 declaravit,
2465 4533 2719 4587 oratione
2751 4531 2925 4602 ipsius
2965 4530 3124 4584 facile
3156 4537 3418 4599 tanquam
3449 4543 3588 4598 aqua
3622 4543 3688 4582 ex

2114 4626 2300 4695 aliquo
2327 4626 2479 4678 fonte
2517 4624 2788 4680 deﬂuente
2821 4630 2872 4676 et
2901 4623 3020 4677 sine
3048 4623 3160 4676 ullo
3183 4621 3577 4692 impedimento
3598 4635 3693 4690 per

2116 4734 2349 4790 pronmn
2380 4718 2580 4773 delata.

2186 4895 2352 4956 Facto
2381 4905 2561 4950 autem
2581 4895 2799 4950 dicendi
2831 4895 2936 4951 line
2965 4913 2979 4949 :
3011 4915 3029 4946 ι
3055 4895 3294 4963 Tempus
3324 4903 3462 4954 est,»
3493 4890 3694 4959 inquit,

2121 5007 2140 5049 ι
2183 4989 2372 5051 frater,
2401 4996 2460 5041 ut
2507 4987 2789 5058 paulisper
2831 4986 3106 5056 quiescas,
3160 4993 3215 5039 et
3259 4997 3462 5052 corpus
3499 4997 3688 5044 cures,

2117 5081 2321 5152 quippe
2367 5081 2461 5150 qui
2503 5080 2571 5133 de
2599 5079 2684 5132 via
2731 5079 2892 5145 longa
2949 5077 3129 5132 fessus
3173 5075 3270 5129 sis.
3296 5093 3316 5126 ι
3355 5073 3467 5144 Ego
3511 5079 3700 5126 autem

2116 5173 2369 5242 quamvis
2410 5172 2464 5225 in
2503 5169 2622 5239 ejus
2651 5175 2874 5238 aspectu
2898 5174 2951 5220 et
2981 5179 3256 5225 sermone,
3291 5171 3406 5216 tam
3437 5161 3704 5232 gravibus

2121 5265 2191 5320 de
2219 5265 2388 5319 rebus
2425 5262 2777 5317 vehementer
2824 5273 3062 5328 vereque
3090 5256 3566 5325 conquiescerem,
3611 5263 3701 5307 ta-

2125 5368 2247 5407 men
2276 5352 2534 5422 quoniam
2572 5351 2651 5406 sic
2674 5350 2723 5404 ei
2758 5356 2977 5420 gratum
3017 5357 3159 5412 erat,
3203 5363 3271 5402 ne
3298 5362 3408 5401 non
3435 5347 3490 5400 in
3519 5345 3704 5399 omni-

2127 5443 2228 5498 bus
2260 5442 2534 5512 magistra:
2563 5456 2832 5511 parerem,
2872 5439 2929 5492 in
2977 5438 3152 5494 hortis
3180 5436 3450 5508 proximis
3480 5442 3701 5507 gratum

2126 5534 2398 5602 quoddam
2423 5531 2793 5587 diversorium
2825 5539 3045 5594 nactus,
3076 5530 3178 5584 sub
3202 5530 3552 5583 arbustorum
3583 5541 3706 5578 mn-

2131 5625 2227 5678 bra
2263 5623 2640 5694 quiescebant,
2705 5621 2799 5677 sed
2850 5621 3054 5674 nullam
3105 5636 3174 5675 ex
3227 5619 3394 5674 rebus
3442 5613 3704 5686 jncundis

2135 5723 2380 5784 poteram
2441 5713 2860 5769 oblectationem
2928 5713 3232 5782 percipere,
3293 5723 3417 5762 cum
3485 5704 3750 5758 animus-
