4092 6368
440 280 549 339 979

1701 283 1761 343 S.
1799 282 2126 341 GBECORII
2159 281 2457 338 NYSSENI.

3605 286 3717 346 ςεο

437 399 593 456 intus
612 415 797 456 rerum
812 401 1057 459 tristium
1077 403 1493 475 exspectatione
1510 409 1872 474 premeretur.
1889 400 2014 456 Nam

2128 399 2329 453 νὸντων
2356 399 2456 472 τὴν
2495 398 2757 469 αἴσθησιν
2799 397 2968 472 ἔχειν,
3020 400 3120 471 τῆς
3172 399 3353 473 ψυχῆς
3381 400 3593 456 ἔνδοθεν
3639 408 3709 476 τῇ

438 506 631 548 eorum
677 509 802 564 quae
849 512 947 567 per
992 498 1228 567 quietem
1280 511 1603 568 aspexeram
1675 497 1904 565 aenigma
1951 511 2016 549 ex

438 586 809 654 praesentibus
825 589 1086 660 explicari
1112 576 1425 645 videbatur.
1457 589 1846 657 Spectaculum
1870 589 2016 642 enim

439 680 784 747 propositum
804 696 931 735 vere
957 681 1132 734 sancti
1152 682 1409 751 martyris
1434 680 1698 751 reliquias
1726 682 2017 740 referebat,

440 782 566 836 qua:
597 778 827 836 peccato
849 769 1071 839 quidem
1123 777 1349 823 martum
1397 769 1738 823 inltabitante
1777 770 2019 837 Spiritus

440 858 617 928 gratia
660 859 1126 931 splendescerent.
1176 859 1242 914 Et
1274 860 1389 915 hare
1433 859 1651 915 cuidam
1691 875 1879 914 eorum
1922 860 2016 930 qui

439 962 657 1002 mecum
723 956 881 1002 erant
946 949 1221 1018 exposui:
1276 965 1400 1004 cum
1458 956 1640 1004 autem
1691 948 2019 1005 demissiore

441 1034 627 1091 animo
653 1034 834 1092 tristia
863 1047 1336 1109 exspectaremus,
1382 1039 1474 1093 illa
1521 1038 1709 1094 nescio
1740 1038 2018 1109 quomodo

438 1130 800 1200 cogitationes
833 1138 1056 1187 nostras
1089 1132 1416 1202 conjiciens,
1475 1132 1630 1186 misit
1663 1132 1757 1202 qui
1807 1132 2019 1187 laetiora

439 1218 811 1287 denuntiaret,
832 1221 1032 1290 iubens
1061 1238 1167 1277 nos
1197 1223 1342 1276 bono
1373 1237 1496 1278 esse
1524 1223 1708 1277 animo
1744 1233 1796 1278 et
1826 1223 2019 1277 melio-

437 1326 556 1367 rem
585 1310 656 1367 de
686 1328 747 1368 se
774 1328 928 1384 spem
958 1315 1285 1383 concipere:
1317 1315 1558 1369 sensisse
1589 1314 1737 1369 enirn
1764 1313 2015 1368 morbum

436 1401 495 1455 in
523 1403 720 1459 melius
748 1404 906 1459 verti.
941 1402 1067 1460 llaec
1088 1412 1271 1459 autem
1298 1420 1413 1459 non
1442 1406 1507 1459 ad
1537 1420 1636 1460 nos
1663 1405 2017 1473 decipiendos

437 1493 780 1561 dicebantur,
828 1495 924 1551 sed
969 1510 1035 1549 ex
1067 1510 1222 1563 vero,
1278 1495 1406 1551 licet
1437 1510 1503 1550 eo
1533 1503 1783 1565 tempore
1817 1508 1919 1549 nos
1961 1493 2016 1547 id

435 1584 822 1655 ignoraremus
848 1605 860 1641 :
894 1602 1084 1642 revera
1114 1587 1262 1642 enim
1293 1596 1557 1657 tanquam
1588 1600 1786 1641 cursor
1814 1586 2015 1656 aliquis

436 1673 757 1730 adversario
787 1684 1045 1746 superato
1071 1676 1294 1746 jamjam
1324 1677 1487 1733 stadii
1517 1684 1716 1732 metam
1743 1677 2016 1747 attingens

435 1771 492 1818 et
521 1764 595 1820 ad
626 1768 912 1836 praemium
962 1772 1434 1840 appropinquans,
1464 1770 1822 1841 victoriaque
1850 1786 2012 1825 cuto-
2043 1757 2088 1817 Β

435 1870 564 1910 nam
596 1858 897 1928 aspiciens,
948 1868 1215 1930 tanquam
1243 1862 1354 1914 voti
1380 1860 1499 1930 jam
1532 1875 1761 1930 compos
1792 1859 2021 1915 eti‘ectus

437 1945 531 2011 sit,
564 1946 806 2013 laetatur,
837 1948 1054 2018 sibique
1081 1956 1136 2004 et
1170 1949 1362 2004 amicis
1396 1950 1576 2003 laetum
1608 1949 1856 2004 victoria:
1884 1966 2022 2004 nuu-

435 2038 574 2093 tium
627 2037 824 2094 affert:
865 2039 948 2095 sic
986 2040 1078 2094 illa
1107 2056 1329 2111 quoque
1358 2039 1552 2096 affecta
1598 2041 1827 2097 meliora
1857 2041 1925 2098 de
1958 2059 2021 2099 se

432 2130 664 2199 jubebat
686 2146 909 2199 sperare
934 2150 947 2186 :
978 2132 1094 2201 jam
1128 2147 1380 2203 supernae
1401 2134 1709 2190 vocationis
1732 2137 2017 2205 praemium

436 2228 715 2289 spectans,
744 2236 808 2275 ac
837 2230 1049 2276 tantum
1093 2237 1204 2277 non
1257 2223 1347 2277 illa
1371 2222 1624 2293 Apostoli
1655 2224 1817 2278 verba
1855 2224 1925 2279 de
1963 2240 2025 2282 se

434 2309 601 2363 etiam
634 2309 826 2365 dicens
851 2310 895 2376 ¹,
937 2329 956 2362 ι
978 2309 1055 2366 De
1083 2312 1303 2381 reliquo
1351 2311 1597 2380 reposita
1639 2319 1725 2366 est
1759 2312 1892 2365 mihi
1928 2327 2023 2366 co-

434 2414 573 2455 rona
622 2400 855 2470 iustitia?
905 2416 1071 2473 quam
1110 2402 1302 2457 reddet
1357 2402 1491 2455 mihi
1543 2401 1730 2471 justus
1770 2400 2016 2466 Iudex,»

434 2491 880 2562 quandoquidem
918 2510 936 2544 ι
960 2492 1164 2548 bonum
1206 2500 1486 2547 certamen
1522 2493 1761 2556 rertavi,
1805 2500 1858 2547 et
1891 2510 2019 2548 cur-

435 2599 557 2639 sum
583 2583 986 2650 consummavi,
1009 2590 1065 2639 et
1087 2582 1248 2638 fidem
1279 2581 1513 2638 servavi.
1538 2602 1557 2634 ι

2128 492 2234 545 τῶν
2282 491 2619 562 σκυθρωπῶν
2657 491 2832 545 ἑλπίδι
2873 492 3255 564 συνεχομένης.
3293 492 3414 547 Τῶν
3444 494 3553 565 γὰρ
3607 496 3693 547 ἑν·

2126 580 2334 635 υπνίων
2369 584 2400 647 ἡ
2428 582 2550 651 ὄψις
2581 583 2943 638 ἐκκαλύπτειν
2973 601 3062 654 μοι
3095 583 3182 637 διὰ
3209 583 3318 638 τῶν
3366 586 3712 655 φαινομένων

2126 673 2300 725 ἐδόκει
2329 673 2388 725 τὸ
2428 674 2674 742 αἴνιγμα.
2716 670 2823 727 Ἦν
2874 674 2982 745 γὰρ
3018 676 3092 738 ὼς
3143 675 3341 744 ἀληθὲς
3379 677 3439 729 τὸ
3487 679 3710 749 προκεί-

2128 778 2282 834 μενον
2334 764 2544 834 θέαμα,
2596 765 2872 836 μάρτυρος
2930 767 3085 833 ἁγίου
3131 766 3391 835 λείψανα,
3440 769 3476 822 ἃ.
3509 773 3576 840 τῇ
3611 772 3713 839 μὲν

2126 857 2369 926 ἁμαρτίᾳ
2405 856 2756 926 ἑνενέκρωτο,
2782 860 2848 928 τῇ
2877 857 2933 909 δὲ
2964 858 3248 929 ἑνοικούσῃ
3268 859 3361 912 τοῦ
3389 859 3709 931 Πνεύματος

2125 946 2307 1017 χάριτι
2340 947 2736 1018 κατελάμπετο.
2782 949 2891 1002 Καὶ
2924 947 3097 1002 ταῦτα
3127 951 3265 1022 πρός
3304 968 3428 1005 τινα
3476 953 3725 1025 διεξῄειν·

2123 1038 2232 1091 τῶν
2268 1038 2690 1109 προακηκοότων
2729 1056 2829 1110 μου
2876 1039 2937 1093 τδ
2977 1040 3260 1095 ἐνύπνιονο
3297 1042 3711 1114 κατηφέστερον

2123 1128 2341 1182 δὲκατά
2369 1129 2430 1182 τδ
2467 1130 2613 1194 είκὸς
2641 1130 2799 1200 ἡμῶν
2842 1132 2898 1183 ἑν
2944 1133 3010 1202 τῇ
3046 1131 3344 1204 προσδοκίᾳ
3388 1134 3497 1186 τῶν
3534 1133 3706 1205 λυπη-

2127 1220 2235 1290 ρῶν
2282 1220 2660 1290 διακειμένων,
2706 1221 2808 1275 οὐκ
2852 1217 2952 1275 οἷδῒ
3000 1223 3148 1286 ὅπως
3185 1225 3571 1296 στοχασαμένη
3604 1227 3702 1296 τῆς

2124 1313 2183 1363 ἑν
2228 1313 2358 1382 ήμῖν
2399 1313 2655 1378 διανοίας,
2706 1314 2967 1382 ἀγγελίαν
3010 1314 3133 1368 τινὰ
3174 1315 3284 1368 τῶν
3323 1316 3704 1388 εὐθυμοτέρων

2125 1403 2261 1473 πρὸς
2296 1406 2444 1474 ἡμᾶς
2482 1404 2926 1476 διαπεμψαμένη,
2965 1405 3186 1477 θαρῥεῖν
3217 1407 3705 1472 ὲνεκελεύετο,καὶ

2124 1493 2224 1557 τάς
2253 1493 2512 1564 ἀμείνους
2556 1494 2696 1565 ὑπὲρ
2739 1495 2909 1566 αὐτῆς
2955 1495 3099 1565 ἔχειν
3129 1494 3376 1560 ἐλπίδας·
3434 1495 3703 1567 ἑπῄσθετο

2123 1586 2231 1656 γὰρ
2260 1587 2361 1655 τῆς
2401 1586 2540 1657 πρὸς
2574 1586 2633 1639 τὸ
2660 1589 2903 1657 κρεῖττον
2936 1589 3130 1659 ῥοπῆς.
3165 1587 3350 1642 Ταῦτα
3386 1589 3444 1642 δὲ
3471 1590 3534 1642 οὐ
3563 1589 3701 1660 πρὸς

2124 1678 2340 1749 ἀπάτην
2370 1678 2614 1746 ἑλέγετο,
2655 1678 2769 1732 ἀλλ’
2802 1677 2861 1743 ἑξ
2894 1678 3063 1749 αὐτῆς
3092 1679 3191 1749 τῆς
3211 1679 3468 1750 ἀληθείας
3490 1681 3519 1733 ὁ
3541 1679 3700 1747 λόγος

2114 1767 2203 1843 ῆν,
2232 1771 2335 1825 κᾶν
2385 1773 2545 1841 ἡμεῖς
2578 1770 2713 1839 πρὸς
2748 1769 2810 1823 τὸ
2836 1770 3008 1841 παρὸν
3046 1772 3413 1843 ὴγνοήσαμεν.
3460 1769 3552 1841 Τῷ
3586 1771 3699 1824 ὅνους

2115 1859 2223 1931 γὰρ
2258 1859 2507 1931 καθάπερ
2533 1876 2617 1919 τις
2662 1858 2895 1930 δρομεὺς
2943 1858 3319 1931 παραδραμὼν
3352 1859 3442 1913 τὸν
3471 1860 3707 1913 ἀντίπαο

2114 1950 2228 2015 λον,
2259 1950 2353 2003 καὶ
2397 1950 2501 2020 ήδη
2527 1950 2662 2022 πρὸς
2692 1949 2771 2020 τῷ
2807 1950 3039 2021 τέρματι
3065 1950 3161 2003 τοῦ
3213 1950 3427 2005 σταδίου
3475 1952 3698 2022 γενόμε-

2113 2059 2231 2106 νος,
2276 2041 2657 2113 προσεγγίζων
2696 2042 2774 2114 τῷ
2820 2042 3084 2122 βραϐείῳ,
3135 2043 3230 2097 καὶ
3283 2044 3375 2096 τὸν
3430 2043 3699 2098 ἐπινίκιον

2116 2134 2376 2202 στέφανον
2420 2132 2650 2203 βλέπων,
2679 2134 2755 2198 ὡς
2798 2135 2901 2204 ἤδη
2928 2135 3244 2207 τετυχηκὼς
3267 2137 3376 2190 τῶν
3401 2138 3694 2207 προκειμέ-

2115 2242 2220 2278 νων
2247 2224 2611 2291 ἑπαγάλλεται
2650 2224 2811 2288 αὐτὸς
2838 2225 3037 2296 ἑαυτῷ,
3060 2227 3155 2280 καὶ
3183 2229 3294 2291 τοῖς
3323 2227 3694 2300 εὐνουστέροις

2115 2313 2225 2367 τῶν
2255 2313 2464 2366 θεατῶν
2493 2313 2592 2385 τὴν
2630 2315 2787 2385 νίκην
2826 2317 3270 2386 εὐαγγελίζεται·
3302 2318 3410 2373 ἀπὸ
3446 2336 3694 2389 τοιαυτης

2115 2405 2248 2472 ἡμῖν
2272 2402 2565 2468 διαθέσεως
2601 2405 2832 2475 κάκείνη
2870 2407 2939 2461 τά
2971 2410 3314 2483 χρηστότερα
3356 2413 3484 2482 περὶ
3529 2410 3699 2480 αὐτῆς

2116 2494 2356 2557 ἐλπίζειν
2381 2494 2569 2563 ἐδήλου
2587 2511 2599 2525 ·
2624 2496 2725 2566 ἤδη
2754 2497 2889 2567 πρὸς
2917 2501 2979 2550 τὸ
3010 2499 3263 2569 βραϐεῖον
3296 2501 3397 2571 τῆς
3427 2502 3541 2555 ἀνω
3567 2501 3700 2571 κλή-

2118 2600 2254 2647 σεως
2291 2585 2594 2654 βλέπουσα,
2647 2587 2742 2639 καὶ
2790 2589 3072 2660 μονονουχὶ
3118 2589 3180 2643 τὸ
3227 2590 3322 2643 τοῦ
3371 2591 3697 2645 Ἀποστόλου

434 2675 802 2749 φθεγγομένη,
864 2678 946 2732 δτι
1002 2696 1023 2730 ι
1105 2664 1422 2731 ’Δπόκὲιταί
1472 2694 1563 2747 μοι
1616 2677 1805 2731 λοιπὸν
1850 2679 1879 2730 ὁ
1922 2677 2022 2747 τῆς
2092 2678 2437 2750 δικαιοσύνης
2484 2680 2779 2750 στέφανος,
2827 2681 2886 2734 ὃν
2946 2683 3218 2737 ἀποδώσει
3260 2701 3351 2754 μοι
3400 2686 3429 2738 ὁ
3489 2684 3702 2746 δίκαιος

431 2771 648 2843 Κριτής
667 2789 680 2802 ·
711 2790 731 2822 ι
756 2771 945 2842 ἐπειδὴ
978 2789 998 2824 ι
1025 2769 1119 2825 τὸν
1147 2770 1312 2826 καλὸν
1343 2770 1530 2841 ἀγῶνα
1555 2771 1884 2842 ἠγώνισμαι,
1915 2773 2011 2824 καὶ
2037 2770 2129 2824 τὸν
2164 2770 2360 2843 δρόμον
2389 2773 2644 2827 τετέλεκα
2671 2775 2767 2827 καῖ
2788 2774 2887 2846 τὴν
2916 2774 3094 2829 πίστιν
3121 2778 3419 2847 τετήρηκα.
3453 2794 3472 2828 ι

501 2865 587 2921 Ad
611 2865 881 2922 bonorum
907 2865 1077 2938 igitur
1107 2866 1364 2921 nuntium
1399 2868 1632 2923 recreati
1670 2867 2013 2923 surreximus

416 2946 496 3014 “ut
548 2958 621 3015 iis
667 2958 1034 3029 prasentibus
1081 2956 1433 3015 frueremur:
1468 2968 1627 3014 erant
1669 2967 1854 3015 autem
1897 2958 2017 3014 haec

431 3051 607 3118 varia,
639 3060 693 3107 et
722 3050 927 3106 laztitiae
970 3050 1168 3121 plenus
1193 3058 1512 3122 apparatus.
1544 3049 1680 3105 Nam
1730 3050 2014 3121 hucusque

2119 3052 2365 3115 λαύσεως
2395 3047 2558 3123 ἦμεν.
2590 3053 2817 3106 Ποικίλα
2862 3053 2920 3106 δὲ
2947 3047 3018 3120 ἦν
3042 3051 3239 3115 ταῦτα,
3268 3051 3362 3105 καὶ
3396 3049 3700 3118 πάσηςπετ

432 3142 619 3201 studio
648 3157 845 3215 magna
870 3141 963 3197 illa
994 3141 1357 3199 descenderat
1383 3161 1401 3196 :
1430 3157 1618 3196 verum
1661 3156 1786 3196 cum
1815 3156 2011 3197 rursus

431 3231 491 3287 in
522 3231 644 3302 ejus
674 3240 1029 3303 conspectum
1066 3232 1447 3296 venissemus,
1466 3246 1575 3285 non
1606 3231 1861 3300 permisit
1894 3232 2014 3286 ina-

431 3323 576 3380 niter
604 3331 823 3394 tempus
853 3337 1205 3387 consumere,
1238 3325 1344 3379 sed
1362 3338 1391 3377 a
1417 3323 1654 3394 pueritia
1680 3337 1780 3378 sua
1802 3338 2013 3380 memo-

431 3415 570 3470 riam
599 3429 791 3472 eorum
835 3424 1111 3486 repetens,
1147 3431 1269 3486 quas
1317 3415 1691 3486 contigerant,
1746 3421 2010 3486 tanquam

431 3505 502 3559 de
528 3505 739 3575 scripto
765 3507 948 3561 omnia
984 3507 1329 3568 recensebat,
1362 3520 1542 3574 neque
1566 3505 1658 3558 illa
1688 3503 2013 3571 praatermit-

434 3606 579 3658 tens.
611 3612 735 3667 quae
757 3597 831 3654 de
859 3608 1150 3669 parentum
1187 3606 1503 3652 nostrorum
1533 3596 1646 3650 vita
1679 3593 2007 3650 recordaba-

433 3697 543 3749 tur,
573 3701 806 3758 quaeque
838 3689 924 3744 vel
952 3688 1196 3744 ante-vel
1226 3695 1349 3757 post
1376 3695 1561 3742 ortum
1590 3700 1769 3741 meum
1804 3700 2008 3740 evene-

433 3787 602 3837 rant:
645 3779 947 3836 narrationi
993 3790 1172 3835 autem
1204 3785 1250 3835 is
1281 3787 1403 3835 erat
1442 3778 1759 3848 propositus
1796 3776 1921 3833 finis
1952 3788 2010 3831 ut

433 3870 547 3930 Deo
566 3874 774 3945 gratias
799 3880 984 3943 ageret
1008 3890 1022 3922 :
1056 3872 1301 3943 ipsorum
1326 3871 1470 3927 enim
1498 3877 1788 3942 parentum
1820 3869 2007 3934 vitam,

432 3978 546 4020 non
579 3972 691 4020 tam
720 3966 921 4034 opibus
953 3964 1161 4018 claram
1198 3971 1259 4019 et
1295 3962 1586 4026 illustrem,
1623 3976 1787 4032 quam
1824 3960 2009 4015 divina

433 4056 777 4128 benignitate
814 4064 1031 4111 auctam
1082 4056 1532 4124 cumulatamque
1570 4052 2006 4116 demonstrabat,

432 4164 561 4203 cum
589 4157 812 4220 propter
838 4147 1250 4205 confessionem
1287 4145 1494 4199 Christi
1530 4144 1702 4213 patris
1730 4143 2008 4214 genitores

432 4238 672 4297 fuissent
696 4239 1000 4311 oppugnati
1027 4247 1194 4309 atque
1218 4238 1400 4294 vexati
1426 4254 1441 4290 :
1477 4250 1640 4290 avum
1669 4243 1855 4291 autem
1888 4250 2007 4290 ma-

431 4336 649 4382 ternum
672 4327 979 4399 indignatio
1006 4328 1155 4398 regia
1175 4326 1521 4388 sustulisset,
1541 4324 1838 4395 omniaque
1860 4326 2009 4382 illius

2201 2869 2393 2939 Ἦμεῖς
2427 2872 2526 2940 μὲν
2575 2866 2671 2925 οὖν
2695 2873 2832 2940 πρὸς
2872 2874 2972 2944 τὴν
3013 2871 3125 2923 τῶν
3158 2869 3379 2938 ἀγαθῶν
3433 2870 3702 2936 ἀγγελίαν

2119 2957 2344 3030 εὔθυμοι
2388 2960 2790 3026 καταστάντες,
2828 2961 2928 3031 τῆς
2965 2960 3076 3014 τῶν
3117 2962 3496 3031 προκειμένων
3565 2961 3700 3012 ἀπο-

2120 3144 2376 3215 πλήρωτο
2404 3144 2672 3217 θυμηδίας
2706 3146 2740 3216 ή
2768 3144 3113 3217 παρασκευὴ,
3139 3142 3283 3197 οὕτω
3313 3143 3410 3213 τῆς
3441 3142 3712 3211 Μεγάλης.

2119 3237 2214 3290 καὶ
2261 3236 2423 3309 μέχρι
2466 3236 2671 3290 τούτων
2712 3239 2779 3307 τῇ
2834 3236 3038 3306 σπουδῇ
3080 3232 3394 3303 κατιούσης.
3452 3234 3604 3286 Ἐπεὶ
3640 3233 3715 3284 δὲ.

2119 3328 2281 3381 πάλιν
2327 3331 2385 3380 ἑν
2437 3327 2736 3399 ὀφθαλμοῖς
2771 3323 2914 3399 ῆμεν
2960 3327 3165 3399 αὐτῆς,
3218 3326 3278 3379 οὐ
3323 3324 3434 3396 γὰρ
3467 3326 3553 3378 εἴα
3596 3323 3709 3394 τὴν.

2117 3414 2370 3486 εὐσχολον
2398 3415 2547 3486 ὥραν
2579 3418 2665 3484 ἐφ’
2706 3415 2913 3468 ἑαυτῶν
2944 3415 3173 3483 διάγειν,
3215 3413 3558 3468 ἀναλαϐοῦσα
3587 3414 3698 3465 τῶν

2118 3507 2183 3559 ἑκ
2210 3506 2457 3577 νεότητος
2500 3506 2671 3576 αὐτῆς
2704 3504 3052 3575 βεϐιωμένων
3083 3505 3182 3576 τὴν
3232 3505 3472 3575 μνήμην,
3527 3505 3698 3559 καθάτ

2119 3612 2223 3667 περ
2264 3596 2357 3649 ἑπὶ
2397 3597 2720 3668 συγγραφῆς
2751 3597 2929 3650 πάντα
2957 3596 3191 3665 καθεξῆς
3217 3596 3530 3666 διεξήρχετο
3551 3613 3566 3625 ·
3602 3594 3701 3648 καὶ

2117 3688 2218 3742 ὅσα
2250 3688 2349 3759 τῆς
2384 3687 2501 3741 τῶν.
2521 3687 2770 3758 πατέρων
2798 3684 2943 3758 ζωῆς
2970 3686 3061 3740 διά
3098 3686 3318 3757 μνήμης
3345 3681 3484 3755 εἶχε,
3514 3686 3607 3739 καὶ
3630 3685 3700 3738 τὰ

2118 3780 2224 3850 πρὸ
2255 3780 2354 3851 τῆς
2400 3779 2541 3850 ἐμῆς
2575 3779 2903 3849 γεννήσεως,
2933 3778 3143 3832 καὶτὸν
3178 3778 3314 3847 μετὰ
3341 3777 3516 3831 ταῦτα
3552 3776 3692 3847 βίονξ

2119 3871 2319 3934 σκοπὸς
2351 3871 2408 3925 δὲ
2446 3871 2584 3943 αὐτῇ
2615 3869 2709 3923 τοῦ
2753 3871 3100 3943 διηγήματος.
3141 3866 3225 3941 ἦν.
3250 3870 3387 3941 πρὸς
3419 3871 3512 3923 τὸν
3560 3870 3696 3923 Θεὸν

2117 3963 2455 4037 εὐχαριστία.
2498 3964 2619 4017 Τῶν
2666 3963 2774 4036 γὰρ
2813 3964 3017 4032 γονέων
3060 3962 3352 4017 ἀπεδείκνυ
3408 3962 3500 4016 τὸν
3549 3962 3696 4032 βίον,

2117 4055 2176 4107 οὐ
2218 4053 2468 4108 τοσοῦτον
2524 4055 2588 4106 ὲκ
2634 4054 2951 4125 περιουσίας
2994 4053 3243 4123 λαμπρὸν
3280 4056 3393 4117 τοῖς
3445 4054 3570 4107 τότε
3606 4055 3698 4107 καὶ

2120 4144 2479 4216 περίόλεπτον
2541 4145 2699 4205 ὅντα,
2761 4145 2884 4197 ὅσον
2947 4146 3016 4197 ἐκ
3070 4143 3221 4206 θείας
3287 4142 3698 4214 φιλανθρωπίας

2117 4236 2487 4307 ἑπαυξηθέντα
2506 4277 2521 4301 ,
2551 4236 2661 4289 τῶν
2702 4236 2801 4306 μὲν
2852 4234 2947 4288 τοῦ
2995 4235 3197 4306 πατρὸς
3222 4235 3424 4305 γονέων
3469 4235 3557 4289 διὰ
3596 4235 3697 4306 τῆν

2118 4330 2199 4392 εἰς
2244 4327 2478 4399 Χριστὸν
2519 4327 2809 4399 ὁμολογίαν
2850 4326 3293 4398 δεδημευμένων·
3340 4325 3434 4380 τοῦ
3465 4327 3523 4380 δὲ
3555 4326 3698 4381 κατά

430 4415 579 4471 bona
601 4415 727 4472 aliis
755 4414 998 4471 dominis
1026 4415 1407 4471 distribuisset
1433 4436 1446 4471 :
1477 4421 1721 4471 attamen
1747 4412 1884 4469 adeo
1912 4429 2009 4485 per

2118 4420 2331 4492 μητέρα
2356 4420 2697 4492 προπάτορος
2721 4420 2785 4473 ἑκ
2822 4418 3102 4490 βασιλικῆς
3138 4419 3562 4489 ἀγανακτήσεως
3602 4418 3697 4471 ἀν-

431 4503 596 4560 tldem
629 4506 893 4571 crevisse,
949 4512 1011 4560 ut
1060 4520 1129 4561 eo
1180 4512 1427 4576 tempore
1460 4506 1645 4562 nullus
1688 4505 1777 4562 eis
1812 4505 2014 4560 clarior

429 4595 727 4652 exstiterit.
778 4594 914 4653 Rem
956 4607 1137 4653 autem
1187 4596 1552 4662 familiarem,
1616 4596 1868 4669 quamvis
1914 4613 2013 4668 pro

432 4702 670 4745 numero
694 4688 990 4745 liberorum
1018 4690 1309 4760 multiplici
1341 4692 1555 4747 ratione
1593 4689 1787 4747 fuisset
1811 4689 2007 4755 divisa,

434 4788 618 4836 tamen
645 4794 771 4837 eum
803 4782 1085 4836 cumulum
1110 4782 1293 4838 divina
1330 4783 1623 4839 clementia
1657 4786 2005 4856 suscepisse,

434 4880 496 4926 ut
533 4877 822 4943 parentum
854 4888 1007 4945 opes,
1036 4873 1381 4944 singulorum
1421 4875 1720 4931 liberorum
1756 4892 1879 4933 sors
1909 4893 2006 4933 su-

430 4964 709 5036 peraverit
733 4982 747 5020 :
779 4964 886 5021 sibi
907 4974 1092 5021 autem
1118 4982 1185 5024 ex
1204 4982 1361 5039 aequa
1386 4967 1441 5023 in
1470 4967 1669 5025 fratres
1693 4970 2008 5039 partitione,

2116 4512 2396 4585 ῃρημένου
2418 4551 2433 4579 ,
2465 4513 2561 4567 καὶ
2596 4514 2817 4567 πάντων
2847 4510 2957 4565 τῶν
3009 4512 3319 4582 προσόντων
3350 4512 3431 4575 εἰς
3474 4510 3695 4581 ἑτέρους

2118 4604 2651 4676 μετακεχωρηκότων
2697 4603 2991 4667 δεσπόταςο
3022 4603 3116 4657 καὶ
3143 4603 3292 4672 ὅμως
3319 4602 3402 4669 εἰς
3442 4600 3693 4655 τοσοῦτον

2113 4694 2211 4748 διὰ
2228 4694 2463 4757 πίστεως
2501 4694 2602 4763 τὴν
2650 4691 2794 4764 ζωὴν
2822 4691 3156 4764 αὐξηθῆναι,
3190 4692 3266 4757 ὼς
3317 4693 3392 4763 μὴ
3418 4686 3558 4747 εἶναι
3603 4691 3694 4745 τὸν

2112 4782 2254 4854 ὑπὲρ
2279 4782 2476 4846 αὐτοὺς
2507 4783 2564 4837 ἑν
2592 4784 2705 4846 τοῖς
2743 4783 2864 4836 τότε
2893 4785 3104 4855 χρόνοις
3134 4782 3552 4854 ὀνομαζόμενον.
3581 4784 3694 4837 Πά-

2111 4873 2194 4927 λιν
2218 4872 2277 4926 δὲ
2308 4872 2410 4942 τῆς
2441 4872 2755 4944 περιουσίας
2796 4874 2977 4928 αὐτῶν
3026 4875 3166 4929 κατὰ
3206 4873 3299 4929 τὸν
3322 4873 3555 4945 ἀριθμὸν
3582 4874 3691 4928 τῶν

2107 4962 2312 5015 τέκνων
2361 4962 2589 5033 ἑννεαχῆ
2643 4961 3062 5034 διατμηθείσης,
3120 4961 3293 5026 οὕτως
3363 4962 3578 5032 ἑκάστῳ
3624 4962 3731 5016 δι”

432 5055 710 5127 reliquum
750 5054 949 5113 fecisse
977 5057 1145 5122 nihil,
1176 5058 1272 5115 sed
1316 5060 1500 5114 omnia
1541 5060 1796 5116 manibus
1827 5077 2012 5117 sacer-

2118 5055 2357 5124 εὐλογίας
2383 5053 2753 5125 πληθυνθῆναι
2785 5052 2883 5125 τὴν
2918 5056 3131 5126 μοῖραν,
3165 5054 3240 5119 ὡς
3274 5055 3414 5128 ὑπὲρ
3453 5056 3553 5128 τὴν
3583 5057 3694 5110 τῶν

433 5145 583 5204 dotis
610 5146 800 5203 divino
829 5149 1089 5205 mandato
1120 5149 1494 5221 dispensasse,
1523 5160 1576 5207 et
1609 5152 1718 5209 Deo
1754 5154 2011 5224 suppedi-

434 5244 590 5293 tante
616 5238 780 5294 talem
809 5240 915 5297 sibi
956 5241 1127 5297 fuisse
1155 5242 1345 5308 vitam,
1390 5253 1448 5298 ut
1474 5259 1652 5314 neque
1687 5253 1815 5299 tunc
1849 5244 2008 5315 juxta

434 5338 797 5399 praeceptum,
834 5333 1090 5388 manibus
1133 5332 1363 5391 desierit
1412 5335 1686 5402 laborare,
1732 5352 1910 5408 neque
1941 5338 2009 5392 ad

437 5417 713 5476 hominem
760 5436 999 5493 unquam
1047 5427 1369 5497 respexerit,
1423 5435 1518 5482 aut
1573 5428 1627 5483 in
1679 5429 2007 5500 cujusquam

435 5507 801 5570 beneficentia
862 5512 1090 5573 honeste
1144 5517 1362 5575 vivendi
1419 5533 1571 5593 spem
1629 5519 2005 5577 collocaverit.

514 5695 548 5732 ί
568 5692 621 5754 II
649 5695 889 5756 Timoth.
920 5715 1004 5769 tv,
1041 5704 1095 5757 7.

2109 5146 2311 5216 γονέων
2361 5144 2659 5216 εὐκληρίαν
2710 5143 2807 5216 τὴν
2855 5146 3086 5199 ἑκάστου
3130 5145 3238 5200 τῶν
3290 5146 3497 5201 τέκνων
3552 5144 3693 5204 εἶναι

2116 5240 2292 5311 ζωήν·
2330 5238 2499 5307 αὐτῆς
2543 5236 2598 5289 δὲ
2642 5236 2854 5308 ἐκείνης
2895 5236 3002 5293 τῶν
3055 5238 3152 5309 μὲν
3198 5238 3695 5309 ἑπωνομασθέντων

2119 5333 2255 5403 αὐτῇ
2285 5330 2425 5385 κατά
2447 5329 2543 5401 τὴν
2575 5329 2682 5384 τῶν
2705 5328 2947 5398 ἀδελφῶν
2974 5329 3274 5400 ἰσομοιρίαν
3301 5330 3693 5401 ὑπολειφθῆναι

2121 5423 2319 5494 μηδὲν,
2356 5421 2494 5476 ἀλλά
2520 5421 2695 5475 πάντα
2738 5422 2858 5484 ταῖς
2886 5419 3044 5492 χερσὶ
3073 5419 3166 5473 τοῦ
3196 5419 3386 5493 ἱερέως
3430 5422 3570 5476 κατά
3591 5420 3694 5493 τὴν

2118 5515 2270 5570 θείαν
2324 5513 2543 5584 ἑντολήν
2589 5511 3040 5584 οἱκονομηθῆναι·
3105 5511 3196 5566 τὸν
3243 5512 3302 5567 δὲ
3354 5513 3466 5584 βίον
3516 5513 3691 5588 αὐτῆς
