  <div class='ocr_page' id='page_1' title='image "/cluster/home/n/w/nwhite01/storage/ocr_20150623/46/nnc1.0046978380/498.png"; bbox 0 0 4092 6368; ppageno 0'>
   <div class='ocr_carea' id='block_1_1' title="bbox 407 255 506 314">
    <p class='ocr_par' dir='ltr' id='par_1_1' title="bbox 407 255 506 314">
     <span class='ocr_line' id='line_1_1' title="bbox 407 255 506 314; baseline 0 0"><span class='ocrx_word' id='word_1_1' title='bbox 407 255 506 314; x_wconf 71' lang='grc'><strong>931</strong></span> 
     </span>
    </p>
   </div>
   <div class='ocr_carea' id='block_1_2' title="bbox 1643 263 2410 324">
    <p class='ocr_par' dir='ltr' id='par_1_2' title="bbox 1643 263 2410 324">
     <span class='ocr_line' id='line_1_2' title="bbox 1643 263 2410 324; baseline -0.004 0"><span class='ocrx_word' id='word_1_2' title='bbox 1643 268 1735 324; x_wconf 78' lang='lat' dir='ltr'><strong>DE</strong></span> <span class='ocrx_word' id='word_1_3' title='bbox 1766 266 1924 324; x_wconf 72' lang='lat' dir='ltr'><strong>WTA</strong></span> <span class='ocrx_word' id='word_1_4' title='bbox 1967 266 2026 322; x_wconf 89' lang='lat' dir='ltr'><strong>S.</strong></span> <span class='ocrx_word' id='word_1_5' title='bbox 2061 263 2410 322; x_wconf 67' lang='lat' dir='ltr'><strong>MACRINIE.</strong></span> 
     </span>
    </p>
   </div>
   <div class='ocr_carea' id='block_1_3' title="bbox 3551 264 3666 322">
    <p class='ocr_par' dir='ltr' id='par_1_3' title="bbox 3551 264 3666 322">
     <span class='ocr_line' id='line_1_3' title="bbox 3551 264 3666 322; baseline -0.026 0"><span class='ocrx_word' id='word_1_6' title='bbox 3551 264 3666 322; x_wconf 63' lang='lat'><strong>982~</strong></span> 
     </span>
    </p>
   </div>
   <div class='ocr_carea' id='block_1_4' title="bbox 409 374 1978 456">
    <p class='ocr_par' dir='ltr' id='par_1_4' title="bbox 409 374 1978 452">
     <span class='ocr_line' id='line_1_4' title="bbox 409 374 1978 452; baseline 0.003 -24"><span class='ocrx_word' id='word_1_7' title='bbox 409 374 650 431; x_wconf 85' lang='grc' dir='ltr'>τοιοῦτον</span> <span class='ocrx_word' id='word_1_8' title='bbox 697 374 782 430; x_wconf 76' lang='grc' dir='ltr'>ἐκ.</span> <span class='ocrx_word' id='word_1_9' title='bbox 809 377 909 448; x_wconf 84' lang='grc' dir='ltr'><strong>τῆς</strong></span> <span class='ocrx_word' id='word_1_10' title='bbox 955 376 1050 432; x_wconf 84' lang='grc' dir='ltr'><strong>τοῦ</strong></span> <span class='ocrx_word' id='word_1_11' title='bbox 1105 378 1240 433; x_wconf 84' lang='grc' dir='ltr'>Θεοῦ</span> <span class='ocrx_word' id='word_1_12' title='bbox 1289 380 1551 452; x_wconf 82' lang='grc' dir='ltr'><strong>χορηγίας</strong></span> <span class='ocrx_word' id='word_1_13' title='bbox 1580 381 1866 450; x_wconf 86' lang='grc' dir='ltr'>γενέσθαι,</span> <span class='ocrx_word' id='word_1_14' title='bbox 1913 381 1978 445; x_wconf 81' lang='grc' dir='ltr'>ὡς</span> 
     </span>
    </p>
   </div>
   <div class='ocr_carea' id='block_1_5' title="bbox 2080 374 3660 456">
    <p class='ocr_par' dir='ltr' id='par_1_5' title="bbox 2089 377 3660 456">
     <span class='ocr_line' id='line_1_5' title="bbox 2089 377 3660 456; baseline 0 -21"><span class='ocrx_word' id='word_1_15' title='bbox 2089 377 2396 446; x_wconf 73' lang='lat' dir='ltr'><strong>Quinetiam</strong></span> <span class='ocrx_word' id='word_1_16' title='bbox 2423 385 2483 432; x_wconf 91' lang='lat' dir='ltr'><strong>ut</strong></span> <span class='ocrx_word' id='word_1_17' title='bbox 2507 391 2785 456; x_wconf 81' lang='lat' dir='ltr'><strong>nunquam</strong></span> <span class='ocrx_word' id='word_1_18' title='bbox 2815 385 3062 450; x_wconf 88' lang='lat' dir='ltr'><strong>petentes</strong></span> <span class='ocrx_word' id='word_1_19' title='bbox 3095 377 3377 450; x_wconf 87' lang='lat' dir='ltr'><strong>repulerit,</strong></span> <span class='ocrx_word' id='word_1_20' title='bbox 3414 378 3496 433; x_wconf 89' lang='lat' dir='ltr'><strong>sic</strong></span> <span class='ocrx_word' id='word_1_21' title='bbox 3525 377 3660 435; x_wconf 57' lang='lat' dir='ltr'><strong>dan.</strong></span> 
     </span>
    </p>
   </div>
   <div class='ocr_carea' id='block_1_6' title="bbox 415 465 1984 543">
    <p class='ocr_par' dir='ltr' id='par_1_6' title="bbox 415 465 1984 543">
     <span class='ocr_line' id='line_1_6' title="bbox 415 465 1984 543; baseline 0.006 -26"><span class='ocrx_word' id='word_1_22' title='bbox 415 465 683 535; x_wconf 80' lang='grc' dir='ltr'>μηδέποτε</span> <span class='ocrx_word' id='word_1_23' title='bbox 733 466 890 538; x_wconf 79' lang='grc' dir='ltr'>λῆξαι</span> <span class='ocrx_word' id='word_1_24' title='bbox 922 467 1024 532; x_wconf 83' lang='grc' dir='ltr'>τὰς</span> <span class='ocrx_word' id='word_1_25' title='bbox 1050 471 1236 541; x_wconf 87' lang='grc' dir='ltr'>χεῖρας</span> <span class='ocrx_word' id='word_1_26' title='bbox 1273 472 1352 535; x_wconf 83' lang='grc' dir='ltr'><strong>είς</strong></span> <span class='ocrx_word' id='word_1_27' title='bbox 1378 470 1596 543; x_wconf 76' lang='grc' dir='ltr'>ἐντολὴν</span> <span class='ocrx_word' id='word_1_28' title='bbox 1633 473 1984 542; x_wconf 85' lang='grc' dir='ltr'>ἐνεργούσας,</span> 
     </span>
    </p>
   </div>
   <div class='ocr_carea' id='block_1_7' title="bbox 415 555 1989 633">
    <p class='ocr_par' dir='ltr' id='par_1_7' title="bbox 415 555 1989 633">
     <span class='ocr_line' id='line_1_7' title="bbox 415 555 1989 633; baseline 0.006 -27"><span class='ocrx_word' id='word_1_29' title='bbox 415 555 550 626; x_wconf 76' lang='grc' dir='ltr'>μηδὲ</span> <span class='ocrx_word' id='word_1_30' title='bbox 581 555 716 627; x_wconf 71' lang='grc' dir='ltr'>πρὸς</span> <span class='ocrx_word' id='word_1_31' title='bbox 737 557 1020 628; x_wconf 71' lang='grc' dir='ltr'>ἄνθρωπον</span> <span class='ocrx_word' id='word_1_32' title='bbox 1054 558 1356 631; x_wconf 75' lang='grc' dir='ltr'>ἀποϐλέψαι</span> <span class='ocrx_word' id='word_1_33' title='bbox 1387 563 1515 616; x_wconf 82' lang='grc' dir='ltr'>ποτέ</span> <span class='ocrx_word' id='word_1_34' title='bbox 1536 577 1548 590; x_wconf 92' lang='grc'>·</span> <span class='ocrx_word' id='word_1_35' title='bbox 1585 563 1718 633; x_wconf 83' lang='grc' dir='ltr'><strong>μηδέ</strong></span> <span class='ocrx_word' id='word_1_36' title='bbox 1736 564 1823 618; x_wconf 78' lang='grc' dir='ltr'>διά</span> <span class='ocrx_word' id='word_1_37' title='bbox 1844 581 1989 627; x_wconf 88' lang='grc' dir='ltr'>τινος</span> 
     </span>
    </p>
   </div>
   <div class='ocr_carea' id='block_1_8' title="bbox 414 644 1988 724">
    <p class='ocr_par' dir='ltr' id='par_1_8' title="bbox 414 644 1988 724">
     <span class='ocr_line' id='line_1_8' title="bbox 414 644 1988 724; baseline 0.006 -27"><span class='ocrx_word' id='word_1_38' title='bbox 414 644 759 717; x_wconf 81' lang='grc' dir='ltr'><strong>ἀνθρωπίνης</strong></span> <span class='ocrx_word' id='word_1_39' title='bbox 790 647 1106 719; x_wconf 78' lang='grc' dir='ltr'>εὐεργεσίας</span> <span class='ocrx_word' id='word_1_40' title='bbox 1159 651 1412 718; x_wconf 87' lang='grc' dir='ltr'>γενέσθαι</span> <span class='ocrx_word' id='word_1_41' title='bbox 1432 653 1690 723; x_wconf 20' lang='grc' dir='ltr'>αὐτῇ-τὰς</span> <span class='ocrx_word' id='word_1_42' title='bbox 1730 653 1864 724; x_wconf 78' lang='grc' dir='ltr'>πρὸς</span> <span class='ocrx_word' id='word_1_43' title='bbox 1892 653 1988 723; x_wconf 79' lang='grc' dir='ltr'>τὴν</span> 
     </span>
    </p>
   </div>
   <div class='ocr_carea' id='block_1_9' title="bbox 411 735 1987 812">
    <p class='ocr_par' dir='ltr' id='par_1_9' title="bbox 411 735 1987 812">
     <span class='ocr_line' id='line_1_9' title="bbox 411 735 1987 812; baseline 0.006 -27"><span class='ocrx_word' id='word_1_44' title='bbox 411 735 723 806; x_wconf 76' lang='grc' dir='ltr'>εὐσχήμονα</span> <span class='ocrx_word' id='word_1_45' title='bbox 776 736 1052 809; x_wconf 73' lang='grc' dir='ltr'>διαγωγὴν</span> <span class='ocrx_word' id='word_1_46' title='bbox 1107 740 1391 810; x_wconf 82' lang='grc' dir='ltr'>ἀφορμάς·</span> <span class='ocrx_word' id='word_1_47' title='bbox 1458 741 1593 794; x_wconf 79' lang='grc' dir='ltr'><strong>ἀλλά</strong></span> <span class='ocrx_word' id='word_1_48' title='bbox 1661 744 1795 812; x_wconf 82' lang='grc' dir='ltr'>μήτε</span> <span class='ocrx_word' id='word_1_49' title='bbox 1862 744 1987 804; x_wconf 75' lang='grc' dir='ltr'>τοὺς</span> 
     </span>
    </p>
   </div>
   <div class='ocr_carea' id='block_1_10' title="bbox 409 825 1985 899">
    <p class='ocr_par' dir='ltr' id='par_1_10' title="bbox 409 825 1985 899">
     <span class='ocr_line' id='line_1_10' title="bbox 409 825 1985 899; baseline 0.007 -25"><span class='ocrx_word' id='word_1_50' title='bbox 409 825 688 886; x_wconf 81' lang='grc' dir='ltr'>αἰτοῦντας</span> <span class='ocrx_word' id='word_1_51' title='bbox 722 825 1174 898; x_wconf 79' lang='grc' dir='ltr'><strong>ἀποστραφῆναι,</strong></span> <span class='ocrx_word' id='word_1_52' title='bbox 1230 832 1538 899; x_wconf 80' lang='grc' dir='ltr'>μήτετούς</span> <span class='ocrx_word' id='word_1_53' title='bbox 1592 831 1826 896; x_wconf 76' lang='grc' dir='ltr'><strong>διδόντας</strong></span> <span class='ocrx_word' id='word_1_54' title='bbox 1863 835 1985 886; x_wconf 82' lang='grc' dir='ltr'>ἐπι-</span> 
     </span>
    </p>
   </div>
   <div class='ocr_carea' id='block_1_11' title="bbox 410 913 1988 997">
    <p class='ocr_par' dir='ltr' id='par_1_11' title="bbox 410 913 1988 997">
     <span class='ocr_line' id='line_1_11' title="bbox 410 913 1988 997; baseline 0.011 -33"><span class='ocrx_word' id='word_1_55' title='bbox 410 913 659 984; x_wconf 73' lang='grc' dir='ltr'>ζητῆσαι,</span> <span class='ocrx_word' id='word_1_56' title='bbox 683 915 980 986; x_wconf 81' lang='grc' dir='ltr'><strong>λεληθότως</strong></span> <span class='ocrx_word' id='word_1_57' title='bbox 1002 920 1092 972; x_wconf 84' lang='grc' dir='ltr'><strong>τοῦ</strong></span> <span class='ocrx_word' id='word_1_58' title='bbox 1119 921 1252 974; x_wconf 78' lang='grc' dir='ltr'>Θεοῦ</span> <span class='ocrx_word' id='word_1_59' title='bbox 1271 923 1526 994; x_wconf 69' lang='grc' dir='ltr'>,καθάπερ</span> <span class='ocrx_word' id='word_1_60' title='bbox 1551 925 1672 978; x_wconf 89' lang='grc' dir='ltr'><strong>τινά</strong></span> <span class='ocrx_word' id='word_1_61' title='bbox 1697 928 1988 997; x_wconf 86' lang='grc' dir='ltr'>σπέρματα</span> 
     </span>
    </p>
   </div>
   <div class='ocr_carea' id='block_1_12' title="bbox 407 1006 1984 1090">
    <p class='ocr_par' dir='ltr' id='par_1_12' title="bbox 407 1006 1984 1090">
     <span class='ocr_line' id='line_1_12' title="bbox 407 1006 1984 1090; baseline 0.01 -33"><span class='ocrx_word' id='word_1_62' title='bbox 407 1006 504 1069; x_wconf 76' lang='grc' dir='ltr'><strong>τὰς</strong></span> <span class='ocrx_word' id='word_1_63' title='bbox 547 1007 807 1080; x_wconf 81' lang='grc' dir='ltr'>βραχείας</span> <span class='ocrx_word' id='word_1_64' title='bbox 852 1010 917 1062; x_wconf 88' lang='grc' dir='ltr'><strong>ἐκ</strong></span> <span class='ocrx_word' id='word_1_65' title='bbox 959 1010 1066 1063; x_wconf 91' lang='grc' dir='ltr'><strong>τῶν</strong></span> <span class='ocrx_word' id='word_1_66' title='bbox 1111 1011 1287 1083; x_wconf 82' lang='grc' dir='ltr'>ἔργων</span> <span class='ocrx_word' id='word_1_67' title='bbox 1316 1015 1566 1086; x_wconf 75' lang='grc' dir='ltr'>ἀφορμὰς</span> <span class='ocrx_word' id='word_1_68' title='bbox 1595 1021 1672 1082; x_wconf 82' lang='grc' dir='ltr'>εἰς</span> <span class='ocrx_word' id='word_1_69' title='bbox 1722 1021 1984 1090; x_wconf 78' lang='grc' dir='ltr'><strong>πολύχουν</strong></span> 
     </span>
    </p>
   </div>
   <div class='ocr_carea' id='block_1_13' title="bbox 409 1098 1984 1180">
    <p class='ocr_par' dir='ltr' id='par_1_13' title="bbox 409 1098 1984 1180">
     <span class='ocr_line' id='line_1_13' title="bbox 409 1098 1984 1180; baseline 0.012 -34"><span class='ocrx_word' id='word_1_70' title='bbox 409 1098 617 1167; x_wconf 85' lang='grc' dir='ltr'>καρπὸν</span> <span class='ocrx_word' id='word_1_71' title='bbox 672 1102 792 1164; x_wconf 85' lang='grc' dir='ltr'>ταῖς</span> <span class='ocrx_word' id='word_1_72' title='bbox 836 1102 1104 1170; x_wconf 80' lang='grc' dir='ltr'>εὐλογίαις</span> <span class='ocrx_word' id='word_1_73' title='bbox 1154 1105 1496 1170; x_wconf 81' lang='grc' dir='ltr'>ἐπαύξοντος.</span> <span class='ocrx_word' id='word_1_74' title='bbox 1562 1109 1724 1180; x_wconf 85' lang='grc' dir='ltr'>Ἐμοῦ</span> <span class='ocrx_word' id='word_1_75' title='bbox 1772 1110 1827 1163; x_wconf 82' lang='grc' dir='ltr'><strong>δὲ</strong></span> <span class='ocrx_word' id='word_1_76' title='bbox 1863 1113 1984 1174; x_wconf 82' lang='grc' dir='ltr'>τοὺς</span> 
     </span>
    </p>
   </div>
   <div class='ocr_carea' id='block_1_14' title="bbox 411 1187 1985 1272">
    <p class='ocr_par' dir='ltr' id='par_1_14' title="bbox 411 1187 1985 1272">
     <span class='ocr_line' id='line_1_14' title="bbox 411 1187 1985 1272; baseline 0.009 -32"><span class='ocrx_word' id='word_1_77' title='bbox 411 1187 575 1252; x_wconf 78' lang='grc' dir='ltr'>ίδίόυς</span> <span class='ocrx_word' id='word_1_78' title='bbox 603 1191 798 1255; x_wconf 82' lang='grc' dir='ltr'><strong>πόνους</strong></span> <span class='ocrx_word' id='word_1_79' title='bbox 822 1231 837 1257; x_wconf 92' lang='grc'><strong>,</strong></span> <span class='ocrx_word' id='word_1_80' title='bbox 869 1192 928 1245; x_wconf 88' lang='grc' dir='ltr'><strong>ἐν</strong></span> <span class='ocrx_word' id='word_1_81' title='bbox 957 1187 1038 1257; x_wconf 78' lang='grc' dir='ltr'>οἷς</span> <span class='ocrx_word' id='word_1_82' title='bbox 1067 1195 1100 1264; x_wconf 78' lang='grc' dir='ltr'>ἦ</span> <span class='ocrx_word' id='word_1_83' title='bbox 1108 1211 1234 1264; x_wconf 89' lang='grc' dir='ltr'>μην,</span> <span class='ocrx_word' id='word_1_84' title='bbox 1262 1195 1567 1263; x_wconf 83' lang='grc' dir='ltr'><strong>διεξιόντος,</strong></span> <span class='ocrx_word' id='word_1_85' title='bbox 1593 1199 1856 1271; x_wconf 88' lang='grc' dir='ltr'>πρότερον</span> <span class='ocrx_word' id='word_1_86' title='bbox 1887 1202 1985 1272; x_wconf 82' lang='grc' dir='ltr'>μὲν</span> 
     </span>
    </p>
   </div>
   <div class='ocr_carea' id='block_1_15' title="bbox 406 1277 1982 1356">
    <p class='ocr_par' dir='ltr' id='par_1_15' title="bbox 406 1277 1982 1356">
     <span class='ocr_line' id='line_1_15' title="bbox 406 1277 1982 1356; baseline 0.01 -27"><span class='ocrx_word' id='word_1_87' title='bbox 406 1277 500 1334; x_wconf 86' lang='grc' dir='ltr'><strong>τοῦ</strong></span> <span class='ocrx_word' id='word_1_88' title='bbox 547 1278 809 1349; x_wconf 86' lang='grc' dir='ltr'>βασιλέως</span> <span class='ocrx_word' id='word_1_89' title='bbox 851 1283 1148 1348; x_wconf 85' lang='grc' dir='ltr'><strong>Οὐάλεντος</strong></span> <span class='ocrx_word' id='word_1_90' title='bbox 1181 1285 1267 1339; x_wconf 86' lang='grc' dir='ltr'><strong>διά</strong></span> <span class='ocrx_word' id='word_1_91' title='bbox 1295 1288 1392 1356; x_wconf 81' lang='grc' dir='ltr'>τὴν</span> <span class='ocrx_word' id='word_1_92' title='bbox 1424 1289 1600 1341; x_wconf 90' lang='grc' dir='ltr'>πίστιν</span> <span class='ocrx_word' id='word_1_93' title='bbox 1633 1291 1947 1350; x_wconf 79' lang='grc' dir='ltr'>ἐλαύνοντος</span> <span class='ocrx_word' id='word_1_94' title='bbox 1967 1333 1982 1355; x_wconf 93' lang='grc'><strong>,</strong></span> 
     </span>
    </p>
   </div>
   <div class='ocr_carea' id='block_1_16' title="bbox 411 1370 1986 1452">
    <p class='ocr_par' dir='ltr' id='par_1_16' title="bbox 411 1370 1986 1452">
     <span class='ocr_line' id='line_1_16' title="bbox 411 1370 1986 1452; baseline 0.01 -31"><span class='ocrx_word' id='word_1_95' title='bbox 411 1370 548 1438; x_wconf 80' lang='grc' dir='ltr'><strong>μετά</strong></span> <span class='ocrx_word' id='word_1_96' title='bbox 579 1371 636 1424; x_wconf 89' lang='grc' dir='ltr'><strong>δέ</strong></span> <span class='ocrx_word' id='word_1_97' title='bbox 673 1373 848 1427; x_wconf 86' lang='grc' dir='ltr'>ταῦτα</span> <span class='ocrx_word' id='word_1_98' title='bbox 877 1375 978 1446; x_wconf 86' lang='grc' dir='ltr'><strong>τῆς</strong></span> <span class='ocrx_word' id='word_1_99' title='bbox 1027 1378 1086 1430; x_wconf 88' lang='grc' dir='ltr'><strong>ἐν</strong></span> <span class='ocrx_word' id='word_1_100' title='bbox 1128 1380 1245 1440; x_wconf 86' lang='grc' dir='ltr'>ταῖς</span> <span class='ocrx_word' id='word_1_101' title='bbox 1293 1378 1636 1450; x_wconf 86' lang='grc' dir='ltr'>Ἐκκλησίαις</span> <span class='ocrx_word' id='word_1_102' title='bbox 1673 1382 1986 1452; x_wconf 84' lang='grc' dir='ltr'>συγχύσεως</span> 
     </span>
    </p>
   </div>
   <div class='ocr_carea' id='block_1_17' title="bbox 409 1460 1983 1542">
    <p class='ocr_par' dir='ltr' id='par_1_17' title="bbox 409 1460 1983 1542">
     <span class='ocr_line' id='line_1_17' title="bbox 409 1460 1983 1542; baseline 0.01 -31"><span class='ocrx_word' id='word_1_103' title='bbox 409 1460 544 1532; x_wconf 74' lang='grc' dir='ltr'>πρὸς</span> <span class='ocrx_word' id='word_1_104' title='bbox 570 1461 762 1526; x_wconf 81' lang='grc' dir='ltr'>ἄθλους</span> <span class='ocrx_word' id='word_1_105' title='bbox 788 1466 935 1535; x_wconf 75' lang='grc' dir='ltr'>ήμᾶς</span> <span class='ocrx_word' id='word_1_106' title='bbox 959 1467 1053 1520; x_wconf 75' lang='grc' dir='ltr'>καὶ</span> <span class='ocrx_word' id='word_1_107' title='bbox 1077 1470 1354 1539; x_wconf 73' lang='grc' dir='ltr'>καμάτους</span> <span class='ocrx_word' id='word_1_108' title='bbox 1382 1471 1809 1542; x_wconf 79' lang='grc' dir='ltr'>ἐκκαλουμένης,</span> <span class='ocrx_word' id='word_1_109' title='bbox 1849 1493 1865 1524; x_wconf 79' lang='grc' dir='ltr'><strong>ι</strong></span> <span class='ocrx_word' id='word_1_110' title='bbox 1909 1476 1983 1528; x_wconf 84' lang='grc' dir='ltr'>Οὐ</span> 
     </span>
    </p>
   </div>
   <div class='ocr_carea' id='block_1_18' title="bbox 407 1551 1985 1632">
    <p class='ocr_par' dir='ltr' id='par_1_18' title="bbox 407 1551 1985 1632">
     <span class='ocr_line' id='line_1_18' title="bbox 407 1551 1985 1632; baseline 0.011 -30"><span class='ocrx_word' id='word_1_111' title='bbox 407 1551 610 1623; x_wconf 81' lang='grc' dir='ltr'>παύσῃ,</span> <span class='ocrx_word' id='word_1_112' title='bbox 644 1557 807 1625; x_wconf 77' lang='grc' dir='ltr'>φησὶν</span> <span class='ocrx_word' id='word_1_113' title='bbox 849 1557 1156 1628; x_wconf 81' lang='grc' dir='ltr'>ήΜεγάλη,</span> <span class='ocrx_word' id='word_1_114' title='bbox 1192 1561 1520 1632; x_wconf 83' lang='grc' dir='ltr'>ἀγνωμόνως</span> <span class='ocrx_word' id='word_1_115' title='bbox 1547 1564 1638 1618; x_wconf 80' lang='grc' dir='ltr'><strong>ἐπὶ</strong></span> <span class='ocrx_word' id='word_1_116' title='bbox 1686 1567 1795 1629; x_wconf 87' lang='grc' dir='ltr'>τοῖς</span> <span class='ocrx_word' id='word_1_117' title='bbox 1823 1565 1985 1630; x_wconf 81' lang='grc' dir='ltr'>θείοις</span> 
     </span>
    </p>
   </div>
   <div class='ocr_carea' id='block_1_19' title="bbox 407 1644 1984 1729">
    <p class='ocr_par' dir='ltr' id='par_1_19' title="bbox 407 1644 1984 1729">
     <span class='ocr_line' id='line_1_19' title="bbox 407 1644 1984 1729; baseline 0.011 -34"><span class='ocrx_word' id='word_1_118' title='bbox 407 1644 629 1710; x_wconf 86' lang='grc' dir='ltr'>ἀγαθοῖς</span> <span class='ocrx_word' id='word_1_119' title='bbox 662 1644 1034 1718; x_wconf 85' lang='grc' dir='ltr'>διακείμενος;</span> <span class='ocrx_word' id='word_1_120' title='bbox 1088 1652 1162 1704; x_wconf 93' lang='grc' dir='ltr'>Οὐ</span> <span class='ocrx_word' id='word_1_121' title='bbox 1202 1653 1556 1724; x_wconf 81' lang='grc' dir='ltr'>θεραπεύσεις</span> <span class='ocrx_word' id='word_1_122' title='bbox 1582 1657 1680 1726; x_wconf 88' lang='grc' dir='ltr'><strong>τῆς</strong></span> <span class='ocrx_word' id='word_1_123' title='bbox 1719 1658 1894 1729; x_wconf 69' lang='grc' dir='ltr'>ψυχῆς</span> <span class='ocrx_word' id='word_1_124' title='bbox 1923 1659 1984 1712; x_wconf 83' lang='grc' dir='ltr'><strong>τὸ</strong></span> 
     </span>
    </p>
   </div>
   <div class='ocr_carea' id='block_1_20' title="bbox 405 1733 1981 1818">
    <p class='ocr_par' dir='ltr' id='par_1_20' title="bbox 405 1733 1981 1818">
     <span class='ocr_line' id='line_1_20' title="bbox 405 1733 1981 1818; baseline 0.011 -34"><span class='ocrx_word' id='word_1_125' title='bbox 405 1733 730 1805; x_wconf 83' lang='grc' dir='ltr'>ἀχάριστον;</span> <span class='ocrx_word' id='word_1_126' title='bbox 766 1735 882 1791; x_wconf 87' lang='grc' dir='ltr'>Οὐκ</span> <span class='ocrx_word' id='word_1_127' title='bbox 929 1738 1394 1813; x_wconf 78' lang='grc' dir='ltr'>ἀντιπαραθήσεις</span> <span class='ocrx_word' id='word_1_128' title='bbox 1434 1746 1547 1808; x_wconf 88' lang='grc' dir='ltr'>τοῖς</span> <span class='ocrx_word' id='word_1_129' title='bbox 1591 1745 1698 1799; x_wconf 92' lang='grc' dir='ltr'><strong>τῶν</strong></span> <span class='ocrx_word' id='word_1_130' title='bbox 1730 1747 1981 1818; x_wconf 84' lang='grc' dir='ltr'>πατέρων</span> 
     </span>
    </p>
   </div>
   <div class='ocr_carea' id='block_1_21' title="bbox 405 1824 1981 1910">
    <p class='ocr_par' dir='ltr' id='par_1_21' title="bbox 405 1824 1981 1910">
     <span class='ocr_line' id='line_1_21' title="bbox 405 1824 1981 1910; baseline 0.01 -34"><span class='ocrx_word' id='word_1_131' title='bbox 405 1824 472 1879; x_wconf 76' lang='grc' dir='ltr'>τὰ</span> <span class='ocrx_word' id='word_1_132' title='bbox 503 1826 604 1892; x_wconf 72' lang='grc' dir='ltr'>σάς</span> <span class='ocrx_word' id='word_1_133' title='bbox 627 1826 820 1888; x_wconf 58' lang='grc' dir='ltr'>,Καίτοι</span> <span class='ocrx_word' id='word_1_134' title='bbox 855 1846 918 1898; x_wconf 87' lang='grc' dir='ltr'><strong>γε</strong></span> <span class='ocrx_word' id='word_1_135' title='bbox 966 1831 1104 1885; x_wconf 87' lang='grc' dir='ltr'><strong>κατά</strong></span> <span class='ocrx_word' id='word_1_136' title='bbox 1137 1833 1230 1886; x_wconf 82' lang='grc' dir='ltr'>τὸν</span> <span class='ocrx_word' id='word_1_137' title='bbox 1269 1835 1471 1905; x_wconf 85' lang='grc' dir='ltr'>κόσμον</span> <span class='ocrx_word' id='word_1_138' title='bbox 1503 1834 1688 1889; x_wconf 89' lang='grc' dir='ltr'>τοῦτον</span> <span class='ocrx_word' id='word_1_139' title='bbox 1722 1838 1778 1890; x_wconf 88' lang='grc' dir='ltr'><strong>ἐν</strong></span> <span class='ocrx_word' id='word_1_140' title='bbox 1808 1837 1981 1910; x_wconf 85' lang='grc' dir='ltr'>τούτῳ</span> 
     </span>
    </p>
   </div>
   <div class='ocr_carea' id='block_1_22' title="bbox 401 1915 1982 1994">
    <p class='ocr_par' dir='ltr' id='par_1_22' title="bbox 401 1915 1982 1994">
     <span class='ocr_line' id='line_1_22' title="bbox 401 1915 1982 1994; baseline 0.008 -26"><span class='ocrx_word' id='word_1_141' title='bbox 401 1915 468 1986; x_wconf 84' lang='grc' dir='ltr'>δὴ</span> <span class='ocrx_word' id='word_1_142' title='bbox 500 1916 733 1986; x_wconf 86' lang='grc' dir='ltr'>μάλιστα</span> <span class='ocrx_word' id='word_1_143' title='bbox 765 1920 1234 1993; x_wconf 82' lang='grc' dir='ltr'>μεγαλαυχούμεν,</span> <span class='ocrx_word' id='word_1_144' title='bbox 1267 1925 1326 1976; x_wconf 90' lang='grc' dir='ltr'><strong>ἐν</strong></span> <span class='ocrx_word' id='word_1_145' title='bbox 1353 1924 1430 1994; x_wconf 82' lang='grc' dir='ltr'>τῷ</span> <span class='ocrx_word' id='word_1_146' title='bbox 1459 1920 1517 1978; x_wconf 84' lang='grc' dir='ltr'>εὖ</span> <span class='ocrx_word' id='word_1_147' title='bbox 1551 1926 1853 1994; x_wconf 89' lang='grc' dir='ltr'>γεγονέναι,</span> <span class='ocrx_word' id='word_1_148' title='bbox 1888 1929 1982 1982; x_wconf 74' lang='grc' dir='ltr'><strong>καὶ</strong></span> 
     </span>
    </p>
   </div>
   <div class='ocr_carea' id='block_1_23' title="bbox 404 2007 1980 2088">
    <p class='ocr_par' dir='ltr' id='par_1_23' title="bbox 404 2007 1980 2088">
     <span class='ocr_line' id='line_1_23' title="bbox 404 2007 1980 2088; baseline 0.006 -28"><span class='ocrx_word' id='word_1_149' title='bbox 404 2007 514 2060; x_wconf 87' lang='grc' dir='ltr'><strong>ἀπὺ</strong></span> <span class='ocrx_word' id='word_1_150' title='bbox 560 2008 797 2078; x_wconf 81' lang='grc' dir='ltr'>εὐγενῶν</span> <span class='ocrx_word' id='word_1_151' title='bbox 843 2009 1007 2080; x_wconf 85' lang='grc' dir='ltr'>φῦναι</span> <span class='ocrx_word' id='word_1_152' title='bbox 1042 2012 1239 2068; x_wconf 84' lang='grc' dir='ltr'><strong>δοκεῖν.</strong></span> <span class='ocrx_word' id='word_1_153' title='bbox 1284 2015 1476 2079; x_wconf 83' lang='grc' dir='ltr'>Πολὺς,</span> <span class='ocrx_word' id='word_1_154' title='bbox 1519 2017 1681 2087; x_wconf 77' lang='grc' dir='ltr'>φησὶ,</span> <span class='ocrx_word' id='word_1_155' title='bbox 1711 2016 1851 2070; x_wconf 85' lang='grc' dir='ltr'><strong>κατά</strong></span> <span class='ocrx_word' id='word_1_156' title='bbox 1884 2017 1980 2088; x_wconf 83' lang='grc' dir='ltr'><strong>τήν</strong></span> 
     </span>
    </p>
   </div>
   <div class='ocr_carea' id='block_1_24' title="bbox 403 2097 1977 2178">
    <p class='ocr_par' dir='ltr' id='par_1_24' title="bbox 403 2097 1977 2178">
     <span class='ocr_line' id='line_1_24' title="bbox 403 2097 1977 2178; baseline 0.007 -28"><span class='ocrx_word' id='word_1_157' title='bbox 403 2097 686 2152; x_wconf 84' lang='grc' dir='ltr'>παίδευσιν</span> <span class='ocrx_word' id='word_1_158' title='bbox 720 2100 778 2152; x_wconf 89' lang='grc' dir='ltr'>ἐν</span> <span class='ocrx_word' id='word_1_159' title='bbox 813 2104 927 2166; x_wconf 88' lang='grc' dir='ltr'>τοῖς</span> <span class='ocrx_word' id='word_1_160' title='bbox 973 2102 1094 2156; x_wconf 89' lang='grc' dir='ltr'>τότε</span> <span class='ocrx_word' id='word_1_161' title='bbox 1137 2103 1347 2174; x_wconf 83' lang='grc' dir='ltr'>χρόνοις</span> <span class='ocrx_word' id='word_1_162' title='bbox 1385 2106 1413 2157; x_wconf 87' lang='grc' dir='ltr'><strong>ὁ</strong></span> <span class='ocrx_word' id='word_1_163' title='bbox 1453 2105 1635 2177; x_wconf 82' lang='grc' dir='ltr'>πατὴρ</span> <span class='ocrx_word' id='word_1_164' title='bbox 1664 2107 1977 2178; x_wconf 80' lang='grc' dir='ltr'>ἐνομίζετο,</span> 
     </span>
    </p>
   </div>
   <div class='ocr_carea' id='block_1_25' title="bbox 402 2188 1980 2267">
    <p class='ocr_par' dir='ltr' id='par_1_25' title="bbox 402 2188 1980 2267">
     <span class='ocr_line' id='line_1_25' title="bbox 402 2188 1980 2267; baseline 0.006 -26"><span class='ocrx_word' id='word_1_165' title='bbox 402 2188 537 2243; x_wconf 85' lang='grc' dir='ltr'><strong>ἀλλά</strong></span> <span class='ocrx_word' id='word_1_166' title='bbox 569 2192 734 2262; x_wconf 88' lang='grc' dir='ltr'>μέχρι</span> <span class='ocrx_word' id='word_1_167' title='bbox 773 2191 883 2245; x_wconf 90' lang='grc' dir='ltr'><strong>τῶν</strong></span> <span class='ocrx_word' id='word_1_168' title='bbox 916 2194 1194 2264; x_wconf 81' lang='grc' dir='ltr'>ἐγχωρίων</span> <span class='ocrx_word' id='word_1_169' title='bbox 1219 2195 1583 2267; x_wconf 84' lang='grc' dir='ltr'>δικαστηρίων</span> <span class='ocrx_word' id='word_1_170' title='bbox 1610 2198 1641 2267; x_wconf 82' lang='grc' dir='ltr'><strong>ἡ</strong></span> <span class='ocrx_word' id='word_1_171' title='bbox 1669 2199 1790 2250; x_wconf 90' lang='grc' dir='ltr'>κατ’</span> <span class='ocrx_word' id='word_1_172' title='bbox 1819 2199 1980 2252; x_wconf 86' lang='grc' dir='ltr'>αὐτὸν</span> 
     </span>
    </p>
   </div>
   <div class='ocr_carea' id='block_1_26' title="bbox 406 2279 1980 2359">
    <p class='ocr_par' dir='ltr' id='par_1_26' title="bbox 406 2279 1980 2359">
     <span class='ocr_line' id='line_1_26' title="bbox 406 2279 1980 2359; baseline 0.008 -29"><span class='ocrx_word' id='word_1_173' title='bbox 406 2279 590 2333; x_wconf 81' lang='grc' dir='ltr'>ἵστατο</span> <span class='ocrx_word' id='word_1_174' title='bbox 611 2281 755 2346; x_wconf 78' lang='grc' dir='ltr'>δόξα.</span> <span class='ocrx_word' id='word_1_175' title='bbox 802 2284 955 2337; x_wconf 81' lang='grc' dir='ltr'>Μετὰ</span> <span class='ocrx_word' id='word_1_176' title='bbox 985 2284 1154 2338; x_wconf 85' lang='grc' dir='ltr'>ταῦτα</span> <span class='ocrx_word' id='word_1_177' title='bbox 1183 2286 1240 2339; x_wconf 83' lang='grc' dir='ltr'><strong>δὲ</strong></span> <span class='ocrx_word' id='word_1_178' title='bbox 1271 2286 1380 2340; x_wconf 92' lang='grc' dir='ltr'><strong>τῶν</strong></span> <span class='ocrx_word' id='word_1_179' title='bbox 1415 2287 1616 2340; x_wconf 81' lang='grc' dir='ltr'>λοιπῶν</span> <span class='ocrx_word' id='word_1_180' title='bbox 1651 2288 1738 2342; x_wconf 86' lang='grc' dir='ltr'><strong>διά</strong></span> <span class='ocrx_word' id='word_1_181' title='bbox 1763 2289 1862 2359; x_wconf 87' lang='grc' dir='ltr'><strong>τῆς</strong></span> <span class='ocrx_word' id='word_1_182' title='bbox 1890 2307 1980 2343; x_wconf 88' lang='grc' dir='ltr'>σο-</span> 
     </span>
    </p>
   </div>
   <div class='ocr_carea' id='block_1_27' title="bbox 403 2372 1981 2450">
    <p class='ocr_par' dir='ltr' id='par_1_27' title="bbox 403 2372 1981 2450">
     <span class='ocr_line' id='line_1_27' title="bbox 403 2372 1981 2450; baseline 0.006 -26"><span class='ocrx_word' id='word_1_183' title='bbox 403 2372 660 2442; x_wconf 72' lang='grc' dir='ltr'>φιστικῆς</span> <span class='ocrx_word' id='word_1_184' title='bbox 685 2373 849 2427; x_wconf 78' lang='grc' dir='ltr'>αὐτοῦ</span> <span class='ocrx_word' id='word_1_185' title='bbox 881 2375 1288 2448; x_wconf 81' lang='grc' dir='ltr'>καθηγουμένου</span> <span class='ocrx_word' id='word_1_186' title='bbox 1307 2418 1321 2440; x_wconf 95' lang='grc'><strong>,</strong></span> <span class='ocrx_word' id='word_1_187' title='bbox 1351 2379 1450 2432; x_wconf 91' lang='grc' dir='ltr'><strong>οὐκ</strong></span> <span class='ocrx_word' id='word_1_188' title='bbox 1489 2379 1680 2450; x_wconf 81' lang='grc' dir='ltr'>ἐξῆλθε</span> <span class='ocrx_word' id='word_1_189' title='bbox 1713 2381 1804 2433; x_wconf 83' lang='grc' dir='ltr'><strong>τὸν</strong></span> <span class='ocrx_word' id='word_1_190' title='bbox 1844 2381 1981 2434; x_wconf 85' lang='grc' dir='ltr'>Πόν-</span> 
     </span>
    </p>
   </div>
   <div class='ocr_carea' id='block_1_28' title="bbox 401 2465 1981 2544">
    <p class='ocr_par' dir='ltr' id='par_1_28' title="bbox 401 2465 1981 2544">
     <span class='ocr_line' id='line_1_28' title="bbox 401 2465 1981 2544; baseline 0.006 -27"><span class='ocrx_word' id='word_1_191' title='bbox 401 2481 491 2519; x_wconf 73' lang='grc' dir='ltr'><strong>τον</strong></span> <span class='ocrx_word' id='word_1_192' title='bbox 520 2467 554 2536; x_wconf 86' lang='grc' dir='ltr'><strong>ή</strong></span> <span class='ocrx_word' id='word_1_193' title='bbox 587 2467 743 2538; x_wconf 82' lang='grc' dir='ltr'>φήμη</span> <span class='ocrx_word' id='word_1_194' title='bbox 764 2483 778 2497; x_wconf 87' lang='grc'><strong>·</strong></span> <span class='ocrx_word' id='word_1_195' title='bbox 822 2467 937 2521; x_wconf 88' lang='grc' dir='ltr'>ἀλλ’</span> <span class='ocrx_word' id='word_1_196' title='bbox 966 2469 1244 2540; x_wconf 85' lang='grc' dir='ltr'>ἀγαπητὸν</span> <span class='ocrx_word' id='word_1_197' title='bbox 1284 2465 1351 2542; x_wconf 74' lang='grc' dir='ltr'>ἦν</span> <span class='ocrx_word' id='word_1_198' title='bbox 1385 2471 1576 2542; x_wconf 86' lang='grc' dir='ltr'>ἐκείνῳ</span> <span class='ocrx_word' id='word_1_199' title='bbox 1606 2472 1666 2524; x_wconf 82' lang='grc' dir='ltr'><strong>τὸ</strong></span> <span class='ocrx_word' id='word_1_200' title='bbox 1698 2474 1754 2526; x_wconf 84' lang='grc' dir='ltr'><strong>ἐν</strong></span> <span class='ocrx_word' id='word_1_201' title='bbox 1782 2476 1848 2544; x_wconf 82' lang='grc' dir='ltr'>τῇ</span> <span class='ocrx_word' id='word_1_202' title='bbox 1881 2491 1981 2527; x_wconf 89' lang='grc' dir='ltr'>πα-</span> 
     </span>
    </p>
   </div>
   <div class='ocr_carea' id='block_1_29' title="bbox 398 2555 1994 2636">
    <p class='ocr_par' dir='ltr' id='par_1_29' title="bbox 398 2555 1994 2636">
     <span class='ocr_line' id='line_1_29' title="bbox 398 2555 1994 2636; baseline 0.009 -29"><span class='ocrx_word' id='word_1_203' title='bbox 398 2555 540 2626; x_wconf 87' lang='grc' dir='ltr'>τρίδι</span> <span class='ocrx_word' id='word_1_204' title='bbox 563 2557 942 2628; x_wconf 79' lang='grc' dir='ltr'>περίϐλεπτον.</span> <span class='ocrx_word' id='word_1_205' title='bbox 962 2561 1034 2615; x_wconf 82' lang='grc' dir='ltr'><strong>Σὺ</strong></span> <span class='ocrx_word' id='word_1_206' title='bbox 1050 2560 1129 2622; x_wconf 85' lang='grc' dir='ltr'><strong>δὲ,</strong></span> <span class='ocrx_word' id='word_1_207' title='bbox 1158 2580 1176 2613; x_wconf 75' lang='grc' dir='ltr'><strong>ι</strong></span> <span class='ocrx_word' id='word_1_208' title='bbox 1201 2563 1352 2633; x_wconf 68' lang='grc' dir='ltr'>φησι,</span> <span class='ocrx_word' id='word_1_209' title='bbox 1378 2581 1395 2612; x_wconf 76' lang='grc' dir='ltr'><strong>ι</strong></span> <span class='ocrx_word' id='word_1_210' title='bbox 1425 2563 1632 2630; x_wconf 86' lang='grc' dir='ltr'>πόλεσι,</span> <span class='ocrx_word' id='word_1_211' title='bbox 1658 2565 1751 2617; x_wconf 70' lang='grc' dir='ltr'><strong>καὶ</strong></span> <span class='ocrx_word' id='word_1_212' title='bbox 1765 2565 1827 2636; x_wconf 87' lang='grc' dir='ltr'><strong>δή</strong></span> <span class='ocrx_word' id='word_1_213' title='bbox 1839 2583 1994 2635; x_wconf 57' lang='grc' dir='ltr'>μοις,</span> 
     </span>
    </p>
   </div>
   <div class='ocr_carea' id='block_1_30' title="bbox 400 2647 1979 2727">
    <p class='ocr_par' dir='ltr' id='par_1_30' title="bbox 400 2647 1979 2727">
     <span class='ocr_line' id='line_1_30' title="bbox 400 2647 1979 2727; baseline 0.007 -29"><span class='ocrx_word' id='word_1_214' title='bbox 400 2647 494 2698; x_wconf 83' lang='grc' dir='ltr'><strong>καὶ</strong></span> <span class='ocrx_word' id='word_1_215' title='bbox 520 2647 728 2702; x_wconf 80' lang='grc' dir='ltr'>ἔθνεσιν</span> <span class='ocrx_word' id='word_1_216' title='bbox 773 2649 1072 2721; x_wconf 75' lang='grc' dir='ltr'>ὀνομαστὸς</span> <span class='ocrx_word' id='word_1_217' title='bbox 1120 2649 1202 2706; x_wconf 72' lang='grc' dir='ltr'><strong>εἴ·</strong></span> <span class='ocrx_word' id='word_1_218' title='bbox 1259 2653 1353 2706; x_wconf 74' lang='grc' dir='ltr'>καὶ</span> <span class='ocrx_word' id='word_1_219' title='bbox 1389 2653 1448 2707; x_wconf 82' lang='grc' dir='ltr'><strong>σὲ</strong></span> <span class='ocrx_word' id='word_1_220' title='bbox 1478 2655 1614 2727; x_wconf 76' lang='grc' dir='ltr'>πρὸς</span> <span class='ocrx_word' id='word_1_221' title='bbox 1666 2657 1979 2727; x_wconf 81' lang='grc' dir='ltr'>συμμαχίαν</span> 
     </span>
    </p>
   </div>
   <div class='ocr_carea' id='block_1_31' title="bbox 2090 469 3662 542">
    <p class='ocr_par' dir='ltr' id='par_1_31' title="bbox 2090 469 3662 542">
     <span class='ocr_line' id='line_1_31' title="bbox 2090 469 3662 542; baseline 0.002 -18"><span class='ocrx_word' id='word_1_222' title='bbox 2090 479 2172 526; x_wconf 90' lang='lat' dir='ltr'><strong>tes</strong></span> <span class='ocrx_word' id='word_1_223' title='bbox 2211 486 2490 541; x_wconf 84' lang='lat' dir='ltr'><strong>nunquam</strong></span> <span class='ocrx_word' id='word_1_224' title='bbox 2521 470 2842 540; x_wconf 79' lang='lat' dir='ltr'><strong>quaesivisse</strong></span> <span class='ocrx_word' id='word_1_225' title='bbox 2870 489 2883 525; x_wconf 94' lang='lat'><strong>:</strong></span> <span class='ocrx_word' id='word_1_226' title='bbox 2921 485 3046 526; x_wconf 91' lang='lat' dir='ltr'><strong>eum</strong></span> <span class='ocrx_word' id='word_1_227' title='bbox 3078 469 3225 526; x_wconf 88' lang='lat' dir='ltr'><strong>Deus</strong></span> <span class='ocrx_word' id='word_1_228' title='bbox 3261 471 3481 526; x_wconf 87' lang='lat' dir='ltr'><strong>occulta</strong></span> <span class='ocrx_word' id='word_1_229' title='bbox 3515 487 3662 542; x_wconf 84' lang='lat' dir='ltr'><strong>qua-</strong></span> 
     </span>
    </p>
   </div>
   <div class='ocr_carea' id='block_1_32' title="bbox 2089 563 3659 632">
    <p class='ocr_par' dir='ltr' id='par_1_32' title="bbox 2089 563 3659 632">
     <span class='ocr_line' id='line_1_32' title="bbox 2089 563 3659 632; baseline 0 -15"><span class='ocrx_word' id='word_1_230' title='bbox 2089 563 2213 617; x_wconf 88' lang='lat' dir='ltr'><strong>dam</strong></span> <span class='ocrx_word' id='word_1_231' title='bbox 2247 564 2458 618; x_wconf 84' lang='lat' dir='ltr'><strong>ratione</strong></span> <span class='ocrx_word' id='word_1_232' title='bbox 2489 577 2685 632; x_wconf 90' lang='lat' dir='ltr'><strong>parvos</strong></span> <span class='ocrx_word' id='word_1_233' title='bbox 2722 563 2939 618; x_wconf 89' lang='lat' dir='ltr'><strong>labores</strong></span> <span class='ocrx_word' id='word_1_234' title='bbox 2987 578 3119 620; x_wconf 88' lang='lat' dir='ltr'><strong>suos</strong></span> <span class='ocrx_word' id='word_1_235' title='bbox 3153 571 3414 632; x_wconf 89' lang='lat' dir='ltr'><strong>tanquam</strong></span> <span class='ocrx_word' id='word_1_236' title='bbox 3447 565 3659 619; x_wconf 84' lang='lat' dir='ltr'><strong>semina</strong></span> 
     </span>
    </p>
   </div>
   <div class='ocr_carea' id='block_1_33' title="bbox 2089 655 3660 726">
    <p class='ocr_par' dir='ltr' id='par_1_33' title="bbox 2089 655 3660 726">
     <span class='ocr_line' id='line_1_33' title="bbox 2089 655 3660 726; baseline 0.001 -18"><span class='ocrx_word' id='word_1_237' title='bbox 2089 656 2155 709; x_wconf 87' lang='lat' dir='ltr'><strong>ad</strong></span> <span class='ocrx_word' id='word_1_238' title='bbox 2184 655 2419 710; x_wconf 81' lang='lat' dir='ltr'><strong>fructum</strong></span> <span class='ocrx_word' id='word_1_239' title='bbox 2447 655 2802 725; x_wconf 85' lang='lat' dir='ltr'><strong>multiplicem</strong></span> <span class='ocrx_word' id='word_1_240' title='bbox 2831 656 3165 726; x_wconf 81' lang='lat' dir='ltr'><strong>benignitate</strong></span> <span class='ocrx_word' id='word_1_241' title='bbox 3187 672 3284 711; x_wconf 89' lang='lat' dir='ltr'><strong>sua</strong></span> <span class='ocrx_word' id='word_1_242' title='bbox 3309 657 3660 726; x_wconf 83' lang='lat' dir='ltr'><strong>perduceret.</strong></span> 
     </span>
    </p>
   </div>
   <div class='ocr_carea' id='block_1_34' title="bbox 2091 746 3655 816">
    <p class='ocr_par' dir='ltr' id='par_1_34' title="bbox 2091 746 3655 816">
     <span class='ocr_line' id='line_1_34' title="bbox 2091 746 3655 816; baseline 0.001 -15"><span class='ocrx_word' id='word_1_243' title='bbox 2091 746 2198 801; x_wconf 67' lang='lat' dir='ltr'><strong>Sed</strong></span> <span class='ocrx_word' id='word_1_244' title='bbox 2237 763 2361 800; x_wconf 88' lang='lat' dir='ltr'><strong>cum</strong></span> <span class='ocrx_word' id='word_1_245' title='bbox 2396 746 2647 816; x_wconf 61' lang='lat' dir='ltr'><strong>prolirios</strong></span> <span class='ocrx_word' id='word_1_246' title='bbox 2674 761 2775 816; x_wconf 89' lang='lat' dir='ltr'><strong>ego</strong></span> <span class='ocrx_word' id='word_1_247' title='bbox 2810 747 3048 810; x_wconf 87' lang='lat' dir='ltr'><strong>labores,</strong></span> <span class='ocrx_word' id='word_1_248' title='bbox 3080 762 3220 816; x_wconf 91' lang='lat' dir='ltr'><strong>quos</strong></span> <span class='ocrx_word' id='word_1_249' title='bbox 3262 751 3655 814; x_wconf 91' lang='lat' dir='ltr'><strong>sustinueram,</strong></span> 
     </span>
    </p>
   </div>
   <div class='ocr_carea' id='block_1_35' title="bbox 2089 837 3660 908">
    <p class='ocr_par' dir='ltr' id='par_1_35' title="bbox 2089 837 3660 908">
     <span class='ocr_line' id='line_1_35' title="bbox 2089 837 3660 908; baseline 0 -16"><span class='ocrx_word' id='word_1_250' title='bbox 2089 853 2452 900; x_wconf 84' lang='lat' dir='ltr'><strong>recenserem,</strong></span> <span class='ocrx_word' id='word_1_251' title='bbox 2514 838 2750 907; x_wconf 88' lang='lat' dir='ltr'><strong>primum</strong></span> <span class='ocrx_word' id='word_1_252' title='bbox 2796 854 2921 892; x_wconf 89' lang='lat' dir='ltr'><strong>cum</strong></span> <span class='ocrx_word' id='word_1_253' title='bbox 2977 854 3007 892; x_wconf 90' lang='lat' dir='ltr'><strong>a</strong></span> <span class='ocrx_word' id='word_1_254' title='bbox 3049 837 3278 893; x_wconf 75' lang='lat' dir='ltr'><strong>Valente</strong></span> <span class='ocrx_word' id='word_1_255' title='bbox 3329 839 3660 908; x_wconf 82' lang='lat' dir='ltr'><strong>imperatore</strong></span> 
     </span>
    </p>
   </div>
   <div class='ocr_carea' id='block_1_36' title="bbox 2087 929 3662 1001">
    <p class='ocr_par' dir='ltr' id='par_1_36' title="bbox 2087 929 3662 1001">
     <span class='ocr_line' id='line_1_36' title="bbox 2087 929 3662 1001; baseline 0.003 -19"><span class='ocrx_word' id='word_1_256' title='bbox 2087 939 2308 1001; x_wconf 75' lang='lat' dir='ltr'><strong>propter</strong></span> <span class='ocrx_word' id='word_1_257' title='bbox 2349 930 2505 984; x_wconf 83' lang='lat' dir='ltr'><strong>tidem</strong></span> <span class='ocrx_word' id='word_1_258' title='bbox 2538 931 2834 986; x_wconf 80' lang='lat' dir='ltr'><strong>fuissemus</strong></span> <span class='ocrx_word' id='word_1_259' title='bbox 2867 930 2920 983; x_wconf 89' lang='lat' dir='ltr'><strong>in</strong></span> <span class='ocrx_word' id='word_1_260' title='bbox 2949 929 3202 984; x_wconf 80' lang='lat' dir='ltr'><strong>exsilium</strong></span> <span class='ocrx_word' id='word_1_261' title='bbox 3234 931 3414 999; x_wconf 86' lang='lat' dir='ltr'><strong>pulsi;</strong></span> <span class='ocrx_word' id='word_1_262' title='bbox 3461 931 3662 987; x_wconf 88' lang='lat' dir='ltr'><strong>deinde</strong></span> 
     </span>
    </p>
   </div>
   <div class='ocr_carea' id='block_1_37' title="bbox 2088 1021 3663 1094">
    <p class='ocr_par' dir='ltr' id='par_1_37' title="bbox 2088 1021 3663 1094">
     <span class='ocr_line' id='line_1_37' title="bbox 2088 1021 3663 1094; baseline 0 -18"><span class='ocrx_word' id='word_1_263' title='bbox 2088 1040 2212 1076; x_wconf 86' lang='lat' dir='ltr'><strong>cum</strong></span> <span class='ocrx_word' id='word_1_264' title='bbox 2244 1022 2613 1078; x_wconf 88' lang='lat' dir='ltr'><strong>Ecclesiarum</strong></span> <span class='ocrx_word' id='word_1_265' title='bbox 2645 1021 2988 1094; x_wconf 83' lang='lat' dir='ltr'><strong>perturbatio</strong></span> <span class='ocrx_word' id='word_1_266' title='bbox 3020 1036 3124 1077; x_wconf 90' lang='lat' dir='ltr'><strong>nos</strong></span> <span class='ocrx_word' id='word_1_267' title='bbox 3170 1022 3239 1076; x_wconf 89' lang='lat' dir='ltr'><strong>ad</strong></span> <span class='ocrx_word' id='word_1_268' title='bbox 3275 1021 3577 1077; x_wconf 85' lang='lat' dir='ltr'><strong>certamina</strong></span> <span class='ocrx_word' id='word_1_269' title='bbox 3605 1031 3663 1078; x_wconf 85' lang='lat' dir='ltr'><strong>et</strong></span> 
     </span>
    </p>
   </div>
   <div class='ocr_carea' id='block_1_38' title="bbox 2087 1113 3654 1185">
    <p class='ocr_par' dir='ltr' id='par_1_38' title="bbox 2087 1113 3654 1185">
     <span class='ocr_line' id='line_1_38' title="bbox 2087 1113 3654 1185; baseline 0 -16"><span class='ocrx_word' id='word_1_270' title='bbox 2087 1115 2316 1171; x_wconf 83' lang='lat' dir='ltr'><strong>sudores</strong></span> <span class='ocrx_word' id='word_1_271' title='bbox 2342 1125 2592 1171; x_wconf 82' lang='lat' dir='ltr'><strong>evocaret</strong></span> <span class='ocrx_word' id='word_1_272' title='bbox 2619 1135 2632 1170; x_wconf 90' lang='lat'><strong>:</strong></span> <span class='ocrx_word' id='word_1_273' title='bbox 2666 1115 2814 1170; x_wconf 69' lang='lat' dir='ltr'><strong>«Non</strong></span> <span class='ocrx_word' id='word_1_274' title='bbox 2831 1114 3101 1180; x_wconf 64' lang='lat' dir='ltr'><strong>desines,»</strong></span> <span class='ocrx_word' id='word_1_275' title='bbox 3133 1113 3473 1185; x_wconf 73' lang='lat' dir='ltr'><strong>inquitilla,¢</strong></span> <span class='ocrx_word' id='word_1_276' title='bbox 3509 1114 3654 1171; x_wconf 82' lang='lat' dir='ltr'><strong>divi-</strong></span> 
     </span>
    </p>
   </div>
   <div class='ocr_carea' id='block_1_39' title="bbox 2087 1206 3661 1277">
    <p class='ocr_par' dir='ltr' id='par_1_39' title="bbox 2087 1206 3661 1277">
     <span class='ocr_line' id='line_1_39' title="bbox 2087 1206 3661 1277; baseline 0 -17"><span class='ocrx_word' id='word_1_277' title='bbox 2087 1224 2285 1262; x_wconf 87' lang='lat' dir='ltr'><strong>norum</strong></span> <span class='ocrx_word' id='word_1_278' title='bbox 2327 1209 2714 1263; x_wconf 81' lang='lat' dir='ltr'><strong>beneﬁciorum</strong></span> <span class='ocrx_word' id='word_1_279' title='bbox 2751 1208 3038 1262; x_wconf 92' lang='lat' dir='ltr'><strong>immemor</strong></span> <span class='ocrx_word' id='word_1_280' title='bbox 3068 1209 3234 1262; x_wconf 74' lang='lat' dir='ltr'><strong>esse?</strong></span> <span class='ocrx_word' id='word_1_281' title='bbox 3257 1207 3457 1277; x_wconf 80' lang='lat' dir='ltr'><strong>ingrati</strong></span> <span class='ocrx_word' id='word_1_282' title='bbox 3491 1206 3661 1261; x_wconf 90' lang='lat' dir='ltr'><strong>animi</strong></span> 
     </span>
    </p>
   </div>
   <div class='ocr_carea' id='block_1_40' title="bbox 2087 1295 3659 1365">
    <p class='ocr_par' dir='ltr' id='par_1_40' title="bbox 2087 1295 3659 1365">
     <span class='ocr_line' id='line_1_40' title="bbox 2087 1295 3659 1365; baseline -0.001 -16"><span class='ocrx_word' id='word_1_283' title='bbox 2087 1299 2276 1352; x_wconf 80' lang='lat' dir='ltr'><strong>vitium</strong></span> <span class='ocrx_word' id='word_1_284' title='bbox 2329 1313 2436 1352; x_wconf 89' lang='lat' dir='ltr'><strong>non</strong></span> <span class='ocrx_word' id='word_1_285' title='bbox 2471 1297 2797 1352; x_wconf 84' lang='lat' dir='ltr'><strong>cohibebis?</strong></span> <span class='ocrx_word' id='word_1_286' title='bbox 2835 1313 2942 1350; x_wconf 91' lang='lat' dir='ltr'><strong>non</strong></span> <span class='ocrx_word' id='word_1_287' title='bbox 2975 1295 3322 1365; x_wconf 87' lang='lat' dir='ltr'><strong>comparabis</strong></span> <span class='ocrx_word' id='word_1_288' title='bbox 3368 1302 3659 1365; x_wconf 90' lang='lat' dir='ltr'><strong>parentum</strong></span> 
     </span>
    </p>
   </div>
   <div class='ocr_carea' id='block_1_41' title="bbox 2086 1385 3688 1460">
    <p class='ocr_par' dir='ltr' id='par_1_41' title="bbox 2086 1385 3688 1460">
     <span class='ocr_line' id='line_1_41' title="bbox 2086 1385 3688 1460; baseline -0.003 -19"><span class='ocrx_word' id='word_1_289' title='bbox 2086 1389 2396 1444; x_wconf 86' lang='lat' dir='ltr'><strong>rationibus</strong></span> <span class='ocrx_word' id='word_1_290' title='bbox 2449 1390 2616 1444; x_wconf 84' lang='lat' dir='ltr'><strong>tuas?</strong></span> <span class='ocrx_word' id='word_1_291' title='bbox 2670 1390 2833 1460; x_wconf 89' lang='lat' dir='ltr'><strong>Atqui</strong></span> <span class='ocrx_word' id='word_1_292' title='bbox 2874 1389 2919 1443; x_wconf 92' lang='lat' dir='ltr'><strong>si</strong></span> <span class='ocrx_word' id='word_1_293' title='bbox 2974 1397 3238 1458; x_wconf 90' lang='lat' dir='ltr'><strong>quantum</strong></span> <span class='ocrx_word' id='word_1_294' title='bbox 3299 1385 3556 1457; x_wconf 85' lang='lat' dir='ltr'><strong>pertinet‘</strong></span> <span class='ocrx_word' id='word_1_295' title='bbox 3589 1385 3688 1440; x_wconf 22' lang='lat' dir='ltr'><strong>ad.</strong></span> 
     </span>
    </p>
   </div>
   <div class='ocr_carea' id='block_1_42' title="bbox 2086 1477 3662 1550">
    <p class='ocr_par' dir='ltr' id='par_1_42' title="bbox 2086 1477 3662 1550">
     <span class='ocr_line' id='line_1_42' title="bbox 2086 1477 3662 1550; baseline -0.001 -16"><span class='ocrx_word' id='word_1_296' title='bbox 2086 1481 2228 1535; x_wconf 92' lang='lat' dir='ltr'><strong>hanc</strong></span> <span class='ocrx_word' id='word_1_297' title='bbox 2268 1480 2438 1534; x_wconf 90' lang='lat' dir='ltr'><strong>vitam</strong></span> <span class='ocrx_word' id='word_1_298' title='bbox 2489 1495 2553 1534; x_wconf 91' lang='lat' dir='ltr'><strong>ea</strong></span> <span class='ocrx_word' id='word_1_299' title='bbox 2594 1495 2652 1535; x_wconf 91' lang='lat' dir='ltr'><strong>re</strong></span> <span class='ocrx_word' id='word_1_300' title='bbox 2685 1479 3008 1550; x_wconf 83' lang='lat' dir='ltr'><strong>gloriamur,</strong></span> <span class='ocrx_word' id='word_1_301' title='bbox 3064 1477 3211 1550; x_wconf 88' lang='lat' dir='ltr'><strong>quod</strong></span> <span class='ocrx_word' id='word_1_302' title='bbox 3263 1478 3412 1532; x_wconf 93' lang='lat' dir='ltr'><strong>claro</strong></span> <span class='ocrx_word' id='word_1_303' title='bbox 3460 1489 3662 1548; x_wconf 86' lang='lat' dir='ltr'><strong>genere</strong></span> 
     </span>
    </p>
   </div>
   <div class='ocr_carea' id='block_1_43' title="bbox 2087 1557 3660 1641">
    <p class='ocr_par' dir='ltr' id='par_1_43' title="bbox 2087 1557 3660 1641">
     <span class='ocr_line' id='line_1_43' title="bbox 2087 1557 3660 1641; baseline -0.004 -15"><span class='ocrx_word' id='word_1_304' title='bbox 2087 1574 2221 1636; x_wconf 88' lang='lat' dir='ltr'><strong>nati,</strong></span> <span class='ocrx_word' id='word_1_305' title='bbox 2253 1582 2306 1627; x_wconf 90' lang='lat' dir='ltr'><strong>et</strong></span> <span class='ocrx_word' id='word_1_306' title='bbox 2341 1571 2587 1626; x_wconf 81' lang='lat' dir='ltr'><strong>honestis</strong></span> <span class='ocrx_word' id='word_1_307' title='bbox 2614 1571 2720 1624; x_wconf 89' lang='lat' dir='ltr'><strong>orti</strong></span> <span class='ocrx_word' id='word_1_308' title='bbox 2739 1557 3075 1641; x_wconf 81' lang='lat' dir='ltr'><strong>parentibus</strong></span> <span class='ocrx_word' id='word_1_309' title='bbox 3114 1583 3328 1632; x_wconf 89' lang='lat' dir='ltr'><strong>sumus,</strong></span> <span class='ocrx_word' id='word_1_310' title='bbox 3357 1574 3513 1637; x_wconf 87' lang='lat' dir='ltr'><strong>pater</strong></span> <span class='ocrx_word' id='word_1_311' title='bbox 3537 1566 3660 1636; x_wconf 83' lang='lat' dir='ltr'><strong>qui-</strong></span> 
     </span>
    </p>
   </div>
   <div class='ocr_carea' id='block_1_44' title="bbox 2088 1657 3663 1733">
    <p class='ocr_par' dir='ltr' id='par_1_44' title="bbox 2088 1657 3663 1733">
     <span class='ocr_line' id='line_1_44' title="bbox 2088 1657 3663 1733; baseline -0.005 -14"><span class='ocrx_word' id='word_1_312' title='bbox 2088 1665 2212 1720; x_wconf 90' lang='lat' dir='ltr'><strong>dem</strong></span> <span class='ocrx_word' id='word_1_313' title='bbox 2250 1663 2362 1718; x_wconf 92' lang='lat' dir='ltr'><strong>illis</strong></span> <span class='ocrx_word' id='word_1_314' title='bbox 2407 1662 2744 1733; x_wconf 87' lang='lat' dir='ltr'><strong>temporibus</strong></span> <span class='ocrx_word' id='word_1_315' title='bbox 2769 1673 2822 1716; x_wconf 92' lang='lat' dir='ltr'><strong>et</strong></span> <span class='ocrx_word' id='word_1_316' title='bbox 2858 1660 3078 1730; x_wconf 87' lang='lat' dir='ltr'><strong>juvenis</strong></span> <span class='ocrx_word' id='word_1_317' title='bbox 3107 1669 3331 1715; x_wconf 89' lang='lat' dir='ltr'><strong>eatenus</strong></span> <span class='ocrx_word' id='word_1_318' title='bbox 3359 1657 3563 1725; x_wconf 85' lang='lat' dir='ltr'><strong>ﬂoruit,</strong></span> <span class='ocrx_word' id='word_1_319' title='bbox 3600 1665 3663 1714; x_wconf 90' lang='lat' dir='ltr'><strong>ut.</strong></span> 
     </span>
    </p>
   </div>
   <div class='ocr_carea' id='block_1_45' title="bbox 2087 1747 3656 1820">
    <p class='ocr_par' dir='ltr' id='par_1_45' title="bbox 2087 1747 3656 1820">
     <span class='ocr_line' id='line_1_45' title="bbox 2087 1747 3656 1820; baseline -0.003 -15"><span class='ocrx_word' id='word_1_320' title='bbox 2087 1751 2230 1806; x_wconf 88' lang='lat' dir='ltr'><strong>inter</strong></span> <span class='ocrx_word' id='word_1_321' title='bbox 2264 1753 2414 1807; x_wconf 88' lang='lat' dir='ltr'><strong>cives</strong></span> <span class='ocrx_word' id='word_1_322' title='bbox 2448 1760 2503 1806; x_wconf 93' lang='lat' dir='ltr'><strong>et</strong></span> <span class='ocrx_word' id='word_1_323' title='bbox 2549 1752 2605 1805; x_wconf 92' lang='lat' dir='ltr'><strong>in</strong></span> <span class='ocrx_word' id='word_1_324' title='bbox 2655 1749 2883 1819; x_wconf 89' lang='lat' dir='ltr'><strong>judiciis</strong></span> <span class='ocrx_word' id='word_1_325' title='bbox 2924 1750 3044 1820; x_wconf 88' lang='lat' dir='ltr'><strong>ejus</strong></span> <span class='ocrx_word' id='word_1_326' title='bbox 3085 1748 3259 1820; x_wconf 82' lang='lat' dir='ltr'><strong>gloria</strong></span> <span class='ocrx_word' id='word_1_327' title='bbox 3308 1747 3656 1803; x_wconf 84' lang='lat' dir='ltr'><strong>consisteret.</strong></span> 
     </span>
    </p>
   </div>
   <div class='ocr_carea' id='block_1_46' title="bbox 2086 1837 3659 1909">
    <p class='ocr_par' dir='ltr' id='par_1_46' title="bbox 2086 1837 3659 1909">
     <span class='ocr_line' id='line_1_46' title="bbox 2086 1837 3659 1909; baseline -0.003 -14"><span class='ocrx_word' id='word_1_328' title='bbox 2086 1839 2217 1895; x_wconf 90' lang='lat' dir='ltr'><strong>Post</strong></span> <span class='ocrx_word' id='word_1_329' title='bbox 2247 1849 2427 1895; x_wconf 91' lang='lat' dir='ltr'><strong>autem</strong></span> <span class='ocrx_word' id='word_1_330' title='bbox 2462 1838 2700 1896; x_wconf 89' lang='lat' dir='ltr'><strong>eruditio</strong></span> <span class='ocrx_word' id='word_1_331' title='bbox 2727 1838 2947 1909; x_wconf 85' lang='lat' dir='ltr'><strong>quidem</strong></span> <span class='ocrx_word' id='word_1_332' title='bbox 2997 1838 3171 1908; x_wconf 89' lang='lat' dir='ltr'><strong>ipsius</strong></span> <span class='ocrx_word' id='word_1_333' title='bbox 3205 1852 3266 1893; x_wconf 89' lang='lat' dir='ltr'><strong>se</strong></span> <span class='ocrx_word' id='word_1_334' title='bbox 3311 1837 3532 1908; x_wconf 82' lang='lat' dir='ltr'><strong>longius</strong></span> <span class='ocrx_word' id='word_1_335' title='bbox 3563 1851 3659 1891; x_wconf 60' lang='lat' dir='ltr'><strong>exe</strong></span> 
     </span>
    </p>
   </div>
   <div class='ocr_carea' id='block_1_47' title="bbox 2083 1927 3658 2001">
    <p class='ocr_par' dir='ltr' id='par_1_47' title="bbox 2083 1927 3658 2001">
     <span class='ocr_line' id='line_1_47' title="bbox 2083 1927 3658 2001; baseline -0.003 -13"><span class='ocrx_word' id='word_1_336' title='bbox 2083 1934 2231 2001; x_wconf 84' lang='lat' dir='ltr'><strong>tulit,</strong></span> <span class='ocrx_word' id='word_1_337' title='bbox 2273 1933 2417 1988; x_wconf 85' lang='lat' dir='ltr'><strong>fama</strong></span> <span class='ocrx_word' id='word_1_338' title='bbox 2462 1940 2645 1987; x_wconf 88' lang='lat' dir='ltr'><strong>tamen</strong></span> <span class='ocrx_word' id='word_1_339' title='bbox 2688 1931 2922 1986; x_wconf 86' lang='lat' dir='ltr'><strong>Pontum</strong></span> <span class='ocrx_word' id='word_1_340' title='bbox 2964 1945 3072 1986; x_wconf 92' lang='lat' dir='ltr'><strong>non</strong></span> <span class='ocrx_word' id='word_1_341' title='bbox 3116 1938 3202 1985; x_wconf 92' lang='lat' dir='ltr'><strong>est</strong></span> <span class='ocrx_word' id='word_1_342' title='bbox 3235 1944 3473 1999; x_wconf 77' lang='lat' dir='ltr'><strong>egressa.</strong></span> <span class='ocrx_word' id='word_1_343' title='bbox 3510 1927 3658 1984; x_wconf 87' lang='lat' dir='ltr'><strong>Satis</strong></span> 
     </span>
    </p>
   </div>
   <div class='ocr_carea' id='block_1_48' title="bbox 2085 2019 3660 2093">
    <p class='ocr_par' dir='ltr' id='par_1_48' title="bbox 2085 2019 3660 2093">
     <span class='ocr_line' id='line_1_48' title="bbox 2085 2019 3660 2093; baseline -0.006 -12"><span class='ocrx_word' id='word_1_344' title='bbox 2085 2027 2231 2082; x_wconf 88' lang='lat' dir='ltr'><strong>enim</strong></span> <span class='ocrx_word' id='word_1_345' title='bbox 2261 2026 2337 2080; x_wconf 91' lang='lat' dir='ltr'><strong>illi</strong></span> <span class='ocrx_word' id='word_1_346' title='bbox 2368 2024 2468 2078; x_wconf 79' lang='lat' dir='ltr'><strong>fuit</strong></span> <span class='ocrx_word' id='word_1_347' title='bbox 2497 2025 2550 2077; x_wconf 90' lang='lat' dir='ltr'><strong>in</strong></span> <span class='ocrx_word' id='word_1_348' title='bbox 2581 2025 2752 2093; x_wconf 87' lang='lat' dir='ltr'><strong>patria</strong></span> <span class='ocrx_word' id='word_1_349' title='bbox 2776 2024 2984 2077; x_wconf 85' lang='lat' dir='ltr'><strong>clarum</strong></span> <span class='ocrx_word' id='word_1_350' title='bbox 3016 2036 3158 2076; x_wconf 88' lang='lat' dir='ltr'><strong>esse.</strong></span> <span class='ocrx_word' id='word_1_351' title='bbox 3189 2019 3268 2075; x_wconf 82' lang='lat' dir='ltr'><strong>&#39;l‘u</strong></span> <span class='ocrx_word' id='word_1_352' title='bbox 3302 2027 3509 2082; x_wconf 91' lang='lat' dir='ltr'><strong>autem,</strong></span> <span class='ocrx_word' id='word_1_353' title='bbox 3530 2037 3547 2068; x_wconf 73' lang='grc' dir='ltr'><strong>ι</strong></span> <span class='ocrx_word' id='word_1_354' title='bbox 3574 2019 3660 2072; x_wconf 86' lang='lat' dir='ltr'><strong>in-</strong></span> 
     </span>
    </p>
   </div>
   <div class='ocr_carea' id='block_1_49' title="bbox 2086 2109 3659 2189">
    <p class='ocr_par' dir='ltr' id='par_1_49' title="bbox 2086 2109 3659 2189">
     <span class='ocr_line' id='line_1_49' title="bbox 2086 2109 3659 2189; baseline -0.003 -22"><span class='ocrx_word' id='word_1_355' title='bbox 2086 2118 2228 2189; x_wconf 81' lang='lat' dir='ltr'><strong>quit,</strong></span> <span class='ocrx_word' id='word_1_356' title='bbox 2266 2134 2284 2168; x_wconf 81' lang='grc' dir='ltr'><strong>ι</strong></span> <span class='ocrx_word' id='word_1_357' title='bbox 2309 2116 2644 2179; x_wconf 81' lang='lat' dir='ltr'><strong>civitatibus,</strong></span> <span class='ocrx_word' id='word_1_358' title='bbox 2695 2115 2931 2184; x_wconf 85' lang='lat' dir='ltr'><strong>populis,</strong></span> <span class='ocrx_word' id='word_1_359' title='bbox 2961 2113 3277 2167; x_wconf 87' lang='lat' dir='ltr'><strong>nationibus</strong></span> <span class='ocrx_word' id='word_1_360' title='bbox 3301 2109 3535 2165; x_wconf 85' lang='lat' dir='ltr'><strong>celebris</strong></span> <span class='ocrx_word' id='word_1_361' title='bbox 3574 2125 3659 2172; x_wconf 81' lang='lat' dir='ltr'><strong>es,</strong></span> 
     </span>
    </p>
   </div>
   <div class='ocr_carea' id='block_1_50' title="bbox 2077 2199 3661 2270">
    <p class='ocr_par' dir='ltr' id='par_1_50' title="bbox 2077 2199 3661 2270">
     <span class='ocr_line' id='line_1_50' title="bbox 2077 2199 3661 2270; baseline -0.005 -8"><span class='ocrx_word' id='word_1_362' title='bbox 2077 2215 2134 2263; x_wconf 90' lang='lat' dir='ltr'><strong>te</strong></span> <span class='ocrx_word' id='word_1_363' title='bbox 2167 2205 2236 2261; x_wconf 85' lang='lat' dir='ltr'><strong>ad</strong></span> <span class='ocrx_word' id='word_1_364' title='bbox 2271 2205 2556 2261; x_wconf 80' lang='lat' dir='ltr'><strong>ferendum</strong></span> <span class='ocrx_word' id='word_1_365' title='bbox 2589 2205 2875 2270; x_wconf 79' lang='lat' dir='ltr'><strong>auxilium,</strong></span> <span class='ocrx_word' id='word_1_366' title='bbox 2912 2211 2966 2258; x_wconf 92' lang='lat' dir='ltr'><strong>te</strong></span> <span class='ocrx_word' id='word_1_367' title='bbox 2999 2202 3067 2256; x_wconf 88' lang='lat' dir='ltr'><strong>ad</strong></span> <span class='ocrx_word' id='word_1_368' title='bbox 3099 2216 3188 2256; x_wconf 90' lang='lat' dir='ltr'><strong>res</strong></span> <span class='ocrx_word' id='word_1_369' title='bbox 3235 2199 3661 2256; x_wconf 87' lang='lat' dir='ltr'><strong>constituendas</strong></span> 
     </span>
    </p>
   </div>
   <div class='ocr_carea' id='block_1_51' title="bbox 2078 2293 3659 2358">
    <p class='ocr_par' dir='ltr' id='par_1_51' title="bbox 2078 2293 3659 2358">
     <span class='ocr_line' id='line_1_51' title="bbox 2078 2293 3659 2358; baseline -0.004 -6"><span class='ocrx_word' id='word_1_370' title='bbox 2078 2297 2336 2352; x_wconf 80' lang='lat' dir='ltr'><strong>Ecclesia:</strong></span> <span class='ocrx_word' id='word_1_371' title='bbox 2369 2304 2425 2352; x_wconf 90' lang='lat' dir='ltr'><strong>et</strong></span> <span class='ocrx_word' id='word_1_372' title='bbox 2464 2298 2689 2350; x_wconf 88' lang='lat' dir='ltr'><strong>mittunt</strong></span> <span class='ocrx_word' id='word_1_373' title='bbox 2735 2304 2791 2350; x_wconf 92' lang='lat' dir='ltr'><strong>et</strong></span> <span class='ocrx_word' id='word_1_374' title='bbox 2827 2302 3046 2358; x_wconf 89' lang='lat' dir='ltr'><strong>vocant,</strong></span> <span class='ocrx_word' id='word_1_375' title='bbox 3101 2303 3154 2349; x_wconf 89' lang='lat' dir='ltr'><strong>et</strong></span> <span class='ocrx_word' id='word_1_376' title='bbox 3189 2293 3284 2349; x_wconf 85' lang='lat' dir='ltr'><strong>Dei</strong></span> <span class='ocrx_word' id='word_1_377' title='bbox 3316 2309 3517 2348; x_wconf 91' lang='lat' dir='ltr'><strong>munus</strong></span> <span class='ocrx_word' id='word_1_378' title='bbox 3549 2307 3659 2346; x_wconf 92' lang='lat' dir='ltr'><strong>non</strong></span> 
     </span>
    </p>
   </div>
   <div class='ocr_carea' id='block_1_52' title="bbox 2079 2383 3663 2459">
    <p class='ocr_par' dir='ltr' id='par_1_52' title="bbox 2079 2383 3663 2459">
     <span class='ocr_line' id='line_1_52' title="bbox 2079 2383 3663 2459; baseline -0.003 -18"><span class='ocrx_word' id='word_1_379' title='bbox 2079 2388 2331 2459; x_wconf 79' lang='lat' dir='ltr'><strong>aspicis?</strong></span> <span class='ocrx_word' id='word_1_380' title='bbox 2376 2403 2477 2443; x_wconf 89' lang='lat' dir='ltr'><strong>nec</strong></span> <span class='ocrx_word' id='word_1_381' title='bbox 2531 2387 2722 2441; x_wconf 89' lang='lat' dir='ltr'><strong>talium</strong></span> <span class='ocrx_word' id='word_1_382' title='bbox 2767 2387 3038 2441; x_wconf 90' lang='lat' dir='ltr'><strong>bonorum</strong></span> <span class='ocrx_word' id='word_1_383' title='bbox 3076 2399 3300 2440; x_wconf 88' lang='lat' dir='ltr'><strong>causam</strong></span> <span class='ocrx_word' id='word_1_384' title='bbox 3352 2383 3663 2454; x_wconf 76' lang='lat' dir='ltr'><strong>agnoscis?</strong></span> 
     </span>
    </p>
   </div>
   <div class='ocr_carea' id='block_1_53' title="bbox 2079 2475 3658 2546">
    <p class='ocr_par' dir='ltr' id='par_1_53' title="bbox 2079 2475 3658 2546">
     <span class='ocr_line' id='line_1_53' title="bbox 2079 2475 3658 2546; baseline -0.004 -13"><span class='ocrx_word' id='word_1_385' title='bbox 2079 2479 2372 2533; x_wconf 80' lang='lat' dir='ltr'><strong>l‘arentum</strong></span> <span class='ocrx_word' id='word_1_386' title='bbox 2406 2477 2552 2532; x_wconf 89' lang='lat' dir='ltr'><strong>enim</strong></span> <span class='ocrx_word' id='word_1_387' title='bbox 2587 2491 2776 2546; x_wconf 90' lang='lat' dir='ltr'><strong>preces</strong></span> <span class='ocrx_word' id='word_1_388' title='bbox 2805 2485 2859 2531; x_wconf 92' lang='lat' dir='ltr'><strong>te</strong></span> <span class='ocrx_word' id='word_1_389' title='bbox 2886 2475 2952 2530; x_wconf 91' lang='lat' dir='ltr'><strong>ad</strong></span> <span class='ocrx_word' id='word_1_390' title='bbox 2982 2476 3087 2531; x_wconf 88' lang='lat' dir='ltr'><strong>hoc</strong></span> <span class='ocrx_word' id='word_1_391' title='bbox 3119 2475 3396 2545; x_wconf 80' lang='lat' dir='ltr'><strong>fastigium</strong></span> <span class='ocrx_word' id='word_1_392' title='bbox 3437 2475 3658 2537; x_wconf 88' lang='lat' dir='ltr'><strong>tollunt,</strong></span> 
     </span>
    </p>
   </div>
   <div class='ocr_carea' id='block_1_54' title="bbox 2085 2565 3656 2640">
    <p class='ocr_par' dir='ltr' id='par_1_54' title="bbox 2085 2565 3656 2640">
     <span class='ocr_line' id='line_1_54' title="bbox 2085 2565 3656 2640; baseline -0.003 -16"><span class='ocrx_word' id='word_1_393' title='bbox 2085 2570 2223 2624; x_wconf 85' lang='lat' dir='ltr'><strong>nihil</strong></span> <span class='ocrx_word' id='word_1_394' title='bbox 2258 2577 2354 2624; x_wconf 91' lang='lat' dir='ltr'><strong>aut</strong></span> <span class='ocrx_word' id='word_1_395' title='bbox 2406 2569 2759 2640; x_wconf 82' lang='lat' dir='ltr'><strong>perexiguum</strong></span> <span class='ocrx_word' id='word_1_396' title='bbox 2805 2569 2872 2624; x_wconf 87' lang='lat' dir='ltr'><strong>ad</strong></span> <span class='ocrx_word' id='word_1_397' title='bbox 2903 2582 3022 2624; x_wconf 88' lang='lat' dir='ltr'><strong>eam</strong></span> <span class='ocrx_word' id='word_1_398' title='bbox 3055 2582 3170 2624; x_wconf 90' lang='lat' dir='ltr'><strong>rem</strong></span> <span class='ocrx_word' id='word_1_399' title='bbox 3207 2565 3328 2638; x_wconf 87' lang='lat' dir='ltr'><strong>opis</strong></span> <span class='ocrx_word' id='word_1_400' title='bbox 3368 2566 3656 2621; x_wconf 86' lang='lat' dir='ltr'><strong>habentem</strong></span> 
     </span>
    </p>
   </div>
   <div class='ocr_carea' id='block_1_55' title="bbox 2087 2659 2508 2716">
    <p class='ocr_par' dir='ltr' id='par_1_55' title="bbox 2087 2659 2508 2716">
     <span class='ocr_line' id='line_1_55' title="bbox 2087 2659 2508 2716; baseline -0.007 -2"><span class='ocrx_word' id='word_1_401' title='bbox 2087 2660 2424 2716; x_wconf 80' lang='lat' dir='ltr'><strong>domesticae.</strong></span> <span class='ocrx_word' id='word_1_402' title='bbox 2447 2659 2508 2711; x_wconf 66' lang='lat' dir='ltr'><strong>n&quot;</strong></span> 
     </span>
    </p>
   </div>
   <div class='ocr_carea' id='block_1_56' title="bbox 396 2739 3660 2823">
    <p class='ocr_par' dir='ltr' id='par_1_56' title="bbox 396 2739 3660 2823">
     <span class='ocr_line' id='line_1_56' title="bbox 396 2739 3660 2823; baseline 0.002 -32"><span class='ocrx_word' id='word_1_403' title='bbox 396 2754 457 2791; x_wconf 89' lang='grc' dir='ltr'><strong>τε</strong></span> <span class='ocrx_word' id='word_1_404' title='bbox 493 2740 586 2792; x_wconf 68' lang='grc' dir='ltr'><strong>καὶ¹</strong></span> <span class='ocrx_word' id='word_1_405' title='bbox 621 2739 904 2812; x_wconf 85' lang='grc' dir='ltr'>διόρθωσιν</span> <span class='ocrx_word' id='word_1_406' title='bbox 938 2742 1252 2814; x_wconf 87' lang='grc' dir='ltr'>Ἐκκλησίαι</span> <span class='ocrx_word' id='word_1_407' title='bbox 1306 2745 1601 2818; x_wconf 85' lang='grc' dir='ltr'>πέμπουσι,</span> <span class='ocrx_word' id='word_1_408' title='bbox 1635 2748 1727 2800; x_wconf 77' lang='grc' dir='ltr'><strong>καὶ</strong></span> <span class='ocrx_word' id='word_1_409' title='bbox 1767 2747 2010 2803; x_wconf 85' lang='grc' dir='ltr'>καλοῦσι·</span> <span class='ocrx_word' id='word_1_410' title='bbox 2047 2752 2141 2805; x_wconf 74' lang='grc' dir='ltr'><strong>καὶ</strong></span> <span class='ocrx_word' id='word_1_411' title='bbox 2168 2752 2265 2821; x_wconf 85' lang='grc' dir='ltr'><strong>οὐχ</strong></span> <span class='ocrx_word' id='word_1_412' title='bbox 2290 2754 2421 2823; x_wconf 83' lang='grc' dir='ltr'>ὁρᾷς</span> <span class='ocrx_word' id='word_1_413' title='bbox 2452 2750 2549 2822; x_wconf 81' lang='grc' dir='ltr'>τὴν</span> <span class='ocrx_word' id='word_1_414' title='bbox 2587 2751 2776 2822; x_wconf 85' lang='grc' dir='ltr'>χάριν;</span> <span class='ocrx_word' id='word_1_415' title='bbox 2807 2749 2940 2802; x_wconf 83' lang='grc' dir='ltr'>Οὐδέ</span> <span class='ocrx_word' id='word_1_416' title='bbox 2974 2747 3352 2817; x_wconf 80' lang='grc' dir='ltr'>ἐπιγινώσκεις</span> <span class='ocrx_word' id='word_1_417' title='bbox 3387 2745 3497 2800; x_wconf 90' lang='grc' dir='ltr'><strong>τῶν</strong></span> <span class='ocrx_word' id='word_1_418' title='bbox 3562 2761 3660 2814; x_wconf 88' lang='grc' dir='ltr'>τη-</span> 
     </span>
    </p>
   </div>
   <div class='ocr_carea' id='block_1_57' title="bbox 397 2830 3661 2926">
    <p class='ocr_par' dir='ltr' id='par_1_57' title="bbox 397 2830 3661 2926">
     <span class='ocr_line' id='line_1_57' title="bbox 397 2830 3661 2926; baseline 0 -42"><span class='ocrx_word' id='word_1_419' title='bbox 397 2830 659 2926; x_wconf 83' lang='grc' dir='ltr'>λικούτων</span> <span class='ocrx_word' id='word_1_420' title='bbox 687 2831 907 2926; x_wconf 76' lang='grc' dir='ltr'>ἀγαθῶν</span> <span class='ocrx_word' id='word_1_421' title='bbox 941 2833 1040 2905; x_wconf 84' lang='grc' dir='ltr'><strong>τὴν</strong></span> <span class='ocrx_word' id='word_1_422' title='bbox 1086 2834 1265 2889; x_wconf 78' lang='grc' dir='ltr'>αἰτίαν</span> <span class='ocrx_word' id='word_1_423' title='bbox 1285 2875 1300 2901; x_wconf 94' lang='grc'><strong>,</strong></span> <span class='ocrx_word' id='word_1_424' title='bbox 1326 2836 1408 2889; x_wconf 88' lang='grc' dir='ltr'>ὃτι</span> <span class='ocrx_word' id='word_1_425' title='bbox 1454 2853 1511 2889; x_wconf 86' lang='grc' dir='ltr'><strong>σε</strong></span> <span class='ocrx_word' id='word_1_426' title='bbox 1541 2835 1648 2890; x_wconf 86' lang='grc' dir='ltr'><strong>τῶν</strong></span> <span class='ocrx_word' id='word_1_427' title='bbox 1685 2836 1888 2905; x_wconf 82' lang='grc' dir='ltr'>γονέων</span> <span class='ocrx_word' id='word_1_428' title='bbox 1919 2839 1976 2894; x_wconf 82' lang='grc' dir='ltr'>αἱ</span> <span class='ocrx_word' id='word_1_429' title='bbox 2013 2840 2170 2912; x_wconf 73' lang='grc' dir='ltr'>εὐχαὶ</span> <span class='ocrx_word' id='word_1_430' title='bbox 2210 2840 2345 2911; x_wconf 79' lang='grc' dir='ltr'>πρὸς</span> <span class='ocrx_word' id='word_1_431' title='bbox 2372 2838 2503 2926; x_wconf 74' lang='grc' dir='ltr'>ὕψος</span> <span class='ocrx_word' id='word_1_432' title='bbox 2544 2838 2808 2910; x_wconf 80' lang='grc' dir='ltr'>αἴρουσιν,</span> <span class='ocrx_word' id='word_1_433' title='bbox 2840 2836 3112 2907; x_wconf 84' lang='grc' dir='ltr'>οὐδεμίαν,</span> <span class='ocrx_word' id='word_1_434' title='bbox 3141 2836 3174 2907; x_wconf 79' lang='grc' dir='ltr'>ἢ</span> <span class='ocrx_word' id='word_1_435' title='bbox 3205 2835 3392 2905; x_wconf 84' lang='grc' dir='ltr'>ὀλίγην</span> <span class='ocrx_word' id='word_1_436' title='bbox 3448 2832 3661 2892; x_wconf 75' lang='grc' dir='ltr'>οἴκοθεν</span> 
     </span>
    </p>
   </div>
   <div class='ocr_carea' id='block_1_58' title="bbox 399 2920 1413 2996">
    <p class='ocr_par' dir='ltr' id='par_1_58' title="bbox 399 2920 1413 2996">
     <span class='ocr_line' id='line_1_58' title="bbox 399 2920 1413 2996; baseline 0.002 -22"><span class='ocrx_word' id='word_1_437' title='bbox 399 2922 591 2992; x_wconf 82' lang='grc' dir='ltr'>ἔχοντα</span> <span class='ocrx_word' id='word_1_438' title='bbox 622 2920 758 2992; x_wconf 79' lang='grc' dir='ltr'>πρὸς</span> <span class='ocrx_word' id='word_1_439' title='bbox 781 2921 940 2976; x_wconf 89' lang='grc' dir='ltr'>τοῦτο</span> <span class='ocrx_word' id='word_1_440' title='bbox 966 2926 1352 2996; x_wconf 84' lang='grc' dir='ltr'>παρασκευήν;</span> <span class='ocrx_word' id='word_1_441' title='bbox 1396 2945 1413 2976; x_wconf 70' lang='grc' dir='ltr'><strong>ι</strong></span> 
     </span>
    </p>
   </div>
   <div class='ocr_carea' id='block_1_59' title="bbox 469 3009 1978 3086">
    <p class='ocr_par' dir='ltr' id='par_1_59' title="bbox 469 3014 1978 3086">
     <span class='ocr_line' id='line_1_59' title="bbox 469 3014 1978 3086; baseline 0.002 -19"><span class='ocrx_word' id='word_1_442' title='bbox 469 3015 656 3070; x_wconf 87' lang='grc' dir='ltr'>Ταῦτα</span> <span class='ocrx_word' id='word_1_443' title='bbox 682 3015 973 3083; x_wconf 78' lang='grc' dir='ltr'>διεξιοῦσα,</span> <span class='ocrx_word' id='word_1_444' title='bbox 1005 3014 1116 3084; x_wconf 88' lang='grc' dir='ltr'>ἐγὼ</span> <span class='ocrx_word' id='word_1_445' title='bbox 1148 3015 1247 3086; x_wconf 82' lang='grc' dir='ltr'><strong>μὲν</strong></span> <span class='ocrx_word' id='word_1_446' title='bbox 1282 3015 1702 3086; x_wconf 80' lang='grc' dir='ltr'>παρατείνεσθαι</span> <span class='ocrx_word' id='word_1_447' title='bbox 1732 3014 1894 3068; x_wconf 84' lang='grc' dir='ltr'>πλέον</span> <span class='ocrx_word' id='word_1_448' title='bbox 1921 3015 1978 3070; x_wconf 80' lang='grc' dir='ltr'>τὸ</span> 
     </span>
    </p>
   </div>
   <div class='ocr_carea' id='block_1_60' title="bbox 2080 3009 3662 3086">
    <p class='ocr_par' dir='ltr' id='par_1_60' title="bbox 2157 3009 3662 3082">
     <span class='ocr_line' id='line_1_60' title="bbox 2157 3009 3662 3082; baseline -0.001 -14"><span class='ocrx_word' id='word_1_449' title='bbox 2157 3013 2284 3069; x_wconf 75' lang='lat' dir='ltr'><strong>llaac</strong></span> <span class='ocrx_word' id='word_1_450' title='bbox 2324 3013 2416 3068; x_wconf 91' lang='lat' dir='ltr'><strong>illa</strong></span> <span class='ocrx_word' id='word_1_451' title='bbox 2442 3026 2568 3067; x_wconf 88' lang='lat' dir='ltr'><strong>cum</strong></span> <span class='ocrx_word' id='word_1_452' title='bbox 2600 3017 3049 3081; x_wconf 88' lang='lat' dir='ltr'><strong>persequeretur,</strong></span> <span class='ocrx_word' id='word_1_453' title='bbox 3078 3009 3220 3064; x_wconf 89' lang='lat' dir='ltr'><strong>diem</strong></span> <span class='ocrx_word' id='word_1_454' title='bbox 3257 3009 3508 3080; x_wconf 89' lang='lat' dir='ltr'><strong>equidem</strong></span> <span class='ocrx_word' id='word_1_455' title='bbox 3540 3027 3662 3082; x_wconf 81' lang='lat' dir='ltr'><strong>pro-</strong></span> 
     </span>
    </p>
   </div>
   <div class='ocr_carea' id='block_1_61' title="bbox 399 3105 1974 3178">
    <p class='ocr_par' dir='ltr' id='par_1_61' title="bbox 399 3105 1974 3178">
     <span class='ocr_line' id='line_1_61' title="bbox 399 3105 1974 3178; baseline 0.002 -21"><span class='ocrx_word' id='word_1_456' title='bbox 399 3105 700 3178; x_wconf 76' lang='grc' dir='ltr'>ἡμερήσιον</span> <span class='ocrx_word' id='word_1_457' title='bbox 730 3105 959 3161; x_wconf 87' lang='grc' dir='ltr'>ἐπόθουν</span> <span class='ocrx_word' id='word_1_458' title='bbox 1002 3106 1219 3176; x_wconf 85' lang='grc' dir='ltr'>μέτρον,</span> <span class='ocrx_word' id='word_1_459' title='bbox 1269 3106 1342 3170; x_wconf 87' lang='grc' dir='ltr'>ὼς</span> <span class='ocrx_word' id='word_1_460' title='bbox 1371 3105 1436 3160; x_wconf 87' lang='grc' dir='ltr'>ἂν</span> <span class='ocrx_word' id='word_1_461' title='bbox 1480 3107 1553 3177; x_wconf 83' lang='grc' dir='ltr'>μὴ</span> <span class='ocrx_word' id='word_1_462' title='bbox 1582 3106 1761 3178; x_wconf 81' lang='grc' dir='ltr'>λήξειε</span> <span class='ocrx_word' id='word_1_463' title='bbox 1803 3125 1974 3160; x_wconf 87' lang='grc' dir='ltr'>κατα-</span> 
     </span>
    </p>
   </div>
   <div class='ocr_carea' id='block_1_62' title="bbox 397 3194 1976 3268">
    <p class='ocr_par' dir='ltr' id='par_1_62' title="bbox 397 3194 1976 3268">
     <span class='ocr_line' id='line_1_62' title="bbox 397 3194 1976 3268; baseline 0.001 -21"><span class='ocrx_word' id='word_1_464' title='bbox 397 3194 762 3265; x_wconf 65' lang='grc' dir='ltr'>·έλυκαίνουσα</span> <span class='ocrx_word' id='word_1_465' title='bbox 821 3196 976 3267; x_wconf 87' lang='grc' dir='ltr'>ήμῶν</span> <span class='ocrx_word' id='word_1_466' title='bbox 1017 3197 1117 3268; x_wconf 82' lang='grc' dir='ltr'><strong>τήν</strong></span> <span class='ocrx_word' id='word_1_467' title='bbox 1180 3195 1385 3265; x_wconf 78' lang='grc' dir='ltr'>ἀκοήνο</span> <span class='ocrx_word' id='word_1_468' title='bbox 1435 3196 1549 3249; x_wconf 87' lang='grc' dir='ltr'>ἀλλ’</span> <span class='ocrx_word' id='word_1_469' title='bbox 1596 3201 1629 3266; x_wconf 86' lang='grc' dir='ltr'><strong>ή</strong></span> <span class='ocrx_word' id='word_1_470' title='bbox 1680 3196 1830 3268; x_wconf 82' lang='grc' dir='ltr'>φωνὴ</span> <span class='ocrx_word' id='word_1_471' title='bbox 1869 3196 1976 3249; x_wconf 91' lang='grc' dir='ltr'><strong>τῶν</strong></span> 
     </span>
    </p>
   </div>
   <div class='ocr_carea' id='block_1_63' title="bbox 399 3287 1976 3360">
    <p class='ocr_par' dir='ltr' id='par_1_63' title="bbox 399 3287 1976 3360">
     <span class='ocr_line' id='line_1_63' title="bbox 399 3287 1976 3360; baseline 0.001 -20"><span class='ocrx_word' id='word_1_472' title='bbox 399 3287 712 3356; x_wconf 65' lang='grc' dir='ltr'>ψαλλόντων</span> <span class='ocrx_word' id='word_1_473' title='bbox 742 3289 878 3360; x_wconf 83' lang='grc' dir='ltr'>πρὸς</span> <span class='ocrx_word' id='word_1_474' title='bbox 919 3287 1019 3352; x_wconf 84' lang='grc' dir='ltr'>τὰς</span> <span class='ocrx_word' id='word_1_475' title='bbox 1042 3288 1382 3359; x_wconf 86' lang='grc' dir='ltr'>ἐπιλυχνίους</span> <span class='ocrx_word' id='word_1_476' title='bbox 1407 3289 1754 3359; x_wconf 85' lang='grc' dir='ltr'>εὐχαριστίας</span> <span class='ocrx_word' id='word_1_477' title='bbox 1792 3290 1976 3354; x_wconf 82' lang='grc' dir='ltr'>ἐξεκα-</span> 
     </span>
    </p>
   </div>
   <div class='ocr_carea' id='block_1_64' title="bbox 398 3377 1976 3451">
    <p class='ocr_par' dir='ltr' id='par_1_64' title="bbox 398 3377 1976 3451">
     <span class='ocr_line' id='line_1_64' title="bbox 398 3377 1976 3451; baseline 0.002 -20"><span class='ocrx_word' id='word_1_478' title='bbox 398 3377 573 3444; x_wconf 84' lang='grc' dir='ltr'>λεῖτο,</span> <span class='ocrx_word' id='word_1_479' title='bbox 611 3379 755 3450; x_wconf 85' lang='grc' dir='ltr'><strong>κάμὲ</strong></span> <span class='ocrx_word' id='word_1_480' title='bbox 794 3379 930 3451; x_wconf 84' lang='grc' dir='ltr'>πρὸς</span> <span class='ocrx_word' id='word_1_481' title='bbox 961 3380 1058 3451; x_wconf 83' lang='grc' dir='ltr'><strong>τὴν</strong></span> <span class='ocrx_word' id='word_1_482' title='bbox 1099 3380 1392 3449; x_wconf 84' lang='grc' dir='ltr'>ἐκκλησίαν</span> <span class='ocrx_word' id='word_1_483' title='bbox 1422 3381 1768 3450; x_wconf 75' lang='grc' dir='ltr'>ἐκπέμψασα,</span> <span class='ocrx_word' id='word_1_484' title='bbox 1816 3382 1976 3435; x_wconf 78' lang='grc' dir='ltr'>πάλιν</span> 
     </span>
    </p>
   </div>
   <div class='ocr_carea' id='block_1_65' title="bbox 404 3471 1970 3546">
    <p class='ocr_par' dir='ltr' id='par_1_65' title="bbox 404 3471 1970 3546">
     <span class='ocr_line' id='line_1_65' title="bbox 404 3471 1970 3546; baseline 0.002 -20"><span class='ocrx_word' id='word_1_485' title='bbox 404 3472 440 3541; x_wconf 83' lang='grc' dir='ltr'>ἡ</span> <span class='ocrx_word' id='word_1_486' title='bbox 467 3471 694 3543; x_wconf 78' lang='grc' dir='ltr'>Μεγάλη</span> <span class='ocrx_word' id='word_1_487' title='bbox 723 3472 814 3528; x_wconf 80' lang='grc' dir='ltr'>διὰ</span> <span class='ocrx_word' id='word_1_488' title='bbox 854 3472 966 3526; x_wconf 84' lang='grc' dir='ltr'><strong>τῶν</strong></span> <span class='ocrx_word' id='word_1_489' title='bbox 989 3472 1165 3546; x_wconf 82' lang='grc' dir='ltr'>εὐχῶν</span> <span class='ocrx_word' id='word_1_490' title='bbox 1208 3472 1345 3544; x_wconf 83' lang='grc' dir='ltr'>πρὸς</span> <span class='ocrx_word' id='word_1_491' title='bbox 1379 3473 1468 3526; x_wconf 85' lang='grc' dir='ltr'><strong>τὸν</strong></span> <span class='ocrx_word' id='word_1_492' title='bbox 1511 3473 1646 3526; x_wconf 80' lang='grc' dir='ltr'>Θεὸν</span> <span class='ocrx_word' id='word_1_493' title='bbox 1685 3475 1970 3546; x_wconf 82' lang='grc' dir='ltr'>ἀνεχώρει.</span> 
     </span>
    </p>
   </div>
   <div class='ocr_carea' id='block_1_66' title="bbox 400 3560 1973 3637">
    <p class='ocr_par' dir='ltr' id='par_1_66' title="bbox 400 3560 1973 3637">
     <span class='ocr_line' id='line_1_66' title="bbox 400 3560 1973 3637; baseline 0.003 -22"><span class='ocrx_word' id='word_1_494' title='bbox 400 3561 572 3634; x_wconf 52' lang='lat' dir='ltr'><strong>Kal};</strong></span> <span class='ocrx_word' id='word_1_495' title='bbox 601 3561 700 3632; x_wconf 76' lang='grc' dir='ltr'><strong>μὲν</strong></span> <span class='ocrx_word' id='word_1_496' title='bbox 728 3561 830 3630; x_wconf 77' lang='grc' dir='ltr'><strong>νὺξ</strong></span> <span class='ocrx_word' id='word_1_497' title='bbox 856 3563 921 3617; x_wconf 87' lang='grc' dir='ltr'><strong>ἐν</strong></span> <span class='ocrx_word' id='word_1_498' title='bbox 956 3563 1164 3627; x_wconf 79' lang='grc' dir='ltr'>τούτοις</span> <span class='ocrx_word' id='word_1_499' title='bbox 1191 3560 1277 3636; x_wconf 78' lang='grc' dir='ltr'><strong>ἦν.</strong></span> <span class='ocrx_word' id='word_1_500' title='bbox 1323 3565 1409 3629; x_wconf 81' lang='grc' dir='ltr'>Ὠς</span> <span class='ocrx_word' id='word_1_501' title='bbox 1436 3564 1489 3618; x_wconf 83' lang='grc' dir='ltr'><strong>δέ</strong></span> <span class='ocrx_word' id='word_1_502' title='bbox 1525 3565 1706 3637; x_wconf 84' lang='grc' dir='ltr'>ἡμέρα</span> <span class='ocrx_word' id='word_1_503' title='bbox 1741 3566 1973 3633; x_wconf 88' lang='grc' dir='ltr'>ἐγένετο,</span> 
     </span>
    </p>
   </div>
   <div class='ocr_carea' id='block_1_67' title="bbox 400 3654 1975 3730">
    <p class='ocr_par' dir='ltr' id='par_1_67' title="bbox 400 3654 1975 3730">
     <span class='ocr_line' id='line_1_67' title="bbox 400 3654 1975 3730; baseline 0.002 -22"><span class='ocrx_word' id='word_1_504' title='bbox 400 3654 524 3726; x_wconf 77' lang='grc' dir='ltr'>ἐμοὶ</span> <span class='ocrx_word' id='word_1_505' title='bbox 541 3655 639 3726; x_wconf 83' lang='grc' dir='ltr'><strong>μὲν</strong></span> <span class='ocrx_word' id='word_1_506' title='bbox 668 3655 930 3728; x_wconf 88' lang='grc' dir='ltr'>πρόδηλον</span> <span class='ocrx_word' id='word_1_507' title='bbox 953 3657 1016 3712; x_wconf 90' lang='grc' dir='ltr'><strong>ἐκ</strong></span> <span class='ocrx_word' id='word_1_508' title='bbox 1039 3657 1148 3711; x_wconf 87' lang='grc' dir='ltr'><strong>τῶν</strong></span> <span class='ocrx_word' id='word_1_509' title='bbox 1168 3657 1458 3728; x_wconf 81' lang='grc' dir='ltr'>ὁρωμένων</span> <span class='ocrx_word' id='word_1_510' title='bbox 1480 3654 1571 3730; x_wconf 82' lang='grc' dir='ltr'>ἦν,</span> <span class='ocrx_word' id='word_1_511' title='bbox 1597 3659 1678 3712; x_wconf 81' lang='grc' dir='ltr'><strong>ὅτι</strong></span> <span class='ocrx_word' id='word_1_512' title='bbox 1702 3660 1732 3712; x_wconf 80' lang='grc' dir='ltr'>ὁ</span> <span class='ocrx_word' id='word_1_513' title='bbox 1751 3659 1975 3729; x_wconf 77' lang='grc' dir='ltr'>ἔσχατος</span> 
     </span>
    </p>
   </div>
   <div class='ocr_carea' id='block_1_68' title="bbox 399 3744 1977 3819">
    <p class='ocr_par' dir='ltr' id='par_1_68' title="bbox 399 3744 1977 3819">
     <span class='ocr_line' id='line_1_68' title="bbox 399 3744 1977 3819; baseline 0.001 -21"><span class='ocrx_word' id='word_1_514' title='bbox 399 3745 536 3816; x_wconf 78' lang='grc' dir='ltr'>αὐτῇ</span> <span class='ocrx_word' id='word_1_515' title='bbox 563 3744 664 3814; x_wconf 85' lang='grc' dir='ltr'><strong>τῆς</strong></span> <span class='ocrx_word' id='word_1_516' title='bbox 695 3745 836 3800; x_wconf 82' lang='grc' dir='ltr'>κατὰ</span> <span class='ocrx_word' id='word_1_517' title='bbox 869 3747 1048 3815; x_wconf 81' lang='grc' dir='ltr'>σάρκα</span> <span class='ocrx_word' id='word_1_518' title='bbox 1076 3745 1223 3818; x_wconf 82' lang='grc' dir='ltr'>ζωῆς</span> <span class='ocrx_word' id='word_1_519' title='bbox 1256 3747 1380 3818; x_wconf 84' lang='grc' dir='ltr'>ὄρος</span> <span class='ocrx_word' id='word_1_520' title='bbox 1415 3749 1448 3817; x_wconf 85' lang='grc' dir='ltr'>ἡ</span> <span class='ocrx_word' id='word_1_521' title='bbox 1492 3747 1764 3800; x_wconf 88' lang='grc' dir='ltr'>ἐνεστῶσα</span> <span class='ocrx_word' id='word_1_522' title='bbox 1801 3748 1977 3819; x_wconf 76' lang='grc' dir='ltr'>ἡμέρα</span> 
     </span>
    </p>
   </div>
   <div class='ocr_carea' id='block_1_69' title="bbox 399 3830 1974 3910">
    <p class='ocr_par' dir='ltr' id='par_1_69' title="bbox 399 3830 1974 3910">
     <span class='ocr_line' id='line_1_69' title="bbox 399 3830 1974 3910; baseline 0.003 -23"><span class='ocrx_word' id='word_1_523' title='bbox 399 3830 500 3905; x_wconf 83' lang='grc' dir='ltr'>ἦν,</span> <span class='ocrx_word' id='word_1_524' title='bbox 549 3837 730 3890; x_wconf 81' lang='grc' dir='ltr'>πᾶσαν</span> <span class='ocrx_word' id='word_1_525' title='bbox 770 3836 868 3909; x_wconf 81' lang='grc' dir='ltr'><strong>τὴν</strong></span> <span class='ocrx_word' id='word_1_526' title='bbox 917 3837 1242 3908; x_wconf 83' lang='grc' dir='ltr'>ἐγκειμένην</span> <span class='ocrx_word' id='word_1_527' title='bbox 1284 3841 1350 3907; x_wconf 81' lang='grc' dir='ltr'>τῇ</span> <span class='ocrx_word' id='word_1_528' title='bbox 1401 3837 1561 3907; x_wconf 84' lang='grc' dir='ltr'>φύσει</span> <span class='ocrx_word' id='word_1_529' title='bbox 1606 3837 1834 3910; x_wconf 86' lang='grc' dir='ltr'>δύναμιν</span> <span class='ocrx_word' id='word_1_530' title='bbox 1881 3839 1974 3892; x_wconf 89' lang='grc' dir='ltr'><strong>τοῦ</strong></span> 
     </span>
    </p>
   </div>
   <div class='ocr_carea' id='block_1_70' title="bbox 401 3927 1976 4002">
    <p class='ocr_par' dir='ltr' id='par_1_70' title="bbox 401 3927 1976 4002">
     <span class='ocr_line' id='line_1_70' title="bbox 401 3927 1976 4002; baseline 0.004 -23"><span class='ocrx_word' id='word_1_531' title='bbox 401 3927 637 3998; x_wconf 77' lang='grc' dir='ltr'>πυρετοῦ</span> <span class='ocrx_word' id='word_1_532' title='bbox 675 3927 1102 3999; x_wconf 84' lang='grc' dir='ltr'>δαπανήσαντος.</span> <span class='ocrx_word' id='word_1_533' title='bbox 1178 3931 1226 3982; x_wconf 82' lang='grc' dir='ltr'><strong><em>Η</em></strong></span> <span class='ocrx_word' id='word_1_534' title='bbox 1255 3929 1311 3982; x_wconf 84' lang='grc' dir='ltr'><strong>δέ</strong></span> <span class='ocrx_word' id='word_1_535' title='bbox 1341 3929 1475 4002; x_wconf 82' lang='grc' dir='ltr'>πρὸς</span> <span class='ocrx_word' id='word_1_536' title='bbox 1517 3930 1578 3984; x_wconf 83' lang='grc' dir='ltr'><strong>τὸ</strong></span> <span class='ocrx_word' id='word_1_537' title='bbox 1624 3931 1846 3995; x_wconf 79' lang='grc' dir='ltr'>ἀσθενὲς</span> <span class='ocrx_word' id='word_1_538' title='bbox 1877 3931 1976 4002; x_wconf 84' lang='grc' dir='ltr'><strong>τῆς</strong></span> 
     </span>
    </p>
   </div>
   <div class='ocr_carea' id='block_1_71' title="bbox 399 4019 1975 4094">
    <p class='ocr_par' dir='ltr' id='par_1_71' title="bbox 399 4019 1975 4094">
     <span class='ocr_line' id='line_1_71' title="bbox 399 4019 1975 4094; baseline 0.003 -22"><span class='ocrx_word' id='word_1_539' title='bbox 399 4019 637 4083; x_wconf 84' lang='grc' dir='ltr'>διανοίας</span> <span class='ocrx_word' id='word_1_540' title='bbox 663 4021 820 4091; x_wconf 89' lang='grc' dir='ltr'>ήμῶν</span> <span class='ocrx_word' id='word_1_541' title='bbox 855 4020 1145 4091; x_wconf 82' lang='grc' dir='ltr'>βλέπουσα,</span> <span class='ocrx_word' id='word_1_542' title='bbox 1177 4022 1447 4093; x_wconf 87' lang='grc' dir='ltr'>παράγειν</span> <span class='ocrx_word' id='word_1_543' title='bbox 1473 4023 1620 4093; x_wconf 75' lang='grc' dir='ltr'>ἡμᾶς</span> <span class='ocrx_word' id='word_1_544' title='bbox 1644 4024 1709 4075; x_wconf 85' lang='grc' dir='ltr'><strong>ἐκ</strong></span> <span class='ocrx_word' id='word_1_545' title='bbox 1733 4023 1833 4094; x_wconf 85' lang='grc' dir='ltr'><strong>τῆς</strong></span> <span class='ocrx_word' id='word_1_546' title='bbox 1871 4040 1975 4076; x_wconf 88' lang='grc' dir='ltr'>κα-</span> 
     </span>
    </p>
   </div>
   <div class='ocr_carea' id='block_1_72' title="bbox 398 4107 1975 4182">
    <p class='ocr_par' dir='ltr' id='par_1_72' title="bbox 398 4107 1975 4182">
     <span class='ocr_line' id='line_1_72' title="bbox 398 4107 1975 4182; baseline 0.003 -23"><span class='ocrx_word' id='word_1_547' title='bbox 398 4107 739 4178; x_wconf 81' lang='grc' dir='ltr'>τηφεστέρας</span> <span class='ocrx_word' id='word_1_548' title='bbox 793 4109 1006 4172; x_wconf 87' lang='grc' dir='ltr'>ἐλπίδος</span> <span class='ocrx_word' id='word_1_549' title='bbox 1042 4112 1382 4182; x_wconf 79' lang='grc' dir='ltr'>ἐμηχανᾶτο,</span> <span class='ocrx_word' id='word_1_550' title='bbox 1433 4111 1595 4165; x_wconf 85' lang='grc' dir='ltr'>πάλιν</span> <span class='ocrx_word' id='word_1_551' title='bbox 1638 4114 1750 4175; x_wconf 89' lang='grc' dir='ltr'>τοῖς</span> <span class='ocrx_word' id='word_1_552' title='bbox 1793 4112 1975 4174; x_wconf 85' lang='grc' dir='ltr'>καλοῖς</span> 
     </span>
    </p>
   </div>
   <div class='ocr_carea' id='block_1_73' title="bbox 400 4199 1974 4276">
    <p class='ocr_par' dir='ltr' id='par_1_73' title="bbox 400 4199 1974 4276">
     <span class='ocr_line' id='line_1_73' title="bbox 400 4199 1974 4276; baseline 0.003 -24"><span class='ocrx_word' id='word_1_553' title='bbox 400 4199 630 4264; x_wconf 83' lang='grc' dir='ltr'>ἐκείνοις</span> <span class='ocrx_word' id='word_1_554' title='bbox 675 4200 853 4271; x_wconf 87' lang='grc' dir='ltr'>λόγοις</span> <span class='ocrx_word' id='word_1_555' title='bbox 893 4202 1179 4273; x_wconf 86' lang='grc' dir='ltr'>διαχέουσα</span> <span class='ocrx_word' id='word_1_556' title='bbox 1211 4204 1310 4276; x_wconf 87' lang='grc' dir='ltr'><strong>τῆς</strong></span> <span class='ocrx_word' id='word_1_557' title='bbox 1342 4203 1518 4275; x_wconf 76' lang='grc' dir='ltr'>ψυχῆς</span> <span class='ocrx_word' id='word_1_558' title='bbox 1553 4204 1612 4256; x_wconf 78' lang='grc' dir='ltr'><strong>τὸ</strong></span> <span class='ocrx_word' id='word_1_559' title='bbox 1640 4203 1974 4275; x_wconf 86' lang='grc' dir='ltr'>λυπούμενον</span> 
     </span>
    </p>
   </div>
   <div class='ocr_carea' id='block_1_74' title="bbox 399 4289 1974 4366">
    <p class='ocr_par' dir='ltr' id='par_1_74' title="bbox 399 4289 1974 4366">
     <span class='ocr_line' id='line_1_74' title="bbox 399 4289 1974 4366; baseline 0.004 -25"><span class='ocrx_word' id='word_1_560' title='bbox 399 4290 459 4341; x_wconf 86' lang='grc' dir='ltr'><strong>ἐν</strong></span> <span class='ocrx_word' id='word_1_561' title='bbox 489 4289 670 4360; x_wconf 85' lang='grc' dir='ltr'>λεπτῷ</span> <span class='ocrx_word' id='word_1_562' title='bbox 710 4290 893 4346; x_wconf 84' lang='grc' dir='ltr'>λοιπὸν</span> <span class='ocrx_word' id='word_1_563' title='bbox 919 4293 1015 4347; x_wconf 77' lang='grc' dir='ltr'>καὶ</span> <span class='ocrx_word' id='word_1_564' title='bbox 1043 4295 1382 4366; x_wconf 85' lang='grc' dir='ltr'>συνεχομένῳ</span> <span class='ocrx_word' id='word_1_565' title='bbox 1409 4294 1486 4364; x_wconf 82' lang='grc' dir='ltr'>τῷ</span> <span class='ocrx_word' id='word_1_566' title='bbox 1509 4295 1769 4366; x_wconf 79' lang='grc' dir='ltr'>ἄσθματι.</span> <span class='ocrx_word' id='word_1_567' title='bbox 1805 4296 1974 4349; x_wconf 82' lang='grc' dir='ltr'>Ἔνθα</span> 
     </span>
    </p>
   </div>
   <div class='ocr_carea' id='block_1_75' title="bbox 2078 3102 3655 3177">
    <p class='ocr_par' dir='ltr' id='par_1_75' title="bbox 2078 3102 3655 3177">
     <span class='ocr_line' id='line_1_75' title="bbox 2078 3102 3655 3177; baseline -0.011 -13"><span class='ocrx_word' id='word_1_568' title='bbox 2078 3107 2205 3164; x_wconf 86' lang='lat' dir='ltr'><strong>duci</strong></span> <span class='ocrx_word' id='word_1_569' title='bbox 2233 3106 2450 3177; x_wconf 89' lang='lat' dir='ltr'><strong>longius</strong></span> <span class='ocrx_word' id='word_1_570' title='bbox 2485 3104 2764 3174; x_wconf 89' lang='lat' dir='ltr'><strong>optabam,</strong></span> <span class='ocrx_word' id='word_1_571' title='bbox 2797 3118 2866 3158; x_wconf 90' lang='lat' dir='ltr'><strong>ne</strong></span> <span class='ocrx_word' id='word_1_572' title='bbox 2892 3102 3041 3157; x_wconf 91' lang='lat' dir='ltr'><strong>dulci</strong></span> <span class='ocrx_word' id='word_1_573' title='bbox 3075 3116 3330 3156; x_wconf 87' lang='lat' dir='ltr'><strong>sermone</strong></span> <span class='ocrx_word' id='word_1_574' title='bbox 3357 3117 3521 3158; x_wconf 84' lang='lat' dir='ltr'><strong>aures</strong></span> <span class='ocrx_word' id='word_1_575' title='bbox 3552 3119 3655 3157; x_wconf 89' lang='lat' dir='ltr'><strong>no-</strong></span> 
     </span>
    </p>
   </div>
   <div class='ocr_carea' id='block_1_76' title="bbox 2079 3191 3659 3255">
    <p class='ocr_par' dir='ltr' id='par_1_76' title="bbox 2079 3191 3659 3255">
     <span class='ocr_line' id='line_1_76' title="bbox 2079 3191 3659 3255; baseline -0.004 0"><span class='ocrx_word' id='word_1_576' title='bbox 2079 3206 2226 3255; x_wconf 86' lang='lat' dir='ltr'><strong>stras</strong></span> <span class='ocrx_word' id='word_1_577' title='bbox 2257 3197 2547 3252; x_wconf 89' lang='lat' dir='ltr'><strong>desisteret</strong></span> <span class='ocrx_word' id='word_1_578' title='bbox 2573 3195 2852 3249; x_wconf 89' lang='lat' dir='ltr'><strong>oblectare</strong></span> <span class='ocrx_word' id='word_1_579' title='bbox 2885 3209 2899 3246; x_wconf 92' lang='lat'><strong>:</strong></span> <span class='ocrx_word' id='word_1_580' title='bbox 2931 3191 3028 3248; x_wconf 91' lang='lat' dir='ltr'><strong>sed</strong></span> <span class='ocrx_word' id='word_1_581' title='bbox 3063 3192 3406 3246; x_wconf 89' lang='lat' dir='ltr'><strong>cantantium</strong></span> <span class='ocrx_word' id='word_1_582' title='bbox 3435 3210 3537 3248; x_wconf 78' lang='lat' dir='ltr'><strong>vox</strong></span> <span class='ocrx_word' id='word_1_583' title='bbox 3573 3209 3659 3248; x_wconf 89' lang='lat' dir='ltr'><strong>me</strong></span> 
     </span>
    </p>
   </div>
   <div class='ocr_carea' id='block_1_77' title="bbox 2077 3284 3657 3362">
    <p class='ocr_par' dir='ltr' id='par_1_77' title="bbox 2077 3284 3657 3362">
     <span class='ocr_line' id='line_1_77' title="bbox 2077 3284 3657 3362; baseline -0.004 -16"><span class='ocrx_word' id='word_1_584' title='bbox 2077 3291 2146 3346; x_wconf 89' lang='lat' dir='ltr'><strong>ad</strong></span> <span class='ocrx_word' id='word_1_585' title='bbox 2171 3290 2375 3362; x_wconf 87' lang='lat' dir='ltr'><strong>gratias</strong></span> <span class='ocrx_word' id='word_1_586' title='bbox 2399 3287 2638 3360; x_wconf 73' lang='lat' dir='ltr'><strong>agendas</strong></span> <span class='ocrx_word' id='word_1_587' title='bbox 2661 3286 3004 3357; x_wconf 87' lang='lat' dir='ltr'><strong>vespertinas</strong></span> <span class='ocrx_word' id='word_1_588' title='bbox 3025 3285 3270 3339; x_wconf 89' lang='lat' dir='ltr'><strong>vocabat.</strong></span> <span class='ocrx_word' id='word_1_589' title='bbox 3290 3284 3657 3350; x_wconf 82' lang='lat' dir='ltr'><strong>Quamobrem</strong></span> 
     </span>
    </p>
   </div>
   <div class='ocr_carea' id='block_1_78' title="bbox 2077 3377 3657 3448">
    <p class='ocr_par' dir='ltr' id='par_1_78' title="bbox 2077 3377 3657 3448">
     <span class='ocr_line' id='line_1_78' title="bbox 2077 3377 3657 3448; baseline -0.003 -12"><span class='ocrx_word' id='word_1_590' title='bbox 2077 3397 2200 3436; x_wconf 91' lang='lat' dir='ltr'><strong>cum</strong></span> <span class='ocrx_word' id='word_1_591' title='bbox 2249 3396 2335 3435; x_wconf 92' lang='lat' dir='ltr'><strong>me</strong></span> <span class='ocrx_word' id='word_1_592' title='bbox 2369 3381 2434 3436; x_wconf 89' lang='lat' dir='ltr'><strong>ad</strong></span> <span class='ocrx_word' id='word_1_593' title='bbox 2479 3379 2770 3435; x_wconf 87' lang='lat' dir='ltr'><strong>ecclesiam</strong></span> <span class='ocrx_word' id='word_1_594' title='bbox 2810 3377 3130 3442; x_wconf 83' lang='lat' dir='ltr'><strong>dimisisset,</strong></span> <span class='ocrx_word' id='word_1_595' title='bbox 3187 3393 3406 3432; x_wconf 90' lang='lat' dir='ltr'><strong>rursum</strong></span> <span class='ocrx_word' id='word_1_596' title='bbox 3459 3392 3657 3448; x_wconf 88' lang='lat' dir='ltr'><strong>magna</strong></span> 
     </span>
    </p>
   </div>
   <div class='ocr_carea' id='block_1_79' title="bbox 2077 3460 3661 3543">
    <p class='ocr_par' dir='ltr' id='par_1_79' title="bbox 2077 3460 3661 3543">
     <span class='ocr_line' id='line_1_79' title="bbox 2077 3460 3661 3543; baseline -0.003 -17"><span class='ocrx_word' id='word_1_597' title='bbox 2077 3473 2168 3527; x_wconf 91' lang='lat' dir='ltr'><strong>illa</strong></span> <span class='ocrx_word' id='word_1_598' title='bbox 2219 3472 2476 3543; x_wconf 88' lang='lat' dir='ltr'><strong>precibus</strong></span> <span class='ocrx_word' id='word_1_599' title='bbox 2509 3460 2596 3526; x_wconf 84' lang='lat' dir='ltr'><strong>ad</strong></span> <span class='ocrx_word' id='word_1_600' title='bbox 2627 3469 2798 3526; x_wconf 87' lang='lat' dir='ltr'><strong>Deum</strong></span> <span class='ocrx_word' id='word_1_601' title='bbox 2845 3469 3102 3524; x_wconf 90' lang='lat' dir='ltr'><strong>accessit.</strong></span> <span class='ocrx_word' id='word_1_602' title='bbox 3148 3468 3224 3523; x_wconf 89' lang='lat' dir='ltr'><strong>Ac</strong></span> <span class='ocrx_word' id='word_1_603' title='bbox 3275 3483 3384 3523; x_wconf 80' lang='lat' dir='ltr'><strong>nox</strong></span> <span class='ocrx_word' id='word_1_604' title='bbox 3430 3467 3661 3539; x_wconf 86' lang='lat' dir='ltr'><strong>quidem</strong></span> 
     </span>
    </p>
   </div>
   <div class='ocr_carea' id='block_1_80' title="bbox 2075 3560 3661 3632">
    <p class='ocr_par' dir='ltr' id='par_1_80' title="bbox 2075 3560 3661 3632">
     <span class='ocr_line' id='line_1_80' title="bbox 2075 3560 3661 3632; baseline -0.004 -10"><span class='ocrx_word' id='word_1_605' title='bbox 2075 3567 2150 3622; x_wconf 90' lang='lat' dir='ltr'><strong>ita</strong></span> <span class='ocrx_word' id='word_1_606' title='bbox 2189 3572 2470 3622; x_wconf 88' lang='lat' dir='ltr'><strong>transacta</strong></span> <span class='ocrx_word' id='word_1_607' title='bbox 2500 3570 2603 3620; x_wconf 87' lang='lat' dir='ltr'><strong>est.</strong></span> <span class='ocrx_word' id='word_1_608' title='bbox 2639 3561 2775 3619; x_wconf 87' lang='lat' dir='ltr'><strong>Cum</strong></span> <span class='ocrx_word' id='word_1_609' title='bbox 2816 3569 2996 3617; x_wconf 89' lang='lat' dir='ltr'><strong>autem</strong></span> <span class='ocrx_word' id='word_1_610' title='bbox 3026 3561 3338 3626; x_wconf 79' lang='lat' dir='ltr'><strong>diluxisset,</strong></span> <span class='ocrx_word' id='word_1_611' title='bbox 3367 3560 3500 3616; x_wconf 92' lang='lat' dir='ltr'><strong>mihi</strong></span> <span class='ocrx_word' id='word_1_612' title='bbox 3532 3560 3661 3632; x_wconf 87' lang='lat' dir='ltr'><strong>qui-</strong></span> 
     </span>
    </p>
   </div>
   <div class='ocr_carea' id='block_1_81' title="bbox 2077 3651 3658 3718">
    <p class='ocr_par' dir='ltr' id='par_1_81' title="bbox 2077 3651 3658 3718">
     <span class='ocr_line' id='line_1_81' title="bbox 2077 3651 3658 3718; baseline -0.004 -5"><span class='ocrx_word' id='word_1_613' title='bbox 2077 3657 2200 3713; x_wconf 89' lang='lat' dir='ltr'><strong>dem</strong></span> <span class='ocrx_word' id='word_1_614' title='bbox 2241 3673 2305 3713; x_wconf 82' lang='lat' dir='ltr'><strong>ex</strong></span> <span class='ocrx_word' id='word_1_615' title='bbox 2340 3657 2563 3713; x_wconf 90' lang='lat' dir='ltr'><strong>indiciis</strong></span> <span class='ocrx_word' id='word_1_616' title='bbox 2614 3654 2968 3710; x_wconf 83' lang='lat' dir='ltr'><strong>manifestum</strong></span> <span class='ocrx_word' id='word_1_617' title='bbox 3020 3660 3160 3718; x_wconf 90' lang='lat' dir='ltr'><strong>erat,</strong></span> <span class='ocrx_word' id='word_1_618' title='bbox 3215 3652 3360 3708; x_wconf 91' lang='lat' dir='ltr'><strong>diem</strong></span> <span class='ocrx_word' id='word_1_619' title='bbox 3405 3651 3559 3707; x_wconf 92' lang='lat' dir='ltr'><strong>illum</strong></span> <span class='ocrx_word' id='word_1_620' title='bbox 3600 3651 3658 3708; x_wconf 90' lang='lat' dir='ltr'><strong>ei</strong></span> 
     </span>
    </p>
   </div>
   <div class='ocr_carea' id='block_1_82' title="bbox 2075 3743 3663 3821">
    <p class='ocr_par' dir='ltr' id='par_1_82' title="bbox 2075 3743 3663 3821">
     <span class='ocr_line' id='line_1_82' title="bbox 2075 3743 3663 3821; baseline -0.005 -14"><span class='ocrx_word' id='word_1_621' title='bbox 2075 3751 2197 3821; x_wconf 86' lang='lat' dir='ltr'><strong>ejus</strong></span> <span class='ocrx_word' id='word_1_622' title='bbox 2249 3752 2376 3806; x_wconf 69' lang='lat' dir='ltr'><strong>vitae</strong></span> <span class='ocrx_word' id='word_1_623' title='bbox 2409 3744 2707 3806; x_wconf 85' lang='lat' dir='ltr'><strong>terminum</strong></span> <span class='ocrx_word' id='word_1_624' title='bbox 2761 3745 2898 3809; x_wconf 81' lang='lat' dir='ltr'><strong>fore,</strong></span> <span class='ocrx_word' id='word_1_625' title='bbox 2953 3759 3079 3800; x_wconf 88' lang='lat' dir='ltr'><strong>cum</strong></span> <span class='ocrx_word' id='word_1_626' title='bbox 3130 3743 3401 3816; x_wconf 89' lang='lat' dir='ltr'><strong>quidquid</strong></span> <span class='ocrx_word' id='word_1_627' title='bbox 3444 3752 3663 3799; x_wconf 66' lang='lat' dir='ltr'><strong>natura</strong></span> 
     </span>
    </p>
   </div>
   <div class='ocr_carea' id='block_1_83' title="bbox 2076 3832 3664 3905">
    <p class='ocr_par' dir='ltr' id='par_1_83' title="bbox 2076 3832 3664 3905">
     <span class='ocr_line' id='line_1_83' title="bbox 2076 3832 3664 3905; baseline -0.008 -6"><span class='ocrx_word' id='word_1_628' title='bbox 2076 3845 2276 3899; x_wconf 88' lang='lat' dir='ltr'><strong>virium</strong></span> <span class='ocrx_word' id='word_1_629' title='bbox 2304 3843 2512 3904; x_wconf 78' lang='lat' dir='ltr'><strong>inerat,</strong></span> <span class='ocrx_word' id='word_1_630' title='bbox 2531 3839 2700 3894; x_wconf 81' lang='lat' dir='ltr'><strong>febris</strong></span> <span class='ocrx_word' id='word_1_631' title='bbox 2729 3834 3192 3905; x_wconf 87' lang='lat' dir='ltr'><strong>consumpsisset.</strong></span> <span class='ocrx_word' id='word_1_632' title='bbox 3231 3834 3340 3890; x_wconf 82' lang='lat' dir='ltr'><strong>Sed</strong></span> <span class='ocrx_word' id='word_1_633' title='bbox 3381 3832 3474 3889; x_wconf 88' lang='lat' dir='ltr'><strong>illa</strong></span> <span class='ocrx_word' id='word_1_634' title='bbox 3501 3832 3664 3904; x_wconf 83' lang='lat' dir='ltr'><strong>cogi-</strong></span> 
     </span>
    </p>
   </div>
   <div class='ocr_carea' id='block_1_84' title="bbox 2077 3925 3658 4000">
    <p class='ocr_par' dir='ltr' id='par_1_84' title="bbox 2077 3925 3658 4000">
     <span class='ocr_line' id='line_1_84' title="bbox 2077 3925 3658 4000; baseline -0.006 -10"><span class='ocrx_word' id='word_1_635' title='bbox 2077 3934 2302 3990; x_wconf 87' lang='lat' dir='ltr'><strong>tationis</strong></span> <span class='ocrx_word' id='word_1_636' title='bbox 2328 3940 2532 3988; x_wconf 57' lang='lat' dir='ltr'><strong>nostrae</strong></span> <span class='ocrx_word' id='word_1_637' title='bbox 2565 3928 2869 4000; x_wconf 85' lang='lat' dir='ltr'><strong>respiciens</strong></span> <span class='ocrx_word' id='word_1_638' title='bbox 2889 3925 3341 3989; x_wconf 84' lang='lat' dir='ltr'><strong>imbecillitatem,</strong></span> <span class='ocrx_word' id='word_1_639' title='bbox 3375 3925 3658 3996; x_wconf 60' lang='lat' dir='ltr'><strong>praeclaris</strong></span> 
     </span>
    </p>
   </div>
   <div class='ocr_carea' id='block_1_85' title="bbox 2078 4014 3661 4088">
    <p class='ocr_par' dir='ltr' id='par_1_85' title="bbox 2078 4014 3661 4088">
     <span class='ocr_line' id='line_1_85' title="bbox 2078 4014 3661 4088; baseline -0.006 -10"><span class='ocrx_word' id='word_1_640' title='bbox 2078 4024 2188 4078; x_wconf 88' lang='lat' dir='ltr'><strong>illis</strong></span> <span class='ocrx_word' id='word_1_641' title='bbox 2240 4021 2589 4078; x_wconf 86' lang='lat' dir='ltr'><strong>sermonibus</strong></span> <span class='ocrx_word' id='word_1_642' title='bbox 2647 4017 2957 4083; x_wconf 77' lang='lat' dir='ltr'><strong>effundens,</strong></span> <span class='ocrx_word' id='word_1_643' title='bbox 3013 4014 3161 4088; x_wconf 90' lang='lat' dir='ltr'><strong>quod</strong></span> <span class='ocrx_word' id='word_1_644' title='bbox 3208 4015 3482 4085; x_wconf 90' lang='lat' dir='ltr'><strong>reliquum</strong></span> <span class='ocrx_word' id='word_1_645' title='bbox 3535 4021 3661 4069; x_wconf 78' lang='lat' dir='ltr'><strong>erat</strong></span> 
     </span>
    </p>
   </div>
   <div class='ocr_carea' id='block_1_86' title="bbox 2078 4104 3658 4184">
    <p class='ocr_par' dir='ltr' id='par_1_86' title="bbox 2078 4104 3658 4184">
     <span class='ocr_line' id='line_1_86' title="bbox 2078 4104 3658 4184; baseline -0.006 -13"><span class='ocrx_word' id='word_1_646' title='bbox 2078 4116 2290 4171; x_wconf 70' lang='lat' dir='ltr'><strong>alliictae</strong></span> <span class='ocrx_word' id='word_1_647' title='bbox 2323 4114 2540 4184; x_wconf 59' lang='lat' dir='ltr'><strong>animae,</strong></span> <span class='ocrx_word' id='word_1_648' title='bbox 2570 4111 2626 4165; x_wconf 93' lang='lat' dir='ltr'><strong>in</strong></span> <span class='ocrx_word' id='word_1_649' title='bbox 2657 4123 2873 4166; x_wconf 87' lang='lat' dir='ltr'><strong>summa</strong></span> <span class='ocrx_word' id='word_1_650' title='bbox 2905 4106 3150 4179; x_wconf 89' lang='lat' dir='ltr'><strong>spirandi</strong></span> <span class='ocrx_word' id='word_1_651' title='bbox 3184 4104 3523 4170; x_wconf 83' lang='lat' dir='ltr'><strong>diﬂicultate,</strong></span> <span class='ocrx_word' id='word_1_652' title='bbox 3550 4119 3658 4162; x_wconf 84' lang='lat' dir='ltr'><strong>nos</strong></span> 
     </span>
    </p>
   </div>
   <div class='ocr_carea' id='block_1_87' title="bbox 2077 4187 3654 4278">
    <p class='ocr_par' dir='ltr' id='par_1_87' title="bbox 2077 4187 3654 4278">
     <span class='ocr_line' id='line_1_87' title="bbox 2077 4187 3654 4278; baseline -0.008 -16"><span class='ocrx_word' id='word_1_653' title='bbox 2077 4223 2108 4262; x_wconf 90' lang='lat' dir='ltr'><strong>a</strong></span> <span class='ocrx_word' id='word_1_654' title='bbox 2138 4205 2385 4261; x_wconf 88' lang='lat' dir='ltr'><strong>tristiore</strong></span> <span class='ocrx_word' id='word_1_655' title='bbox 2415 4219 2512 4274; x_wconf 91' lang='lat' dir='ltr'><strong>spe</strong></span> <span class='ocrx_word' id='word_1_656' title='bbox 2529 4187 2816 4278; x_wconf 56' lang='lat' dir='ltr'><strong>abducere</strong></span> <span class='ocrx_word' id='word_1_657' title='bbox 2838 4199 3162 4254; x_wconf 90' lang='lat' dir='ltr'><strong>conabatur.</strong></span> <span class='ocrx_word' id='word_1_658' title='bbox 3199 4195 3338 4250; x_wconf 91' lang='lat' dir='ltr'><strong>Tum</strong></span> <span class='ocrx_word' id='word_1_659' title='bbox 3375 4210 3506 4249; x_wconf 76' lang='lat' dir='ltr'><strong>vero</strong></span> <span class='ocrx_word' id='word_1_660' title='bbox 3535 4196 3654 4250; x_wconf 84' lang='lat' dir='ltr'><strong>ani-</strong></span> 
     </span>
    </p>
   </div>
   <div class='ocr_carea' id='block_1_88' title="bbox 2078 4287 3654 4366">
    <p class='ocr_par' dir='ltr' id='par_1_88' title="bbox 2078 4287 3654 4366">
     <span class='ocr_line' id='line_1_88' title="bbox 2078 4287 3654 4366; baseline -0.006 -14"><span class='ocrx_word' id='word_1_661' title='bbox 2078 4314 2202 4354; x_wconf 85' lang='lat' dir='ltr'><strong>mus</strong></span> <span class='ocrx_word' id='word_1_662' title='bbox 2237 4311 2393 4351; x_wconf 90' lang='lat' dir='ltr'><strong>meus</strong></span> <span class='ocrx_word' id='word_1_663' title='bbox 2443 4293 2697 4366; x_wconf 67' lang='lat' dir='ltr'><strong>prtesenti</strong></span> <span class='ocrx_word' id='word_1_664' title='bbox 2753 4289 3072 4361; x_wconf 91' lang='lat' dir='ltr'><strong>spectaculo</strong></span> <span class='ocrx_word' id='word_1_665' title='bbox 3106 4288 3275 4342; x_wconf 89' lang='lat' dir='ltr'><strong>variis</strong></span> <span class='ocrx_word' id='word_1_666' title='bbox 3315 4287 3654 4342; x_wconf 70' lang='lat' dir='ltr'><strong>adiciebatur</strong></span> 
     </span>
    </p>
   </div>
   <div class='ocr_carea' id='block_1_89' title="bbox 397 4374 1978 4458">
    <p class='ocr_par' dir='ltr' id='par_1_89' title="bbox 397 4380 1977 4458">
     <span class='ocr_line' id='line_1_89' title="bbox 397 4380 1977 4458; baseline 0.004 -24"><span class='ocrx_word' id='word_1_667' title='bbox 397 4380 463 4452; x_wconf 69' lang='grc' dir='ltr'>δὴ</span> <span class='ocrx_word' id='word_1_668' title='bbox 525 4383 619 4436; x_wconf 73' lang='grc' dir='ltr'><strong>καὶ</strong></span> <span class='ocrx_word' id='word_1_669' title='bbox 671 4383 907 4454; x_wconf 85' lang='grc' dir='ltr'>μάλιστα</span> <span class='ocrx_word' id='word_1_670' title='bbox 958 4386 1218 4450; x_wconf 87' lang='grc' dir='ltr'>ποικίλως</span> <span class='ocrx_word' id='word_1_671' title='bbox 1271 4386 1530 4440; x_wconf 88' lang='grc' dir='ltr'>διετίθετό</span> <span class='ocrx_word' id='word_1_672' title='bbox 1585 4404 1676 4458; x_wconf 90' lang='grc' dir='ltr'><strong>μοι</strong></span> <span class='ocrx_word' id='word_1_673' title='bbox 1726 4387 1864 4457; x_wconf 82' lang='grc' dir='ltr'>πρὸς</span> <span class='ocrx_word' id='word_1_674' title='bbox 1914 4386 1977 4440; x_wconf 80' lang='grc' dir='ltr'>τὸ</span> 
     </span>
    </p>
   </div>
   <div class='ocr_carea' id='block_1_90' title="bbox 2080 4374 3652 4458">
    <p class='ocr_par' dir='ltr' id='par_1_90' title="bbox 2080 4379 3652 4452">
     <span class='ocr_line' id='line_1_90' title="bbox 2080 4379 3652 4452; baseline -0.009 -7"><span class='ocrx_word' id='word_1_675' title='bbox 2080 4389 2259 4444; x_wconf 78' lang='lat' dir='ltr'><strong>modis</strong></span> <span class='ocrx_word' id='word_1_676' title='bbox 2284 4408 2298 4443; x_wconf 88' lang='lat'><strong>:</strong></span> <span class='ocrx_word' id='word_1_677' title='bbox 2327 4403 2452 4443; x_wconf 86' lang='lat' dir='ltr'><strong>nam</strong></span> <span class='ocrx_word' id='word_1_678' title='bbox 2478 4395 2535 4441; x_wconf 81' lang='lat' dir='ltr'><strong>et</strong></span> <span class='ocrx_word' id='word_1_679' title='bbox 2563 4393 2757 4438; x_wconf 88' lang='lat' dir='ltr'><strong>natura</strong></span> <span class='ocrx_word' id='word_1_680' title='bbox 2784 4382 2901 4452; x_wconf 89' lang='lat' dir='ltr'><strong>ipsa</strong></span> <span class='ocrx_word' id='word_1_681' title='bbox 2927 4394 3035 4443; x_wconf 91' lang='lat' dir='ltr'><strong>me,</strong></span> <span class='ocrx_word' id='word_1_682' title='bbox 3062 4387 3122 4433; x_wconf 91' lang='lat' dir='ltr'><strong>ut</strong></span> <span class='ocrx_word' id='word_1_683' title='bbox 3152 4394 3250 4448; x_wconf 88' lang='lat' dir='ltr'><strong>par</strong></span> <span class='ocrx_word' id='word_1_684' title='bbox 3277 4385 3384 4440; x_wconf 90' lang='lat' dir='ltr'><strong>est,</strong></span> <span class='ocrx_word' id='word_1_685' title='bbox 3413 4379 3478 4431; x_wconf 66' lang='lat' dir='ltr'><strong>all</strong></span> <span class='ocrx_word' id='word_1_686' title='bbox 3515 4391 3652 4432; x_wconf 76' lang='lat' dir='ltr'><strong>mce-</strong></span> 
     </span>
    </p>
   </div>
   <div class='ocr_carea' id='block_1_91' title="bbox 399 4476 1974 4553">
    <p class='ocr_par' dir='ltr' id='par_1_91' title="bbox 399 4476 1974 4553">
     <span class='ocr_line' id='line_1_91' title="bbox 399 4476 1974 4553; baseline 0.004 -28"><span class='ocrx_word' id='word_1_687' title='bbox 399 4477 719 4553; x_wconf 79' lang='grc' dir='ltr'>φαινόμενον</span> <span class='ocrx_word' id='word_1_688' title='bbox 751 4476 949 4548; x_wconf 71' lang='grc' dir='ltr'>ήψυχή</span> <span class='ocrx_word' id='word_1_689' title='bbox 973 4493 986 4506; x_wconf 86' lang='grc'><strong>·</strong></span> <span class='ocrx_word' id='word_1_690' title='bbox 1020 4479 1119 4549; x_wconf 84' lang='grc' dir='ltr'><strong>τῆς</strong></span> <span class='ocrx_word' id='word_1_691' title='bbox 1160 4478 1259 4547; x_wconf 84' lang='grc' dir='ltr'><strong>μὲν</strong></span> <span class='ocrx_word' id='word_1_692' title='bbox 1306 4477 1520 4547; x_wconf 83' lang='grc' dir='ltr'>φύσεως</span> <span class='ocrx_word' id='word_1_693' title='bbox 1546 4481 1624 4542; x_wconf 83' lang='grc' dir='ltr'><strong>είς</strong></span> <span class='ocrx_word' id='word_1_694' title='bbox 1653 4477 1974 4550; x_wconf 83' lang='grc' dir='ltr'>σκυθρωπό-</span> 
     </span>
    </p>
   </div>
   <div class='ocr_carea' id='block_1_92' title="bbox 396 4566 1974 4640">
    <p class='ocr_par' dir='ltr' id='par_1_92' title="bbox 396 4566 1974 4640">
     <span class='ocr_line' id='line_1_92' title="bbox 396 4566 1974 4640; baseline 0.005 -26"><span class='ocrx_word' id='word_1_695' title='bbox 396 4580 566 4634; x_wconf 82' lang='grc' dir='ltr'>τητα,</span> <span class='ocrx_word' id='word_1_696' title='bbox 614 4566 756 4620; x_wconf 88' lang='grc' dir='ltr'><strong>κατά</strong></span> <span class='ocrx_word' id='word_1_697' title='bbox 803 4567 863 4620; x_wconf 82' lang='grc' dir='ltr'>τὸ</span> <span class='ocrx_word' id='word_1_698' title='bbox 911 4568 1090 4632; x_wconf 77' lang='grc' dir='ltr'>εἰκὸς,</span> <span class='ocrx_word' id='word_1_699' title='bbox 1135 4568 1495 4640; x_wconf 86' lang='grc' dir='ltr'>βαρουμένης,</span> <span class='ocrx_word' id='word_1_700' title='bbox 1525 4568 1611 4622; x_wconf 80' lang='grc' dir='ltr'><strong>διὰ</strong></span> <span class='ocrx_word' id='word_1_701' title='bbox 1660 4567 1723 4621; x_wconf 86' lang='grc' dir='ltr'>τὺ</span> <span class='ocrx_word' id='word_1_702' title='bbox 1777 4569 1974 4640; x_wconf 82' lang='grc' dir='ltr'>μηκέτι</span> 
     </span>
    </p>
   </div>
   <div class='ocr_carea' id='block_1_93' title="bbox 398 4654 1972 4730">
    <p class='ocr_par' dir='ltr' id='par_1_93' title="bbox 398 4654 1972 4730">
     <span class='ocr_line' id='line_1_93' title="bbox 398 4654 1972 4730; baseline 0.004 -24"><span class='ocrx_word' id='word_1_703' title='bbox 398 4655 702 4727; x_wconf 79' lang='grc' dir='ltr'>προσδοκᾷν</span> <span class='ocrx_word' id='word_1_704' title='bbox 720 4657 819 4728; x_wconf 87' lang='grc' dir='ltr'><strong>τῆς</strong></span> <span class='ocrx_word' id='word_1_705' title='bbox 840 4659 1091 4730; x_wconf 87' lang='grc' dir='ltr'>τοιαύτης</span> <span class='ocrx_word' id='word_1_706' title='bbox 1113 4659 1295 4729; x_wconf 83' lang='grc' dir='ltr'>φωνῆς</span> <span class='ocrx_word' id='word_1_707' title='bbox 1318 4659 1411 4712; x_wconf 79' lang='grc' dir='ltr'>καὶ</span> <span class='ocrx_word' id='word_1_708' title='bbox 1434 4654 1588 4722; x_wconf 83' lang='grc' dir='ltr'>αὖθις</span> <span class='ocrx_word' id='word_1_709' title='bbox 1608 4659 1972 4725; x_wconf 84' lang='grc' dir='ltr'>ἀκούσεσθαι,</span> 
     </span>
    </p>
   </div>
   <div class='ocr_carea' id='block_1_94' title="bbox 397 4738 1975 4824">
    <p class='ocr_par' dir='ltr' id='par_1_94' title="bbox 397 4738 1975 4824">
     <span class='ocr_line' id='line_1_94' title="bbox 397 4738 1975 4824; baseline 0.003 -23"><span class='ocrx_word' id='word_1_710' title='bbox 397 4747 512 4801; x_wconf 82' lang='grc' dir='ltr'>ἀλλ’</span> <span class='ocrx_word' id='word_1_711' title='bbox 557 4750 679 4802; x_wconf 84' lang='grc' dir='ltr'>ὅσον</span> <span class='ocrx_word' id='word_1_712' title='bbox 734 4751 947 4805; x_wconf 85' lang='grc' dir='ltr'>οὐδέπω</span> <span class='ocrx_word' id='word_1_713' title='bbox 1003 4752 1062 4805; x_wconf 76' lang='grc' dir='ltr'>τὺ</span> <span class='ocrx_word' id='word_1_714' title='bbox 1108 4753 1284 4805; x_wconf 86' lang='grc' dir='ltr'>κοινὸν</span> <span class='ocrx_word' id='word_1_715' title='bbox 1330 4738 1589 4824; x_wconf 78' lang='grc' dir='ltr'>καύχημα</span> <span class='ocrx_word' id='word_1_716' title='bbox 1639 4755 1738 4824; x_wconf 81' lang='grc' dir='ltr'><strong>τῆς</strong></span> <span class='ocrx_word' id='word_1_717' title='bbox 1782 4754 1975 4822; x_wconf 83' lang='grc' dir='ltr'>γενεᾶς</span> 
     </span>
    </p>
   </div>
   <div class='ocr_carea' id='block_1_95' title="bbox 397 4838 1971 4914">
    <p class='ocr_par' dir='ltr' id='par_1_95' title="bbox 397 4838 1971 4914">
     <span class='ocr_line' id='line_1_95' title="bbox 397 4838 1971 4914; baseline 0.003 -22"><span class='ocrx_word' id='word_1_718' title='bbox 397 4838 637 4903; x_wconf 76' lang='grc' dir='ltr'>ἐλπίζειν</span> <span class='ocrx_word' id='word_1_719' title='bbox 696 4841 759 4893; x_wconf 85' lang='grc' dir='ltr'><strong>ἐκ</strong></span> <span class='ocrx_word' id='word_1_720' title='bbox 802 4840 895 4894; x_wconf 87' lang='grc' dir='ltr'><strong>τοῦ</strong></span> <span class='ocrx_word' id='word_1_721' title='bbox 957 4841 1298 4912; x_wconf 86' lang='grc' dir='ltr'>ἀνθρωπίνου</span> <span class='ocrx_word' id='word_1_722' title='bbox 1351 4842 1468 4913; x_wconf 82' lang='grc' dir='ltr'>βίου</span> <span class='ocrx_word' id='word_1_723' title='bbox 1515 4843 1971 4914; x_wconf 77' lang='grc' dir='ltr'>μεταστήσεσθαιο</span> 
     </span>
    </p>
   </div>
   <div class='ocr_carea' id='block_1_96' title="bbox 351 4927 1972 5005">
    <p class='ocr_par' dir='ltr' id='par_1_96' title="bbox 351 4927 1972 5005">
     <span class='ocr_line' id='line_1_96' title="bbox 351 4927 1972 5005; baseline 0.002 -21"><span class='ocrx_word' id='word_1_724' title='bbox 351 4976 356 4992; x_wconf 88' lang='grc'><strong>,</strong></span> <span class='ocrx_word' id='word_1_725' title='bbox 397 4932 495 5002; x_wconf 79' lang='grc' dir='ltr'><strong>τῆς</strong></span> <span class='ocrx_word' id='word_1_726' title='bbox 527 4931 594 4984; x_wconf 75' lang='grc' dir='ltr'>δὲ·</span> <span class='ocrx_word' id='word_1_727' title='bbox 615 4931 814 5002; x_wconf 77' lang='grc' dir='ltr'>ψυχῆς,</span> <span class='ocrx_word' id='word_1_728' title='bbox 853 4927 964 4986; x_wconf 74' lang='grc' dir='ltr'>οἷον</span> <span class='ocrx_word' id='word_1_729' title='bbox 992 4933 1353 5004; x_wconf 82' lang='grc' dir='ltr'>ἐνθουσιὼσης</span> <span class='ocrx_word' id='word_1_730' title='bbox 1383 4937 1447 4988; x_wconf 87' lang='grc' dir='ltr'><strong>ἐκ</strong></span> <span class='ocrx_word' id='word_1_731' title='bbox 1469 4933 1578 4988; x_wconf 90' lang='grc' dir='ltr'><strong>τῶν</strong></span> <span class='ocrx_word' id='word_1_732' title='bbox 1611 4935 1972 5005; x_wconf 82' lang='grc' dir='ltr'>φαινομένων,</span> 
     </span>
    </p>
   </div>
   <div class='ocr_carea' id='block_1_97' title="bbox 397 5020 1972 5095">
    <p class='ocr_par' dir='ltr' id='par_1_97' title="bbox 397 5020 1972 5095">
     <span class='ocr_line' id='line_1_97' title="bbox 397 5020 1972 5095; baseline 0.003 -21"><span class='ocrx_word' id='word_1_733' title='bbox 397 5022 491 5074; x_wconf 71' lang='grc' dir='ltr'><strong>καὶ</strong></span> <span class='ocrx_word' id='word_1_734' title='bbox 516 5020 684 5086; x_wconf 80' lang='grc' dir='ltr'>ὄντως</span> <span class='ocrx_word' id='word_1_735' title='bbox 709 5022 1067 5094; x_wconf 76' lang='grc' dir='ltr'>ἐκϐεϐηκέναι</span> <span class='ocrx_word' id='word_1_736' title='bbox 1096 5023 1194 5095; x_wconf 86' lang='grc' dir='ltr'>τὴν</span> <span class='ocrx_word' id='word_1_737' title='bbox 1218 5023 1403 5094; x_wconf 81' lang='grc' dir='ltr'>κοινὴν</span> <span class='ocrx_word' id='word_1_738' title='bbox 1429 5024 1592 5094; x_wconf 87' lang='grc' dir='ltr'>φύσιν</span> <span class='ocrx_word' id='word_1_739' title='bbox 1618 5024 1972 5094; x_wconf 83' lang='grc' dir='ltr'>ὐπονοούσης.</span> 
     </span>
    </p>
   </div>
   <div class='ocr_carea' id='block_1_98' title="bbox 397 5110 1975 5185">
    <p class='ocr_par' dir='ltr' id='par_1_98' title="bbox 397 5110 1975 5185">
     <span class='ocr_line' id='line_1_98' title="bbox 397 5110 1975 5185; baseline 0.003 -21"><span class='ocrx_word' id='word_1_740' title='bbox 397 5112 482 5165; x_wconf 79' lang='grc' dir='ltr'>Τδ·</span> <span class='ocrx_word' id='word_1_741' title='bbox 501 5111 608 5184; x_wconf 83' lang='grc' dir='ltr'>γὰρ</span> <span class='ocrx_word' id='word_1_742' title='bbox 657 5113 793 5184; x_wconf 86' lang='grc' dir='ltr'><strong>μηδέ</strong></span> <span class='ocrx_word' id='word_1_743' title='bbox 843 5115 903 5168; x_wconf 87' lang='grc' dir='ltr'><strong>ἐν</strong></span> <span class='ocrx_word' id='word_1_744' title='bbox 939 5115 1197 5185; x_wconf 83' lang='grc' dir='ltr'>ἐσχάταις</span> <span class='ocrx_word' id='word_1_745' title='bbox 1239 5115 1533 5179; x_wconf 78' lang='grc' dir='ltr'>ἀναπνοαῖς</span> <span class='ocrx_word' id='word_1_746' title='bbox 1568 5110 1736 5169; x_wconf 82' lang='grc' dir='ltr'>οὖσαν</span> <span class='ocrx_word' id='word_1_747' title='bbox 1781 5114 1975 5169; x_wconf 81' lang='grc' dir='ltr'>παθεῖν</span> 
     </span>
    </p>
   </div>
   <div class='ocr_carea' id='block_1_99' title="bbox 394 5201 1976 5278">
    <p class='ocr_par' dir='ltr' id='par_1_99' title="bbox 394 5201 1976 5278">
     <span class='ocr_line' id='line_1_99' title="bbox 394 5201 1976 5278; baseline 0.002 -24"><span class='ocrx_word' id='word_1_748' title='bbox 394 5218 517 5256; x_wconf 69' lang='grc' dir='ltr'>τινα</span> <span class='ocrx_word' id='word_1_749' title='bbox 561 5201 768 5268; x_wconf 81' lang='grc' dir='ltr'>ξενικὸν</span> <span class='ocrx_word' id='word_1_750' title='bbox 804 5205 897 5260; x_wconf 78' lang='grc' dir='ltr'>ἐπὶ</span> <span class='ocrx_word' id='word_1_751' title='bbox 929 5208 993 5277; x_wconf 83' lang='grc' dir='ltr'>τῇ</span> <span class='ocrx_word' id='word_1_752' title='bbox 1044 5206 1221 5261; x_wconf 88' lang='grc' dir='ltr'>ἐλπίδι</span> <span class='ocrx_word' id='word_1_753' title='bbox 1253 5206 1355 5276; x_wconf 88' lang='grc' dir='ltr'><strong>τῆς</strong></span> <span class='ocrx_word' id='word_1_754' title='bbox 1386 5205 1800 5278; x_wconf 76' lang='grc' dir='ltr'>μεταστάσεως,</span> <span class='ocrx_word' id='word_1_755' title='bbox 1837 5205 1976 5276; x_wconf 81' lang='grc' dir='ltr'>μηδὲ</span> 
     </span>
    </p>
   </div>
   <div class='ocr_carea' id='block_1_100' title="bbox 395 5290 1970 5368">
    <p class='ocr_par' dir='ltr' id='par_1_100' title="bbox 395 5290 1970 5368">
     <span class='ocr_line' id='line_1_100' title="bbox 395 5290 1970 5368; baseline 0.006 -27"><span class='ocrx_word' id='word_1_756' title='bbox 395 5290 662 5346; x_wconf 78' lang='grc' dir='ltr'>δειλιάσαι</span> <span class='ocrx_word' id='word_1_757' title='bbox 696 5293 833 5364; x_wconf 81' lang='grc' dir='ltr'>πρὸς</span> <span class='ocrx_word' id='word_1_758' title='bbox 872 5294 964 5348; x_wconf 80' lang='grc' dir='ltr'><strong>τὸν</strong></span> <span class='ocrx_word' id='word_1_759' title='bbox 992 5296 1266 5366; x_wconf 84' lang='grc' dir='ltr'>χωρισμὸν</span> <span class='ocrx_word' id='word_1_760' title='bbox 1309 5297 1408 5368; x_wconf 89' lang='grc' dir='ltr'><strong>τῆς</strong></span> <span class='ocrx_word' id='word_1_761' title='bbox 1449 5296 1612 5366; x_wconf 80' lang='grc' dir='ltr'>ζωῆς,</span> <span class='ocrx_word' id='word_1_762' title='bbox 1644 5297 1758 5350; x_wconf 89' lang='grc' dir='ltr'>ἀλλ’</span> <span class='ocrx_word' id='word_1_763' title='bbox 1793 5295 1970 5366; x_wconf 77' lang='grc' dir='ltr'>ὑψηλῇ</span> 
     </span>
    </p>
   </div>
   <div class='ocr_carea' id='block_1_101' title="bbox 395 5383 1972 5460">
    <p class='ocr_par' dir='ltr' id='par_1_101' title="bbox 395 5383 1972 5460">
     <span class='ocr_line' id='line_1_101' title="bbox 395 5383 1972 5460; baseline 0.003 -24"><span class='ocrx_word' id='word_1_764' title='bbox 395 5385 472 5454; x_wconf 75' lang='grc' dir='ltr'>τῇ</span> <span class='ocrx_word' id='word_1_765' title='bbox 494 5383 702 5456; x_wconf 79' lang='grc' dir='ltr'>διανοίᾳ</span> <span class='ocrx_word' id='word_1_766' title='bbox 745 5389 858 5451; x_wconf 87' lang='grc' dir='ltr'>τοῖς</span> <span class='ocrx_word' id='word_1_767' title='bbox 909 5386 967 5454; x_wconf 84' lang='grc' dir='ltr'><strong>ἐξ</strong></span> <span class='ocrx_word' id='word_1_768' title='bbox 997 5388 1171 5459; x_wconf 86' lang='grc' dir='ltr'>ἀρχῆς</span> <span class='ocrx_word' id='word_1_769' title='bbox 1201 5388 1338 5457; x_wconf 87' lang='grc' dir='ltr'>αὐτῇ</span> <span class='ocrx_word' id='word_1_770' title='bbox 1391 5391 1520 5460; x_wconf 76' lang='grc' dir='ltr'>περὶ</span> <span class='ocrx_word' id='word_1_771' title='bbox 1571 5387 1670 5442; x_wconf 81' lang='grc' dir='ltr'><strong>τοῦ</strong></span> <span class='ocrx_word' id='word_1_772' title='bbox 1697 5387 1824 5458; x_wconf 81' lang='grc' dir='ltr'>τῇδε</span> <span class='ocrx_word' id='word_1_773' title='bbox 1856 5387 1972 5456; x_wconf 86' lang='grc' dir='ltr'>βίου</span> 
     </span>
    </p>
   </div>
   <div class='ocr_carea' id='block_1_102' title="bbox 395 5472 1975 5547">
    <p class='ocr_par' dir='ltr' id='par_1_102' title="bbox 395 5472 1975 5547">
     <span class='ocr_line' id='line_1_102' title="bbox 395 5472 1975 5547; baseline 0.005 -24"><span class='ocrx_word' id='word_1_774' title='bbox 395 5472 742 5542; x_wconf 82' lang='grc' dir='ltr'>κεκριμένοις</span> <span class='ocrx_word' id='word_1_775' title='bbox 804 5477 965 5546; x_wconf 84' lang='grc' dir='ltr'>μέχρι</span> <span class='ocrx_word' id='word_1_776' title='bbox 1003 5478 1100 5546; x_wconf 86' lang='grc' dir='ltr'><strong>τῆς</strong></span> <span class='ocrx_word' id='word_1_777' title='bbox 1139 5477 1374 5547; x_wconf 81' lang='grc' dir='ltr'>ἐσχάτης</span> <span class='ocrx_word' id='word_1_778' title='bbox 1419 5477 1800 5547; x_wconf 82' lang='grc' dir='ltr'>ὲμφιλοσοφεῖν</span> <span class='ocrx_word' id='word_1_779' title='bbox 1844 5479 1975 5531; x_wconf 84' lang='grc' dir='ltr'>ἀνα·</span> 
     </span>
    </p>
   </div>
   <div class='ocr_carea' id='block_1_103' title="bbox 397 5563 1993 5637">
    <p class='ocr_par' dir='ltr' id='par_1_103' title="bbox 397 5563 1993 5637">
     <span class='ocr_line' id='line_1_103' title="bbox 397 5563 1993 5637; baseline 0.006 -24"><span class='ocrx_word' id='word_1_780' title='bbox 397 5563 584 5634; x_wconf 56' lang='grc' dir='ltr'>φωνῆς,</span> <span class='ocrx_word' id='word_1_781' title='bbox 615 5565 797 5620; x_wconf 83' lang='grc' dir='ltr'>οὐκέτι</span> <span class='ocrx_word' id='word_1_782' title='bbox 829 5585 920 5636; x_wconf 91' lang='grc' dir='ltr'><strong>μοι</strong></span> <span class='ocrx_word' id='word_1_783' title='bbox 946 5569 1119 5623; x_wconf 83' lang='grc' dir='ltr'>ἐδόκει</span> <span class='ocrx_word' id='word_1_784' title='bbox 1145 5568 1258 5622; x_wconf 88' lang='grc' dir='ltr'><strong>τῶν</strong></span> <span class='ocrx_word' id='word_1_785' title='bbox 1275 5568 1628 5637; x_wconf 81' lang='grc' dir='ltr'>ἀνθρωπίνων</span> <span class='ocrx_word' id='word_1_786' title='bbox 1659 5565 1825 5622; x_wconf 77' lang='grc' dir='ltr'>εἶναι·</span> <span class='ocrx_word' id='word_1_787' title='bbox 1856 5569 1993 5623; x_wconf 74' lang='grc' dir='ltr'><strong>ἀλλ’⁴</strong></span> 
     </span>
    </p>
   </div>
   <div class='ocr_carea' id='block_1_104' title="bbox 395 5647 1972 5733">
    <p class='ocr_par' dir='ltr' id='par_1_104' title="bbox 395 5647 1972 5733">
     <span class='ocr_line' id='line_1_104' title="bbox 395 5647 1972 5733; baseline 0.005 -27"><span class='ocrx_word' id='word_1_788' title='bbox 395 5647 506 5708; x_wconf 71' lang='grc' dir='ltr'>οἷον</span> <span class='ocrx_word' id='word_1_789' title='bbox 544 5657 776 5726; x_wconf 84' lang='grc' dir='ltr'>ἀγγέλου</span> <span class='ocrx_word' id='word_1_790' title='bbox 810 5660 980 5729; x_wconf 82' lang='grc' dir='ltr'>τινὸς,</span> <span class='ocrx_word' id='word_1_791' title='bbox 1012 5661 1366 5733; x_wconf 86' lang='grc' dir='ltr'>οἰκονομικῶς</span> <span class='ocrx_word' id='word_1_792' title='bbox 1408 5659 1752 5733; x_wconf 87' lang='grc' dir='ltr'>ἀνθρωπίνην</span> <span class='ocrx_word' id='word_1_793' title='bbox 1808 5660 1972 5714; x_wconf 82' lang='grc' dir='ltr'>ὐπελ-</span> 
     </span>
    </p>
   </div>
   <div class='ocr_carea' id='block_1_105' title="bbox 2079 4469 3654 4547">
    <p class='ocr_par' dir='ltr' id='par_1_105' title="bbox 2079 4469 3654 4547">
     <span class='ocr_line' id='line_1_105' title="bbox 2079 4469 3654 4547; baseline -0.005 -14"><span class='ocrx_word' id='word_1_794' title='bbox 2079 4480 2283 4534; x_wconf 78' lang='lat' dir='ltr'><strong>stitiam</strong></span> <span class='ocrx_word' id='word_1_795' title='bbox 2313 4476 2642 4547; x_wconf 88' lang='lat' dir='ltr'><strong>impellebat,-</strong></span> <span class='ocrx_word' id='word_1_796' title='bbox 2671 4489 2795 4528; x_wconf 89' lang='lat' dir='ltr'><strong>cum</strong></span> <span class='ocrx_word' id='word_1_797' title='bbox 2832 4487 2941 4526; x_wconf 92' lang='lat' dir='ltr'><strong>non</strong></span> <span class='ocrx_word' id='word_1_798' title='bbox 2982 4485 3261 4540; x_wconf 90' lang='lat' dir='ltr'><strong>sperarem</strong></span> <span class='ocrx_word' id='word_1_799' title='bbox 3297 4469 3536 4539; x_wconf 89' lang='lat' dir='ltr'><strong>amplius</strong></span> <span class='ocrx_word' id='word_1_800' title='bbox 3565 4485 3654 4526; x_wconf 88' lang='lat' dir='ltr'><strong>me</strong></span> 
     </span>
    </p>
   </div>
   <div class='ocr_carea' id='block_1_106' title="bbox 2077 4562 3652 4632">
    <p class='ocr_par' dir='ltr' id='par_1_106' title="bbox 2077 4562 3652 4632">
     <span class='ocr_line' id='line_1_106' title="bbox 2077 4562 3652 4632; baseline -0.004 -8"><span class='ocrx_word' id='word_1_801' title='bbox 2077 4571 2239 4625; x_wconf 90' lang='lat' dir='ltr'><strong>talem</strong></span> <span class='ocrx_word' id='word_1_802' title='bbox 2286 4583 2475 4623; x_wconf 89' lang='lat' dir='ltr'><strong>vocem</strong></span> <span class='ocrx_word' id='word_1_803' title='bbox 2521 4566 2856 4630; x_wconf 89' lang='lat' dir='ltr'><strong>auditurum,</strong></span> <span class='ocrx_word' id='word_1_804' title='bbox 2906 4562 3000 4619; x_wconf 89' lang='lat' dir='ltr'><strong>sed</strong></span> <span class='ocrx_word' id='word_1_805' title='bbox 3044 4562 3452 4632; x_wconf 86' lang='lat' dir='ltr'><strong>quamprimum</strong></span> <span class='ocrx_word' id='word_1_806' title='bbox 3500 4577 3652 4618; x_wconf 84' lang='lat' dir='ltr'><strong>com-</strong></span> 
     </span>
    </p>
   </div>
   <div class='ocr_carea' id='block_1_107' title="bbox 2076 4653 3652 4729">
    <p class='ocr_par' dir='ltr' id='par_1_107' title="bbox 2076 4653 3652 4729">
     <span class='ocr_line' id='line_1_107' title="bbox 2076 4653 3652 4729; baseline -0.003 -17"><span class='ocrx_word' id='word_1_807' title='bbox 2076 4673 2298 4714; x_wconf 90' lang='lat' dir='ltr'><strong>munem</strong></span> <span class='ocrx_word' id='word_1_808' title='bbox 2324 4657 2554 4729; x_wconf 82' lang='lat' dir='ltr'><strong>gloriam</strong></span> <span class='ocrx_word' id='word_1_809' title='bbox 2585 4655 2764 4711; x_wconf 83' lang='lat' dir='ltr'><strong>nostri</strong></span> <span class='ocrx_word' id='word_1_810' title='bbox 2791 4653 3008 4724; x_wconf 84' lang='lat' dir='ltr'><strong>generis</strong></span> <span class='ocrx_word' id='word_1_811' title='bbox 3047 4669 3114 4708; x_wconf 80' lang='lat' dir='ltr'><strong>ex</strong></span> <span class='ocrx_word' id='word_1_812' title='bbox 3145 4653 3384 4707; x_wconf 88' lang='lat' dir='ltr'><strong>lnnnana</strong></span> <span class='ocrx_word' id='word_1_813' title='bbox 3407 4654 3520 4708; x_wconf 86' lang='lat' dir='ltr'><strong>vita</strong></span> <span class='ocrx_word' id='word_1_814' title='bbox 3549 4653 3652 4707; x_wconf 87' lang='lat' dir='ltr'><strong>mi-</strong></span> 
     </span>
    </p>
   </div>
   <div class='ocr_carea' id='block_1_108' title="bbox 2075 4745 3649 4819">
    <p class='ocr_par' dir='ltr' id='par_1_108' title="bbox 2075 4745 3649 4819">
     <span class='ocr_line' id='line_1_108' title="bbox 2075 4745 3649 4819; baseline -0.003 -17"><span class='ocrx_word' id='word_1_815' title='bbox 2075 4756 2354 4819; x_wconf 86' lang='lat' dir='ltr'><strong>graturam</strong></span> <span class='ocrx_word' id='word_1_816' title='bbox 2408 4757 2684 4817; x_wconf 76' lang='lat' dir='ltr'><strong>putarem,</strong></span> <span class='ocrx_word' id='word_1_817' title='bbox 2739 4755 2794 4801; x_wconf 89' lang='lat' dir='ltr'><strong>et</strong></span> <span class='ocrx_word' id='word_1_818' title='bbox 2846 4761 3002 4802; x_wconf 89' lang='lat' dir='ltr'><strong>mens</strong></span> <span class='ocrx_word' id='word_1_819' title='bbox 3043 4761 3106 4801; x_wconf 79' lang='lat' dir='ltr'><strong>ex</strong></span> <span class='ocrx_word' id='word_1_820' title='bbox 3140 4745 3223 4802; x_wconf 91' lang='lat' dir='ltr'><strong>eis</strong></span> <span class='ocrx_word' id='word_1_821' title='bbox 3251 4761 3374 4814; x_wconf 67' lang='lat' dir='ltr'><strong>quas</strong></span> <span class='ocrx_word' id='word_1_822' title='bbox 3411 4745 3649 4810; x_wconf 82' lang='lat' dir='ltr'><strong>videbat,</strong></span> 
     </span>
    </p>
   </div>
   <div class='ocr_carea' id='block_1_109' title="bbox 2075 4836 3653 4906">
    <p class='ocr_par' dir='ltr' id='par_1_109' title="bbox 2075 4836 3653 4906">
     <span class='ocr_line' id='line_1_109' title="bbox 2075 4836 3653 4906; baseline -0.003 -13"><span class='ocrx_word' id='word_1_823' title='bbox 2075 4846 2196 4893; x_wconf 90' lang='lat' dir='ltr'><strong>erat</strong></span> <span class='ocrx_word' id='word_1_824' title='bbox 2226 4845 2482 4906; x_wconf 89' lang='lat' dir='ltr'><strong>tanquam</strong></span> <span class='ocrx_word' id='word_1_825' title='bbox 2515 4838 2742 4892; x_wconf 81' lang='lat' dir='ltr'><strong>ritunine</strong></span> <span class='ocrx_word' id='word_1_826' title='bbox 2765 4836 2966 4900; x_wconf 77' lang='lat' dir='ltr'><strong>alilata,</strong></span> <span class='ocrx_word' id='word_1_827' title='bbox 3001 4851 3232 4905; x_wconf 88' lang='lat' dir='ltr'><strong>eamque</strong></span> <span class='ocrx_word' id='word_1_828' title='bbox 3263 4851 3386 4890; x_wconf 88' lang='lat' dir='ltr'><strong>vere</strong></span> <span class='ocrx_word' id='word_1_829' title='bbox 3407 4851 3470 4889; x_wconf 82' lang='lat' dir='ltr'><strong>ex</strong></span> <span class='ocrx_word' id='word_1_830' title='bbox 3501 4849 3653 4889; x_wconf 86' lang='lat' dir='ltr'><strong>com-</strong></span> 
     </span>
    </p>
   </div>
   <div class='ocr_carea' id='block_1_110' title="bbox 2077 4927 3648 4986">
    <p class='ocr_par' dir='ltr' id='par_1_110' title="bbox 2077 4927 3648 4986">
     <span class='ocr_line' id='line_1_110' title="bbox 2077 4927 3648 4986; baseline -0.003 -1"><span class='ocrx_word' id='word_1_831' title='bbox 2077 4931 2230 4986; x_wconf 90' lang='lat' dir='ltr'><strong>muni</strong></span> <span class='ocrx_word' id='word_1_832' title='bbox 2272 4938 2472 4985; x_wconf 82' lang='lat' dir='ltr'><strong>natura</strong></span> <span class='ocrx_word' id='word_1_833' title='bbox 2500 4930 2808 4986; x_wconf 72' lang='lat' dir='ltr'><strong>excessisse</strong></span> <span class='ocrx_word' id='word_1_834' title='bbox 2842 4929 3236 4984; x_wconf 88' lang='lat' dir='ltr'><strong>arbitrabatur.</strong></span> <span class='ocrx_word' id='word_1_835' title='bbox 3264 4927 3477 4982; x_wconf 84' lang='lat' dir='ltr'><strong>Etenim</strong></span> <span class='ocrx_word' id='word_1_836' title='bbox 3522 4941 3648 4980; x_wconf 86' lang='lat' dir='ltr'><strong>cum</strong></span> 
     </span>
    </p>
   </div>
   <div class='ocr_carea' id='block_1_111' title="bbox 2075 5017 3648 5091">
    <p class='ocr_par' dir='ltr' id='par_1_111' title="bbox 2075 5017 3648 5091">
     <span class='ocr_line' id='line_1_111' title="bbox 2075 5017 3648 5091; baseline -0.003 -13"><span class='ocrx_word' id='word_1_837' title='bbox 2075 5031 2379 5078; x_wconf 81' lang='lat' dir='ltr'><strong>extremum</strong></span> <span class='ocrx_word' id='word_1_838' title='bbox 2401 5026 2524 5077; x_wconf 64' lang='lat' dir='ltr'><strong>vitae</strong></span> <span class='ocrx_word' id='word_1_839' title='bbox 2552 5022 2808 5091; x_wconf 89' lang='lat' dir='ltr'><strong>spiritum</strong></span> <span class='ocrx_word' id='word_1_840' title='bbox 2831 5021 3078 5086; x_wconf 89' lang='lat' dir='ltr'><strong>duceret,</strong></span> <span class='ocrx_word' id='word_1_841' title='bbox 3109 5021 3166 5074; x_wconf 88' lang='lat' dir='ltr'><strong>in</strong></span> <span class='ocrx_word' id='word_1_842' title='bbox 3185 5035 3282 5090; x_wconf 86' lang='lat' dir='ltr'><strong>spe</strong></span> <span class='ocrx_word' id='word_1_843' title='bbox 3303 5017 3648 5089; x_wconf 80' lang='lat' dir='ltr'><strong>migrationis</strong></span> 
     </span>
    </p>
   </div>
   <div class='ocr_carea' id='block_1_112' title="bbox 2076 5111 3647 5182">
    <p class='ocr_par' dir='ltr' id='par_1_112' title="bbox 2076 5111 3647 5182">
     <span class='ocr_line' id='line_1_112' title="bbox 2076 5111 3647 5182; baseline -0.001 -13"><span class='ocrx_word' id='word_1_844' title='bbox 2076 5114 2216 5169; x_wconf 89' lang='lat' dir='ltr'><strong>nihil</strong></span> <span class='ocrx_word' id='word_1_845' title='bbox 2259 5115 2386 5170; x_wconf 92' lang='lat' dir='ltr'><strong>novi</strong></span> <span class='ocrx_word' id='word_1_846' title='bbox 2433 5115 2662 5176; x_wconf 90' lang='lat' dir='ltr'><strong>sentire,</strong></span> <span class='ocrx_word' id='word_1_847' title='bbox 2694 5129 2793 5168; x_wconf 91' lang='lat' dir='ltr'><strong>nec</strong></span> <span class='ocrx_word' id='word_1_848' title='bbox 2827 5114 3020 5168; x_wconf 90' lang='lat' dir='ltr'><strong>timere</strong></span> <span class='ocrx_word' id='word_1_849' title='bbox 3049 5112 3106 5167; x_wconf 93' lang='lat' dir='ltr'><strong>in</strong></span> <span class='ocrx_word' id='word_1_850' title='bbox 3161 5112 3432 5182; x_wconf 69' lang='lat' dir='ltr'><strong>ipso-vita:</strong></span> <span class='ocrx_word' id='word_1_851' title='bbox 3459 5111 3647 5167; x_wconf 77' lang='lat' dir='ltr'><strong>exitu:</strong></span> 
     </span>
    </p>
   </div>
   <div class='ocr_carea' id='block_1_113' title="bbox 2076 5201 3648 5274">
    <p class='ocr_par' dir='ltr' id='par_1_113' title="bbox 2076 5201 3648 5274">
     <span class='ocr_line' id='line_1_113' title="bbox 2076 5201 3648 5274; baseline -0.004 -12"><span class='ocrx_word' id='word_1_852' title='bbox 2076 5205 2170 5263; x_wconf 89' lang='lat' dir='ltr'><strong>sed</strong></span> <span class='ocrx_word' id='word_1_853' title='bbox 2199 5207 2384 5262; x_wconf 91' lang='lat' dir='ltr'><strong>animo</strong></span> <span class='ocrx_word' id='word_1_854' title='bbox 2424 5207 2644 5262; x_wconf 76' lang='lat' dir='ltr'><strong>excelso</strong></span> <span class='ocrx_word' id='word_1_855' title='bbox 2691 5206 2761 5261; x_wconf 88' lang='lat' dir='ltr'><strong>de</strong></span> <span class='ocrx_word' id='word_1_856' title='bbox 2806 5205 2910 5260; x_wconf 89' lang='lat' dir='ltr'><strong>hac</strong></span> <span class='ocrx_word' id='word_1_857' title='bbox 2941 5206 3050 5260; x_wconf 88' lang='lat' dir='ltr'><strong>vita</strong></span> <span class='ocrx_word' id='word_1_858' title='bbox 3073 5203 3434 5274; x_wconf 84' lang='lat' dir='ltr'><strong>judicantem,</strong></span> <span class='ocrx_word' id='word_1_859' title='bbox 3465 5201 3648 5274; x_wconf 85' lang='lat' dir='ltr'><strong>quoad</strong></span> 
     </span>
    </p>
   </div>
   <div class='ocr_carea' id='block_1_114' title="bbox 2076 5291 3647 5367">
    <p class='ocr_par' dir='ltr' id='par_1_114' title="bbox 2076 5291 3647 5367">
     <span class='ocr_line' id='line_1_114' title="bbox 2076 5291 3647 5367; baseline -0.003 -15"><span class='ocrx_word' id='word_1_860' title='bbox 2076 5297 2314 5352; x_wconf 90' lang='lat' dir='ltr'><strong>animam</strong></span> <span class='ocrx_word' id='word_1_861' title='bbox 2360 5305 2585 5367; x_wconf 88' lang='lat' dir='ltr'><strong>ageret;</strong></span> <span class='ocrx_word' id='word_1_862' title='bbox 2638 5294 3037 5364; x_wconf 81' lang='lat' dir='ltr'><strong>philosophari,</strong></span> <span class='ocrx_word' id='word_1_863' title='bbox 3086 5292 3220 5347; x_wconf 91' lang='lat' dir='ltr'><strong>mihi</strong></span> <span class='ocrx_word' id='word_1_864' title='bbox 3268 5306 3378 5346; x_wconf 86' lang='lat' dir='ltr'><strong>non</strong></span> <span class='ocrx_word' id='word_1_865' title='bbox 3406 5291 3647 5347; x_wconf 83' lang='lat' dir='ltr'><strong>hominis</strong></span> 
     </span>
    </p>
   </div>
   <div class='ocr_carea' id='block_1_115' title="bbox 2077 5381 3646 5454">
    <p class='ocr_par' dir='ltr' id='par_1_115' title="bbox 2077 5381 3646 5454">
     <span class='ocr_line' id='line_1_115' title="bbox 2077 5381 3646 5454; baseline -0.002 -17"><span class='ocrx_word' id='word_1_866' title='bbox 2077 5385 2310 5454; x_wconf 84' lang='lat' dir='ltr'><strong>amplius</strong></span> <span class='ocrx_word' id='word_1_867' title='bbox 2331 5384 2636 5446; x_wconf 81' lang='lat' dir='ltr'><strong>videbatur,</strong></span> <span class='ocrx_word' id='word_1_868' title='bbox 2670 5385 2765 5438; x_wconf 87' lang='lat' dir='ltr'><strong>sed</strong></span> <span class='ocrx_word' id='word_1_869' title='bbox 2797 5381 3084 5452; x_wconf 84' lang='lat' dir='ltr'><strong>cujusdam</strong></span> <span class='ocrx_word' id='word_1_870' title='bbox 3113 5382 3312 5452; x_wconf 74' lang='lat' dir='ltr'><strong>angeli,</strong></span> <span class='ocrx_word' id='word_1_871' title='bbox 3343 5381 3436 5452; x_wconf 80' lang='lat' dir='ltr'><strong>qui</strong></span> <span class='ocrx_word' id='word_1_872' title='bbox 3460 5382 3646 5437; x_wconf 89' lang='lat' dir='ltr'><strong>divina</strong></span> 
     </span>
    </p>
   </div>
   <div class='ocr_carea' id='block_1_116' title="bbox 2076 5472 3645 5547">
    <p class='ocr_par' dir='ltr' id='par_1_116' title="bbox 2076 5472 3645 5547">
     <span class='ocr_line' id='line_1_116' title="bbox 2076 5472 3645 5547; baseline -0.004 -17"><span class='ocrx_word' id='word_1_873' title='bbox 2076 5476 2412 5547; x_wconf 86' lang='lat' dir='ltr'><strong>providentia</strong></span> <span class='ocrx_word' id='word_1_874' title='bbox 2445 5473 2675 5530; x_wconf 80' lang='lat' dir='ltr'><strong>formam</strong></span> <span class='ocrx_word' id='word_1_875' title='bbox 2728 5475 2994 5530; x_wconf 86' lang='lat' dir='ltr'><strong>subiisset</strong></span> <span class='ocrx_word' id='word_1_876' title='bbox 3026 5473 3346 5538; x_wconf 72' lang='lat' dir='ltr'><strong>humanam,</strong></span> <span class='ocrx_word' id='word_1_877' title='bbox 3387 5487 3489 5528; x_wconf 88' lang='lat' dir='ltr'><strong>nee</strong></span> <span class='ocrx_word' id='word_1_878' title='bbox 3535 5472 3645 5525; x_wconf 86' lang='lat' dir='ltr'><strong>ulla</strong></span> 
     </span>
    </p>
   </div>
   <div class='ocr_carea' id='block_1_117' title="bbox 2076 5561 3644 5639">
    <p class='ocr_par' dir='ltr' id='par_1_117' title="bbox 2076 5561 3644 5639">
     <span class='ocr_line' id='line_1_117' title="bbox 2076 5561 3644 5639; baseline -0.004 -16"><span class='ocrx_word' id='word_1_879' title='bbox 2076 5567 2400 5639; x_wconf 84' lang='lat' dir='ltr'><strong>cognatione</strong></span> <span class='ocrx_word' id='word_1_880' title='bbox 2428 5575 2524 5622; x_wconf 81' lang='lat' dir='ltr'><strong>aut</strong></span> <span class='ocrx_word' id='word_1_881' title='bbox 2554 5565 2963 5622; x_wconf 88' lang='lat' dir='ltr'><strong>necessitudine</strong></span> <span class='ocrx_word' id='word_1_882' title='bbox 2992 5579 3118 5620; x_wconf 83' lang='lat' dir='ltr'><strong>cum</strong></span> <span class='ocrx_word' id='word_1_883' title='bbox 3151 5565 3252 5620; x_wconf 88' lang='lat' dir='ltr'><strong>hac</strong></span> <span class='ocrx_word' id='word_1_884' title='bbox 3282 5563 3395 5618; x_wconf 85' lang='lat' dir='ltr'><strong>vita</strong></span> <span class='ocrx_word' id='word_1_885' title='bbox 3424 5561 3644 5618; x_wconf 89' lang='lat' dir='ltr'><strong>mortali</strong></span> 
     </span>
    </p>
   </div>
   <div class='ocr_carea' id='block_1_118' title="bbox 2076 5651 3645 5729">
    <p class='ocr_par' dir='ltr' id='par_1_118' title="bbox 2076 5651 3645 5729">
     <span class='ocr_line' id='line_1_118' title="bbox 2076 5651 3645 5729; baseline -0.007 -13"><span class='ocrx_word' id='word_1_886' title='bbox 2076 5659 2404 5729; x_wconf 79' lang='lat' dir='ltr'><strong>coniunctus</strong></span> <span class='ocrx_word' id='word_1_887' title='bbox 2436 5668 2604 5725; x_wconf 91' lang='lat' dir='ltr'><strong>esset,</strong></span> <span class='ocrx_word' id='word_1_888' title='bbox 2634 5667 2797 5727; x_wconf 87' lang='lat' dir='ltr'><strong>atque</strong></span> <span class='ocrx_word' id='word_1_889' title='bbox 2827 5657 2906 5712; x_wconf 87' lang='lat' dir='ltr'><strong>ita.</strong></span> <span class='ocrx_word' id='word_1_890' title='bbox 2937 5657 3072 5712; x_wconf 79' lang='lat' dir='ltr'><strong>nihil</strong></span> <span class='ocrx_word' id='word_1_891' title='bbox 3098 5656 3416 5713; x_wconf 88' lang='lat' dir='ltr'><strong>indecorum</strong></span> <span class='ocrx_word' id='word_1_892' title='bbox 3447 5651 3645 5708; x_wconf 81' lang='lat' dir='ltr'><strong>admit-</strong></span> 
     </span>
    </p>
   </div>
  </div>
