4092 6368
414 259 521 317 935

1661 263 1746 318 DE
1786 263 1946 320 VITA
2015 266 2073 321 S.
2123 263 2476 320 ΜΑΕΗῘΝΑΞ.

3579 259 3685 317 98ὗ

412 381 718 452 ἀντιστήτω
767 381 795 433 ὀ
838 380 1105 450 βάσκανος
1140 384 1207 454 τῇ
1253 381 1357 453 ὁδῷ
1388 399 1512 454 μου,
1552 383 1687 454 μηδὲ
1737 385 1988 458 εὑρεθείη

2094 393 2228 440 turre
2277 383 2656 461 infirmitatem
2713 381 2983 453 collapsa,
3031 386 3126 434 aut
3162 379 3333 434 verbo
3373 384 3470 433 aut
3517 393 3684 449 Opere

413 472 750 529 κατενώπιον
774 473 884 527 τῶν
911 473 1204 545 ὀφθαλμῶν
1233 491 1326 528 σου
1368 477 1402 546 ή
1439 476 1681 547 ἁμαρτία
1712 495 1835 548 μου,
1869 477 1922 531 εἴ
1943 495 1995 532 τι

417 565 682 635 σφαλεῖσα
711 564 800 619 διὰ
835 564 934 636 τὴν
970 565 1254 624 ἀσθένειαν
1302 567 1404 636 τῆς
1449 568 1664 638 φύσεως
1711 569 1888 640 ἡμῶν,
1937 572 1995 624 ἐν

412 658 576 730 λόγῳ,
612 658 644 730 ἢ
682 657 846 728 ἔργῳ,
877 657 910 728 ἢ
946 657 1088 712 κατὰ
1115 646 1354 730 διάνοιαν
1381 660 1647 731 ἥμαρτον,
1676 661 1706 714 ὀ
1733 661 1870 732 ἔχων
1903 663 1996 716 ἐπὶ

413 748 517 818 γῆς
555 747 804 812 ἐξουσίαν
841 747 1057 816 ἀφιέναι
1093 749 1394 821 ἁμαρτίας,
1429 751 1554 814 ἄνες
1578 768 1698 823 μοι⁹
1735 753 1823 806 ἵνα
1865 754 1997 807 ἂνα-

408 838 583 910 ψύξω,
617 839 712 892 καὶ
741 839 948 909 εὑρεθῶ
989 838 1220 894 ἐνώπιόν
1256 858 1350 894 σου
1380 833 1436 894 ἐν
1479 844 1547 913 τῇ
1581 843 1877 897 ἀπεκδύσει
1900 845 1991 897 τοῦ

415 931 668 1002 σώματός
717 949 840 1002 μου,
875 933 949 1004 μὴ
999 933 1196 1003 ἔχουσα
1227 934 1416 989 σπῖλον
1447 937 1504 988 ἐν
1547 938 1612 1006 τῇ
1665 939 1850 1008 μορφῇ
1893 937 1993 1006 τῆς

411 1025 592 1096 ψυχῆς
636 1042 757 1095 μου.
797 1025 938 1078 ’Δὶ-λ’
977 1025 1228 1098 ἄμωμος,
1277 1029 1372 1081 καὶ
1400 1028 1730 1098 ἀκηλίδωτος
1761 1030 1992 1100 προσδε-

412 1116 566 1188 χθείη
612 1120 645 1189 ἡ
683 1117 829 1189 ψυχή
881 1136 981 1189 μου
1027 1120 1085 1172 ἐν
1128 1123 1247 1183 ταῖς
1286 1119 1440 1190 χερσί
1480 1137 1593 1182 σου,
1629 1121 1704 1185 ώς
1742 1121 1992 1191 θυμίαμα

413 1207 646 1262 ἐνώπιόν
690 1226 806 1261 σου.
847 1229 864 1260 ι
907 1209 1014 1262 Καὶ
1056 1209 1230 1263 ταῦτα
1274 1209 1392 1281 ἅμα
1435 1209 1698 1279 λέγουσα,
1755 1211 1992 1265 ἐπετίθει

411 1298 512 1369 τὴν
541 1299 812 1372 σφραγῖδα
847 1303 958 1364 τοῖς
981 1301 1281 1373 ὀφθαλμοῖς
1319 1303 1413 1355 καὶ
1437 1302 1515 1372 τῷ
1547 1304 1774 1372 στόματι
1813 1303 1906 1356 καὶ
1925 1305 1990 1373 τῇ

415 1390 632 1462 καρδία.
674 1393 783 1445 Καὶ
825 1394 944 1446 κατ’
977 1391 1185 1458 ὀλίγον,
1224 1393 1258 1463 ἦ
1296 1411 1355 1445 τε
1385 1393 1604 1462 γλῶσσα
1640 1394 1718 1464 τῷ
1771 1395 1994 1467 πυρετῷ

417 1485 866 1554 καταφρυγεῖσα,
906 1484 1088 1537 οὐκέτι
1147 1483 1407 1555 διήρθρου
1465 1486 1556 1538 τὸν
1610 1485 1788 1554 λόγον,
1824 1488 1919 1541 καὶ
1953 1490 1987 1559 ή

2099 485 2192 530 aut
2227 476 2565 546 cogitatione
2597 473 2840 544 peccavi,
2899 471 3152 528 condona
3182 468 3236 524 id
3269 467 3426 536 mihi,
3485 473 3548 523 tu
3586 469 3682 540 qui

2096 571 2270 626 habes
2328 571 2384 625 in
2439 579 2588 625 terra
2625 566 2940 623 dimittendi
2981 573 3205 637 peccata
3239 571 3590 636 potestatem.
3620 573 3682 619 ut

2096 663 2392 733 refrigerer
2424 670 2478 729 et
2515 661 2570 720 in
2603 660 2856 731 corporis
2899 658 3228 730 spoliatione
3265 665 3395 712 ante
3445 671 3681 727 conspe-

2095 768 2243 812 ctum
2278 763 2432 809 tuum
2457 740 2726 830 inveniar,
2746 769 2856 808 non
2876 753 3088 808 habens
3119 751 3390 806 maculam
3425 750 3680 807 informa

2095 848 2263 902 animi
2307 849 2434 902 mei.
2491 847 2600 913 Sed
2647 847 2768 902 sine
2794 843 3227 914 reprehensione
3256 851 3310 899 et
3345 843 3468 898 labe
3495 844 3678 900 susci-

2092 939 2279 1010 piatur
2308 941 2528 1007 animus
2565 955 2720 994 meus
2751 938 2807 992 in
2841 937 3100 993 manibus
3140 937 3254 992 tuis
3286 944 3550 1007 tanquam
3597 937 3681 990 in-

2093 1047 2320 1087 censum
2360 1032 2415 1089 in
2456 1040 2759 1100 conspectu
2794 1037 2909 1084 tuo.
2959 1048 2977 1080 ι
3016 1027 3145 1083 Haec
3186 1027 3379 1083 dicens
3412 1027 3592 1082 oculis
3621 1037 3677 1083 et

2091 1125 2173 1178 ori
2212 1133 2265 1177 et
2318 1122 2471 1179 cordi
2529 1123 2714 1179 crucis
2749 1121 2969 1193 signum
3003 1121 3282 1191 apposuit.
3302 1117 3516 1189 Lingua
3549 1134 3682 1173 vero

2091 1213 2232 1292 febri
2278 1213 2544 1284 paulatim
2595 1213 2819 1284 penitus
2865 1212 3167 1274 exsiccata,
3221 1210 3391 1265 verba
3442 1209 3682 1280 amplius

2093 1322 2199 1360 non
2230 1305 2589 1386 egprimebat,
2633 1313 2688 1361 et
2736 1321 2842 1360 vox
2887 1304 3293 1374 implicabatur.
3347 1301 3530 1369 Quare
3551 1301 3673 1357 sola

2090 1401 2364 1456 labiorum
2413 1401 2738 1457 dilatatione
2776 1408 2832 1456 et
2877 1415 3141 1454 manuum
3187 1405 3360 1462 metu,
3395 1413 3517 1452 cam
3546 1410 3678 1467 pre-

2091 1494 2296 1548 cationi
2335 1495 2658 1550 incumbere
2685 1494 3174 1565 cognoscebamus.

413 1578 564 1648 φωνὴ
581 1578 983 1633 ὐπεδίδου.Καὶ
1008 1579 1066 1632 ἐν
1087 1580 1220 1651 μόνη
1242 1583 1308 1650 τῇ
1330 1579 1438 1634 τῶν
1467 1581 1691 1651 χειλέων
1709 1583 1982 1657 διαστολῇ,
2022 1590 2118 1642 καὶ
2163 1592 2232 1662 τῇ
2274 1589 2384 1667 τῶν
2434 1588 2632 1662 χειρῶν
2665 1591 2908 1661 κινήσει,
2985 1587 3047 1642 τὸ
3113 1589 3170 1640 ἐν
3213 1585 3492 1658 προσευχῇ
3535 1578 3678 1636 εἶναι

415 1669 584 1741 αὐτὴν
613 1669 1004 1740 ἐγινώσκομεν.

483 1761 594 1816 Καὶ
619 1763 675 1815 ἐν
702 1761 910 1824 τούτοις
937 1763 1035 1833 τῆς
1062 1762 1300 1835 ἑσπέρας
1333 1761 1695 1832 ἐπιλαϐούσης
1715 1805 1729 1824 ,
1755 1763 1851 1817 καὶ
1879 1781 1991 1833 φω-

2166 1765 2304 1823 Cum
2332 1765 2552 1826 interim
2581 1779 2778 1834 vesper
2805 1762 3138 1828 advenisset,
3171 1767 3226 1816 et
3250 1760 3434 1815 lumen
3467 1759 3676 1814 illatum

412 1854 503 1917 τὸς
542 1853 1000 1924 είσκομισθέντος,
1046 1853 1242 1926 ἀθρόον
1289 1853 1380 1907 τὸν
1416 1854 1525 1907 τῶν
1568 1854 1832 1926 ὀμμάτων
1871 1856 1990 1909 δια-

415 1944 670 2011 στείλασα
697 1945 922 2024 κύκλον,
953 1945 1048 1999 καὶ
1074 1945 1212 2018 πρὸς
1243 1946 1341 2018 τὴν
1366 1946 1540 2018 αὐγὴν
1579 1947 1865 2013 ἀπιδοῦσα,
1897 1949 1990 2002 ἐκ·

411 2036 568 2108 δηλος
600 2036 699 2108 μὲν
723 2031 792 2108 ἦν
820 2036 1153 2106 φθέγξασθαι
1180 2037 1279 2109 τήν
1307 2038 1614 2110 ἐπιλύχνιον
1644 2040 1992 2112 εὐχαριστίαν

412 2127 836 2198 προθυμουμένη
858 2144 872 2159 ο
905 2129 1003 2198 τῆς
1039 2128 1095 2181 δὲ
1130 2129 1312 2200 φωνῆς
1336 2131 1742 2203 ἐπιλειπούσης,
1773 2133 1864 2187 διὰ
1892 2135 1992 2205 τῆς

411 2219 634 2291 καρδίας
666 2221 760 2273 καῖ⁹
793 2221 895 2291 τῆς
925 2222 1033 2274 τῶν
1072 2222 1270 2294 χειρῶν
1315 2225 1581 2296 κινήσεως
1620 2225 1860 2297 ἐπλήρου
1895 2225 1992 2299 τὴν

412 2313 688 2384 πρόθεσιν,
725 2315 820 2368 καὶ⁸
851 2315 918 2368 τά
948 2315 1099 2386 χείλη
1135 2317 1272 2389 πρὸς
1303 2317 1400 2388 τὴν
1425 2317 1634 2372 ἔνδοθεν
1658 2322 1836 2394 ὁρμὴν
1865 2339 1992 2375 συν-

409 2407 672 2458 εκινεῖτο’
708 2405 784 2470 ώς
822 2405 880 2459 δὲ
911 2407 1192 2480 ἐπλήρωσε
1236 2407 1335 2480 τὴν
1381 2409 1732 2480 εὐχαριστίαν
1755 2452 1771 2478 ,
1824 2415 1918 2467 καὶ
1955 2414 1991 2486 ἡ

411 2497 528 2568 χεὶρ
555 2497 854 2568 ἐπαχθεῖσα
884 2499 974 2554 διὰ
1001 2501 1100 2570 τῆς
1142 2502 1434 2572 σφραγῖδος
1469 2501 1545 2572 τῷ
1585 2503 1889 2576 προσώπῳ,
1931 2507 1992 2560 τὸ

412 2589 584 2660 πέρας
625 2590 726 2661 τῆς
767 2590 936 2663 εὐχῆς
981 2583 1330 2663 διεσήμαινε,
1377 2596 1520 2665 μέγα
1568 2613 1620 2650 τι
1665 2598 1758 2651 καὶ
1809 2597 1992 2668 βύθιον

409 2681 815 2746 ἁναπνεύσασα,
851 2686 916 2754 τῇ
953 2688 1229 2758 προσευχῇ
1265 2687 1364 2758 τὴν
1393 2687 1536 2759 ζωὴν
1569 2691 1988 2763 συγκατέληξεν.

419 2773 508 2835 Ὠς
532 2773 588 2826 δὲ
612 2769 680 2845 ἦν
700 2774 759 2827 τὸ
779 2773 964 2829 λοιπὸν
989 2777 1195 2842 ἄπνους
1216 2796 1273 2832 τε
1301 2781 1394 2833 καὶ
1423 2781 1706 2853 ἀκίνητος,
1733 2783 1992 2854 μνησθεὶς

409 2863 517 2916 τῶν
548 2866 798 2931 ἐντολῶν,
832 2867 900 2932 ἃς
933 2868 1095 2932 εὐθὺς
1130 2871 1278 2940 παρὰ
1310 2871 1408 2943 τὴν
1438 2873 1660 2949 πρώτην
1701 2878 1990 2947 συντυχίαν

413 2957 696 3030 πεποίητο,
725 2961 953 3013 εἰποῦσα
976 2961 1262 3032 βούλεσθαι
1282 2965 1381 3027 τὰς
1400 2967 1537 3034 ἐμὰς
1562 2970 1674 3030 τοῖς
1693 2967 1992 3040 ὀφθαλμοῖς

409 3051 577 3121 αὐτῆς
611 3053 968 3124 ἐπιϐληθῆναι
1021 3059 1245 3127 χεῖρας,
1285 3059 1378 3112 καὶ
1411 3058 1478 3111 δι’
1516 3060 1649 3128 ἐμοῦ
1698 3062 1796 3133 τὴν
1841 3080 1986 3116 νενοο

2093 1866 2262 1922 esset,
2292 1858 2383 1912 illa
2415 1857 2703 1927 oculorum
2735 1855 2924 1910 orbem
2957 1852 3264 1924 explicans,
3307 1859 3362 1906 et
3393 1849 3462 1904 ad
3491 1849 3680 1920 Splen-

2094 1952 2282 2008 dorem
2309 1951 2638 2021 respiciens,
2663 1949 2733 2005 ad
2764 1947 3141 2019 vespertinam
3170 1946 3470 2016 gratiarum
3505 1944 3680 1998 actio-

2095 2059 2220 2099 nem
2271 2043 2741 2116 pronuntiandam
2797 2048 3114 2112 promptum
3161 2038 3408 2092 animum
3458 2051 3571 2108 pra:
3618 2049 3680 2092 se

2097 2137 2306 2192 ferebat
2343 2155 2357 2191 :
2391 2135 2489 2192 sed
2535 2150 2673 2191 voce
2707 2132 3020 2197 deﬁciente,
3063 2131 3256 2194 corde.
3311 2137 3368 2186 et
3413 2143 3677 2184 manuum

2096 2227 2339 2282 motione
2373 2228 2660 2298 proposito
2711 2223 3114 2287 satisfaciebat,
3151 2231 3207 2278 et
3250 2221 3318 2276 ad
3354 2221 3676 2276 interiorem

2095 2318 2442 2374 atiectionem
2499 2318 2653 2371 labra
2703 2314 3130 2377 commovebat;
3174 2310 3428 2368 absoluta
3493 2314 3678 2364 autem

2094 2412 2395 2483 gratiarum
2443 2412 2682 2474 actione,
2737 2425 2960 2465 manum
3009 2409 3076 2463 ad
3117 2406 3313 2464 faciem
3351 2404 3678 2478 signandam

2095 2505 2360 2571 admovit,
2403 2513 2457 2561 et
2500 2506 2614 2560 voti
2656 2503 2819 2559 tinem
2872 2503 3070 2558 adesse
3108 2501 3434 2566 declaravit,
3471 2507 3528 2554 et
3560 2511 3680 2552 ma-

2093 2613 2259 2668 guum
2315 2597 2605 2666 quemdam
2641 2611 2706 2650 ac
2743 2593 3074 2666 profundum
3123 2593 3377 2663 spiritum
3443 2591 3679 2655 ducens,

2092 2704 2218 2742 cum
2273 2687 2592 2756 precatione
2645 2684 2806 2740 simul
2845 2692 2900 2739 et
2944 2683 3112 2736 vitam
3162 2677 3502 2735 terminavit.
3537 2676 3677 2732 Cum

2095 2777 2263 2845 igitur
2307 2791 2410 2830 nec
2461 2774 2696 2845 spiraret
2745 2773 2982 2844 amplius
3015 2777 3069 2828 'ct
3109 2771 3320 2841 jaceret
3351 2768 3678 2832 immobilis,

2092 2885 2196 2940 ego
2244 2883 2454 2923 memor
2509 2881 2698 2922 eorum
2732 2881 2855 2936 qua:
2900 2865 2955 2919 in
3001 2864 3122 2935 ipso
3157 2863 3335 2933 primo
3374 2876 3677 2932 congressu

2093 2961 2225 3015 mihi
2266 2959 2647 3023 mandaverat,
2690 2958 2882 3013 dicens
2933 2973 2994 3013 se
3038 2957 3196 3020 velle,
3226 2963 3286 3010 ut
3329 2970 3526 3010 manus
3555 2969 3678 3008 mea

2096 3053 2201 3125 sibi
2242 3051 2437 3107 oculos
2460 3049 2764 3112 clauderet,
2797 3057 2852 3104 ct
2887 3048 3109 3104 solitum
3147 3047 3230 3100 ori
3262 3060 3364 3101 suo
3388 3051 3680 3116 praestaret

414 3114 684 3214 μισμένην
715 3114 1353 3218 θεραπείανηέπαχθῆναι
1388 3149 1464 3220 τῷ
1494 3114 1985 3225 σώματι,⁶ἐπήγα-

2097 3123 2374 3208 cilicium,
2431 3150 2630 3198 sancto
2681 3141 2857 3197 vultui
2910 3141 3102 3196 dolore
3148 3139 3499 3209 languentem
3559 3150 3679 3190 ma-

408 3249 505 3299 γον
556 3232 635 3304 τῷ
673 3234 812 3304 ἁγίῳ
863 3237 1140 3308 προσώπῳ
1191 3244 1516 3312 νεναρκυῖαν
1561 3245 1626 3296 ἐκ
1656 3244 1749 3296 τοῦ
1785 3245 1990 3312 πάθους

408 3325 508 3391 τὴν
545 3327 703 3397 χεῖρα
724 3366 738 3388 ,
769 3327 890 3384 ὅσον
1031 3329 1178 3395 δόξαι
1209 3331 1306 3401 τῆς
1335 3332 1554 3402 ἐντολῆς
1587 3329 1836 3404 άμέλεῖνο
1868 3337 1992 3390 οὐδὲ

410 3415 520 3487 γάρ
563 3417 670 3470 τῶν
699 3419 1148 3490 ἐπανορθούντων
1195 3422 1246 3475 et
1297 3423 1564 3494 ὀφθαλμοὶ
1607 3428 1988 3498 προσεδέοντο,

411 3509 660 3582 καθάπερ
687 3511 777 3562 ἐπὶ
805 3511 896 3565 τοῦ
923 3513 1062 3566 κατὰ
1088 3513 1250 3582 φύσιν
1278 3514 1486 3583 γίνεται
1519 3514 1707 3578 ὒπνου,
1741 3521 1851 3582 τοῖς
1882 3518 1995 3588 βλε-

411 3601 604 3672 φάροις
630 3601 913 3670 εὐκόσμως
935 3603 1327 3673 διειλημμένου
1348 3604 1418 3678 τά
1438 3621 1494 3658 τε
1524 3605 1675 3675 χείλη
1701 3608 1992 3676 προσφυῶς

415 3695 717 3764 μεμυκότα,
767 3695 860 3748 καὶ
896 3696 951 3748 αί
999 3699 1177 3766 χεῖρες
1219 3697 1510 3766 εὐπρεπῶς
1547 3699 1992 3754 ἐπανακλιθεῖσαι

409 3787 488 3854 τῷ
526 3786 729 3858 στήθει,
765 3787 916 3841 πᾶσά
954 3804 1013 3840 τε
1051 3791 1083 3859 ἠ
1119 3788 1213 3841 τοῦ
1265 3786 1516 3859 σώματος
1558 3789 1704 3854 θέσις
1750 3793 1990 3864 αὐτομά-

410 3895 517 3945 τως
564 3877 706 3930 κατά
733 3877 794 3930 τὸ
831 3876 1105 3950 εὔσχημον
1150 3879 1520 3951 ἁρμοσθεῖσα,
1561 3882 1711 3936 οὐδὲν
1747 3884 1847 3956 τῆς
1884 3885 1993 3938 τῶν

411 3969 761 4038 κοσμούντων
784 3970 962 4041 χειρὸς
992 3971 1263 4034 ἐπεδέετο.

490 4062 643 4132 Ἐμοὶ
677 4062 736 4116 δὲ
777 4063 986 4133 διχόθεν
1025 4065 1235 4132 ἐγίνετο
1283 4048 1518 4137 accipere;
1560 4068 1593 4137 ἡ
1627 4066 1792 4138 ψυχή’
1825 4069 1904 4131 είς
1933 4069 1994 4121 τὸ

413 4155 735 4226 φαινόμενον
779 4154 1003 4208 ἔϐλεπον
1025 4197 1038 4219 ,
1069 4157 1161 4209 καὶ
1203 4157 1302 4227 τὴν
1335 4159 1502 4230 ἀκοὴν
1531 4158 1619 4212 διὰ
1656 4162 1754 4230 τῆς
1796 4161 1994 4231 γοερᾶς

410 4246 520 4299 τῶν
546 4246 832 4319 παρθένων
864 4249 1110 4320 οἰμωγῆς
1142 4251 1537 4322 περιηχούμην.
1571 4252 1720 4316 Τέως
1749 4253 1847 4321 μὲν
1885 4253 1993 4325 γὰρ

410 4339 470 4389 ἐν
513 4338 715 4408 ἡσυχία
755 4338 1140 4411 διεκαρτέρουν
1181 4343 1418 4406 ἐκεῖναι,
1461 4342 1557 4394 καὶ⁹
1605 4345 1670 4413 τῇ
1715 4343 1858 4414 ψυχῇ
1893 4344 1992 4414 τὴν

2094 3251 2227 3290 num
2262 3234 2514 3299 adhibui,
2569 3250 2638 3290 ne
2676 3233 2998 3288 mandatum
3049 3231 3170 3299 ejus
3211 3227 3487 3302 negligere
3523 3226 3678 3282 vide-

2096 3343 2190 3383 rcr
2245 3328 2430 3398 potius
2485 3341 2650 3397 quam
2690 3325 2837 3397 quod
2898 3322 3172 3394 ejusmodi
3227 3321 3464 3376 oliicium
3504 3319 3680 3375 oculis

2093 3421 2216 3490 ejus
2253 3428 2402 3476 esset
2447 3418 2826 3474 necessarium
2876 3434 2888 3472 :
2942 3416 3146 3488 quippe
3191 3414 3285 3486 qui
3323 3409 3679 3483 quemadmo-

2093 3513 2223 3579 dum
2277 3512 2334 3566 ﬁt
2366 3512 2419 3565 in
2451 3526 2648 3566 somno
2690 3509 2949 3574 naturali,
2996 3505 3276 3577 palpebris
3314 3503 3516 3559 decore
3540 3517 3679 3557 con-

2095 3603 2223 3656 tet-ti
2251 3611 2410 3658 erant
2439 3620 2453 3656 :
2488 3611 2543 3655 et
2576 3601 2728 3655 labra
2777 3600 2964 3654 itidem
2999 3599 3210 3663 clausa,
3237 3609 3550 3666 manusque
3583 3610 3679 3648 ve-
3702 3658 3718 3673 θ

2095 3705 2255 3750 nuste
2295 3695 2502 3767 pectori
2545 3694 2906 3756 cohaerentes,
2954 3699 3106 3748 totus
3147 3691 3385 3760 denique
3426 3685 3678 3758 corporis

2095 3787 2237 3842 situs
2265 3801 2328 3841 ea
2366 3786 2635 3856 dignitate
2658 3785 3020 3856 compositus,
3055 3791 3114 3838 ut
3151 3781 3472 3838 ornautium
3508 3793 3675 3835 manu

2095 3896 2206 3935 non
2246 3881 2515 3950 indigeret

2167 4062 2318 4118 Meus
2355 4070 2538 4116 autem
2583 4061 2804 4116 animus
2861 4058 3155 4128 dupliciter
3189 4057 3514 4126 augebatur,
3557 4061 3682 4108 tum

2094 4157 2165 4211 ob
2196 4171 2258 4210 ea
2287 4171 2411 4225 qua:
2449 4153 2761 4216 cernebam,
2806 4162 2921 4206 tum
2965 4151 3038 4206 ob
3080 4151 3362 4205 luctuosas
3399 4149 3677 4221 virginum

2093 4263 2280 4309 voces,
2323 4247 2526 4317 quibus
2561 4261 2725 4301 aures
2754 4260 2887 4300 mea:
2911 4242 3404 4300 circumsonabant
3439 4260 3452 4296 :
3483 4241 3680 4296 hacte-

2099 4356 2202 4395 nus
2240 4340 2387 4395 enim
2435 4339 2539 4394 illae
2593 4337 2945 4408 quiescentes
3005 4352 3064 4392 se
3112 4335 3330 4390 fortiter
3369 4340 3675 4405 gesserant,

409 4428 602 4500 ὀδύνην
635 4425 1140 4498 ἐγκατακλείουσαι,
1167 4435 1269 4506 τὴν
1301 4435 1400 4504 τῆς
1433 4433 1679 4504 οἰμωγῆς
1711 4436 1888 4506 ὁρμὴν
1914 4435 1991 4508 τῷ

2098 4431 2394 4500 animoque
2455 4429 2700 4484 dolorem
2774 4428 3046 4482 inclusum
3107 4427 3457 4480 continentes
3517 4423 3678 4480 ﬂetus

410 4521 548 4592 πρὸς
601 4521 768 4592 αὐτὴν
819 4523 968 4595 φόϐῳ
1023 4525 1384 4594 κατέπνιγον,
1443 4526 1632 4598 ὥσπερ
1697 4527 1989 4580 δεδοικυῖαι

411 4613 504 4666 καὶ
565 4614 875 4679 σιωπῶντος
929 4615 1030 4687 ήδη
1095 4617 1189 4670 τοῦ
1246 4619 1540 4690 προσώπου
1585 4637 1683 4692 την
1735 4621 1990 4692 ἐπιτίμη-

414 4722 527 4771 σιν,
582 4709 711 4777 μήτι
757 4707 909 4779 παρὰ
965 4707 1027 4761 τὸ
1080 4709 1501 4783 διατεταγμένον
1560 4713 1751 4777 αὐταῖς
1807 4715 1990 4784 φωνῆς

409 4815 552 4861 τινος
609 4801 740 4868 παρ’
792 4800 970 4854 αὐτῶν
1022 4802 1382 4874 ἐκραγείσης,
1436 4806 1703 4878 λυπηθείη
1745 4807 1882 4878 πρὸς
1931 4809 1992 4860 τὸ

411 4890 694 4962 γινόμενον
757 4894 792 4964 ἡ
846 4893 1182 4957 διδάσκαλος.
1213 4891 1215 4894 ’
1243 4895 1397 4948 Ἐπεὶ
1457 4897 1514 4950 δὲ
1580 4899 1764 4952 οὐκέτι
1823 4917 1993 4952 κατα·

411 4981 730 5052 κρατεῖσθαι
798 4982 865 5035 δι’
928 4984 1156 5054 ἡσυχίας
1229 4984 1286 5038 τὸ
1346 4986 1518 5050 πάθος
1575 4988 1836 5058 ἠδύνατο,
1895 4993 1990 5042 τοῦ

411 5072 640 5135 πένθους
677 5072 839 5125 οίονελ⁷
870 5076 1036 5144 πυρός
1065 5092 1208 5139 τινος
1245 5075 1454 5130 ἔνδοθεν
1481 5078 1661 5132 αὐτῶν
1691 5079 1786 5143 τὰς
1815 5079 1992 5150 ψυχὰς

409 5163 799 5234 διασμύχοντος
823 5204 838 5229 ,
872 5164 1082 5236 άθρόως
1111 5167 1303 5238 πικρός
1332 5185 1415 5230 τις
1439 5170 1532 5222 καὶ
1571 5171 1794 5240 ἄσχετος
1826 5172 1991 5244 ἀναρ-

410 5255 676 5324 ρήγνυται
705 5249 866 5324 ἦχος·
903 5255 1043 5308 ὥστε
1074 5274 1164 5326 μοι
1201 5258 1395 5328 μηκέτι
1431 5259 1612 5329 μένειν
1643 5262 1701 5314 ἐν
1741 5261 1818 5332 τῷ
1861 5262 1992 5316 καθ-

407 5345 663 5415 εστηκότι
682 5346 772 5398 τὸν
798 5346 1075 5415 λογισμὸν,
1098 5348 1232 5402 ἀλλὰ
1253 5349 1502 5422 καθάπερ
1523 5352 1820 5424 χειμάρῤου
1847 5356 1992 5419 τινὸς

407 5434 836 5501 ἐπικλύσαντος,
871 5437 1202 5508 ὑποϐρύχιον
1245 5442 1645 5512 παρενεχθῆναι
1691 5445 1769 5516 τῷ
1802 5446 1987 5508 πάθει,

408 5526 504 5580 καὶ
533 5527 641 5580 τῶν
671 5528 728 5580 ἐν
754 5531 940 5600 χερσὶν
969 5530 1337 5602 ἀμελήσαντα,
1373 5533 1492 5586 ὅλον
1527 5535 1634 5588 τῶν
1667 5535 1879 5608 θρήνων
1909 5534 1991 5591 εἶ-

411 5636 520 5672 ναι.
562 5617 672 5670 Καί
710 5636 799 5688 μοι
831 5618 1013 5672 δικαία
1051 5639 1165 5684 πως
1203 5622 1373 5676 ἐδόκει
1416 5625 1511 5676 καὶ
1548 5623 1766 5694 εὔλογος
1806 5629 1841 5698 ἡ
1894 5630 1989 5682 τοῦ

415 5707 645 5772 πένθους
685 5708 905 5780 ἀφορμὴ
936 5713 1052 5774 ταῖς
1091 5712 1379 5783 παρθένοις
1423 5710 1576 5768 εἶναι.
1615 5716 1688 5768 tl";
1721 5716 1828 5786 γὰρ
1869 5734 1990 5771 συν-

2100 4522 2361 4592 impetuut
2391 4521 3257 4590 cetnpresserant,.observantes
3290 4532 3435 4582 eam,
3472 4532 3674 4572 veren-

2097 4625 2309 4686 tesque,
2337 4614 2594 4684 quamvis
2639 4628 2843 4680 corpus
2873 4611 2996 4682 ejus
3015 4611 3128 4682 jam
3161 4612 3580 4671 conticesceret,
3609 4625 3682 4664 ne

2100 4708 2515 4778 increparentur
2539 4712 2662 4769 aut,
2705 4705 2749 4758 si
2778 4720 2886 4770 qua
2917 4719 3018 4758 vox
3058 4710 3253 4758 contra
3291 4703 3676 4774 prrt‘scriptum
3709 4719 3716 4749 τ

2097 4805 2430 4869 erumperet,
2462 4813 2532 4852 ne
2558 4797 2817 4868 magistra
2850 4812 2916 4851 ex
2963 4811 3027 4850 ca
3076 4811 3135 4849 re
3177 4795 3480 4849 molestiam
3515 4807 3678 4862 cape-

2098 4899 2202 4945 ret.
2232 4889 2335 4945 Ubi
2379 4905 2510 4946 vero
2567 4891 2787 4944 silentio
2843 4889 3002 4943 dolor
3051 4903 3162 4942 non
3209 4885 3388 4956 potuit
3440 4885 3678 4953 amplius

2100 4984 2367 5044 coerceri,
2409 4997 2518 5036 non
2547 4982 2708 5037 aliter
2735 4997 2898 5048 quam
2939 4981 2982 5035 si
3029 4979 3204 5033 victos
3235 4993 3424 5032 carum
3462 4977 3681 5031 animos

2098 5077 2322 5145 quidam
2354 5076 2496 5146 ignis
2535 5084 2813 5136 exureret,
2861 5073 3048 5128 statim
3107 5072 3161 5125 in
3201 5071 3462 5126 acerbum
3495 5079 3550 5125 et
3593 5070 3680 5124 in.

2100 5168 2416 5223 credibilem
2442 5167 2651 5221 luctum
2685 5172 3059 5235 proruperunt
3088 5183 3102 5218 :
3135 5163 3272 5218 adeo
3295 5172 3356 5216 ut
3378 5164 3520 5216 ratio
3542 5161 3674 5216 mihi

2099 5276 2208 5313 non
2245 5257 2577 5312 consisteret
2602 5256 2836 5326 amplius
2867 5255 2919 5310 in
2957 5253 3262 5326 proposito,
3288 5253 3383 5309 sed
3412 5262 3673 5324 tanquam

2101 5349 2336 5418 alicujus
2364 5350 2561 5402 obruta
2605 5349 2870 5402 torrentis
2894 5347 3099 5417 impetu
3134 5344 3353 5402 cederet
3381 5347 3676 5416 perturba-

2101 5417 2252 5496 tiouir
2287 5458 2454 5511 seque
2497 5451 2662 5495 lotam
2709 5439 3195 5494 lamentationibus
3223 5440 3398 5495 daret.
3437 5439 3678 5510 IEquam
3718 5417 3722 5426 l

2101 5544 2282 5589 autem
2325 5549 2388 5586 ac
2428 5533 2632 5600 justam
2665 5532 2797 5584 mihi
2832 5531 3052 5586 dolendi
3093 5530 3420 5600 lugendique
3450 5543 3677 5584 causam

2099 5627 2302 5681 habere
2332 5625 2574 5694 virgines
2596 5624 2942 5691 videbantur;
2975 5640 3082 5678 non
3122 5624 3270 5679 enim
3301 5639 3360 5678 se
3384 5631 3679 5677 consuetu-

2046 5798 2050 5801 _
2101 5719 2228 5774 dinc
2275 5726 2364 5771 aut
2416 5716 2812 5788 gubernatione
2853 5716 3106 5788 quapiam
3145 5715 3522 5781 humana,aut
3548 5712 3690 5772 aliis»
