4092 6368
375 264 495 327 διδ-ις
1577 268 1634 325 ει
1677 265 1954 326 GREGOR

2058 261 2338 321 “‘SSENI
2351 283 2368 299 δ
2868 334 2890 347 ξ
3528 270 3661 331 933.

375 379 665 454 ejusmodi.
701 381 1060 455 rebus,.quas
1094 382 1150 439 in
1181 381 1590 442 calamitatibus
1617 382 1735 437 suis
1767 378 1949 434 Inomi-

2058 375 2241 449 ηθείας
2264 375 2414 441 τινὸς
2440 375 2539 449 τῆς
2573 376 2714 432 κατά
2735 375 2923 447 σάρκα
2956 375 3409 455 κηδεμονίας-τήν
3439 385 3660 458 στέρηο.

376 492 480 534 nes
520 476 759 548 graviter
803 474 1007 543 ferunt,
1064 477 1285 534 orbatos
1336 476 1597 533 dolebant
1645 476 1789 533 :scd
1825 487 1951 531 tan-

376 581 545 639 quam
594 567 663 623 ab
717 568 835 639 ipsa
869 568 922 623 in
953 568 1118 623 Deum
1167 583 1265 639 spe
1311 575 1365 624 et
1406 570 1722 625 animorum
1775 570 1954 625 salute

378 658 644 728 seiunctae
676 666 883 720 essent,
936 657 1224 727 plorabant
1254 675 1269 712 :
1300 657 1414 715 haec
1456 658 1511 711 in
1544 658 1952 713 lamentationi-

378 745 625 803 bussuis
655 746 1153 814 conquerebantur,
1174 743 1834 809 dicentes,rExstinctum
1869 755 1955 802 est

377 837 563 896 lumen
607 838 897 893 oculorum
946 844 1299 902 nostrorum;
1336 845 1523 906 erepta
1575 845 1658 893 est
1690 838 1781 893 lux
1832 852 1955 907 qua:

379 925 579 981 animis
625 925 833 981 nostris
871 926 924 979 in
971 925 1169 981 itinere
1218 926 1615 997 prmeedebat;
1660 927 1951 995 disjeclum

379 1023 465 1071 cst
507 1015 633 1070 vita:
682 1024 886 1071 nostra:
939 1015 1281 1087 praesidium,
1340 1018 1618 1073 sublatum
1674 1019 1953 1088 specimen

379 1106 746 1178 integritatis;
782 1106 1092 1163 abscissum
1138 1108 1453 1164 concordiae
1477 1109 1782 1169 vinculum.
1816 1124 1955 1167 con-

378 1198 568 1254 tritum
622 1197 973 1253 imbecillium
1020 1197 1445 1259 firmamentum.
1508 1200 1603 1260 Te.
1653 1202 1799 1259 duce.
1848 1218 1971 1259 nox.

377 1295 498 1345 erat
522 1288 685 1344 nobis
714 1288 820 1344 diei
856 1291 997 1355 loco,
1027 1290 1154 1346 vitae
1182 1299 1288 1347 tua:
1321 1292 1611 1361 splendore
1645 1293 1951 1352 illustrata:

376 1380 489 1449 jam
506 1396 638 1436 vero
660 1381 744 1437 vel
763 1381 967 1438 dies;in
996 1383 1252 1440 tenebras
1277 1391 1647 1442 convertetur.
1665 1404 1683 1437 ι
1723 1385 1956 1445 Gravius

381 1477 561 1526 autem
614 1481 810 1542 praeter
857 1479 1084 1530 caeteras
1134 1474 1340 1530 luctum
1400 1473 1782 1541 intendebant,
1835 1492 1958 1548 quae

380 1571 609 1620 matrem
639 1564 815 1636 ipsam
843 1574 899 1622 et
928 1568 1197 1622 nutricem
1228 1568 1573 1638 appellabant
1621 1589 1633 1625 :
1667 1578 1827 1626 erant
1861 1586 1959 1626 au-

381 1660 490 1709 tem
540 1654 645 1710 illae
682 1672 820 1727 quas
861 1659 1104 1727 penuriaa
1152 1658 1425 1730 famisque
1465 1668 1714 1731 tempore
1766 1662 1822 1717 in
1857 1664 1958 1717 ali-

2054 486 2140 523 σιν
2178 468 2558 540 ἀπωδύροντο,
2593 470 2702 525 οὐδ’
2744 472 2873 528 ἄλλο
2916 491 2971 528 τι
3009 474 3249 531 τοιοῦτον
3288 476 3442 532 οὐδὲν
3473 478 3559 548 ἐφ’

2054 562 2331 633 πρδςγτάς
2372 563 2660 635 συμφορὰς
2699 565 3183 640 δυσανασχετοῦσιν
3220 571 3272 625 οἱ
3312 570 3657 645 ἄνθρωποι·-

2053 653 2169 712 an?
2202 654 2278 718 ὼς
2300 652 2400 724 τῆς
2438 656 2580 709 κατά
2611 655 2745 710 Θεὸν
2772 656 2986 723 ἐλπίδος
3019 659 3224 726 αὐτῶν,
3262 662 3358 716 καὶ
3392 662 3495 735 τῆς
3522 665 3661 722 τῶν.

2053 743 2242 814 ψυχῶν
2286 743 2560 816 σωτηρίας
2600 745 3044 817 ἀποσχισθεῖσαι,
3087 748 3260 805 ταῦτα
3292 752 3492 817 ἐϐόων,
3537 754 3661 813 καὶ»

2053 830 2226 885 ταῦτα
2263 833 2320 886 ἐν
2359 835 2472 897 τοῖς
2498 832 2716 906 θρήνοις
2742 836 3190 910 ἀπωλοφύροντο,
3238 841 3569 915 ι,Ἐσ6έσθη
3607 863 3627 896 ι

2055 923 2325 993 λέγουσαι,
2358 944 2378 977 ι
2408 925 2514 978 τῶν
2543 927 2834 999 ὀφθαλμῶν
2873 930 3033 1001 ήμῶν
3060 932 3101 984 ό
3137 932 3327 1005 λύχνος
3346 950 3359 963 ⁸
3408 935 3660 1007 ἀπήρθη-

2054 1016 2116 1070 τὸ
2155 1016 2270 1086 φῶς
2316 1018 2411 1087 τῆς
2462 1017 2570 1073 τῶν
2605 1019 2789 1091 ψυχῶν
2828 1022 3079 1093 ὁδηγίαςσ
3108 1024 3321 1095 διελύθη
3362 1027 3460 1097 τῆς
3489 1028 3634 1098 ζωῆς

2056 1109 2088 1177 ἡ
2091 1108 2213 1178 μῶν
2244 1110 2281 1177 ἡ
2310 1109 2603 1179 ἀσφάλεια·
2648 1111 2790 1186 ἤρθη
2825 1114 2869 1184 ή,
2898 1116 3133 1186 σφραγὶς
3164 1115 3263 1186 τῆς
3301 1117 3631 1190 ἀφθαρσίας·

2062 1199 2362 1270 διεσπάσθη
2396 1201 2427 1254 ὁ
2455 1200 2750 1273 σύνδεσμος
2777 1203 2878 1273 τῆς
2925 1204 3280 1277 σωφροσύνης
3301 1224 3316 1239 °
3344 1209 3634 1282 συνετρίϐη

2057 1288 2116 1341 τὸ
2155 1290 2430 1360 στήριγμα
2458 1290 2565 1344 τῶν
2608 1292 2939 1349 ἀτονούντων
2959 1334 2975 1356 ,
3019 1295 3269 1368 ἀφῃρέθη
3290 1299 3348 1369 ή
3368 1297 3637 1370 θεραπεία

2058 1381 2163 1434 τῶν
2192 1382 2561 1438 ἀσθενούντων
2583 1400 2598 1416 ·
2615 1385 2725 1437 οὲπὶ
2754 1384 2848 1439 σοῦ
2869 1387 2998 1457 ἡμῖν
3027 1390 3178 1460 καὶὴ
3216 1390 3462 1457 νὺξ-ἀντὶ
3500 1393 3636 1463 ὴμέ-

2062 1489 2159 1542 ρας
2196 1467 2285 1544 ἦν,
2334 1474 2392 1527 ἐν
2427 1473 2643 1548 καθαρᾷ
2684 1476 2798 1548 ζωῇ
2831 1479 3173 1551 φωτιζομένη
3196 1497 3211 1512 ·
3250 1480 3347 1535 νῦν
3378 1481 3434 1535 δὲ
3464 1485 3558 1537 καὶ
3601 1486 3634 1554 ἡ

2058 1564 2242 1636 ἡμέρα
2263 1564 2398 1637 πρὸς
2424 1565 2586 1635 ζόφον
2617 1572 3150 1643 μεταστραφήσεται.
3190 1590 3209 1624 ι
3227 1572 3637 1646 ιΧαλεπώτερον

2058 1656 2128 1709 δὲ
2162 1656 2314 1730 ποιρά
2345 1657 2443 1721 τάς
2490 1659 2654 1723 ἄλλας
2685 1661 2746 1714 τὸ
2788 1661 2984 1725 πένθος
3019 1662 3264 1729 ἐξέκαιον
3306 1664 3365 1719 αί
3416 1665 3632 1738 μητέρα

379 1756 688 1804 mentorum
737 1750 1027 1823 largitione
1060 1752 1333 1823 proiectas
1374 1752 1429 1808 in
1480 1755 1586 1810 viis
1629 1756 1954 1822 sustulerat,

2061 1749 2229 1820 αὐτὴν
2247 1792 2251 1797 .
2269 1750 2364 1804 καὶ
2393 1750 2611 1823 τροφὸν.
2635 1752 3022 1808 ἀνακαλοῦσαι.
3063 1750 3243 1809 Ἦσαν
3270 1756 3327 1810 δὲ
3358 1749 3542 1826 αὗται,
3568 1758 3637 1823 ἀς

379 1827 718 1908 alueratqne,
766 1852 821 1897 et
873 1843 939 1897 ad
986 1852 1195 1903 castam
1243 1854 1409 1916 atque
1462 1846 1959 1922 incorruptam,vi-

377 1931 538 1989 vendi
566 1931 847 1991 rationem.
868 1934 1303 1997 informaverat-

445 2110 649 2169 Verum
692 2120 1051 2186 posteaquam
1094 2114 1336 2170 animum
1395 2124 1654 2187 tanquam
1704 2134 1769 2174 ex
1829 2137 1960 2190 pro-

378 2204 552 2261 fundo
591 2207 828 2276 quodam
872 2221 1080 2278 angore
1102 2208 1320 2279 collegi,
1362 2208 1414 2262 in
1442 2224 1661 2264 sacrum
1691 2210 1825 2266 illud
1864 2227 1958 2267 ca-

378 2303 475 2364 put
506 2295 798 2351 intendens
823 2296 994 2351 aciem
1026 2298 1338 2361 oculorum,
1393 2298 1553 2367 quasi
1584 2300 1955 2369 reprehensus

378 2386 446 2439 ab
499 2399 564 2440 ea
611 2393 835 2457 prapter
882 2385 1229 2441 inconditum
1286 2386 1438 2441 illum
1497 2389 1951 2444 tumultuantium

376 2476 693 2545 strepitum,
728 2491 925 2547 magna
956 2490 1090 2531 voce
1136 2478 1420 2534 clamans:
1454 2497 1474 2531 ι
1511 2478 1593 2533 Ad
1642 2479 1806 2547 hanc,
1870 2481 1957 2535 in-

374 2584 563 2638 quam,
616 2568 898 2639 respicite,
960 2568 1231 2637 virgines,
1280 2577 1336 2624 et
1376 2580 1778 2641 praeceptorum
1829 2572 1956 2643 ejus

375 2661 770 2727 recordamini,
803 2662 1009 2733 quibus
1045 2663 1117 2720 ab
1151 2679 1217 2719 ea
1250 2664 1318 2719 ad
1354 2678 1517 2719 omne
1550 2663 1722 2721 decus
1744 2674 1800 2721 et
1850 2665 1953 2722 bo-

373 2763 643 2811 nestatem
674 2754 812 2811 estis
834 2755 1120 2811 instituta.
1157 2754 1391 2811 Divinus
1414 2756 1507 2812 ille
1541 2756 1760 2813 animus
1783 2773 1951 2812 unum

375 2845 535 2903 nobis
577 2846 944 2918 lacrymarum
989 2855 1207 2919 tempus
1235 2848 1592 2919 pmscripsit,
1637 2850 1690 2904 id
1716 2849 1832 2906 ﬂeri
1859 2850 1953 2921 jn-

375 2939 531 3002 bens,
563 2953 689 2995 cum
720 2940 993 2996 vacaretis
1028 2940 1334 3011 precationi
1376 2941 1566 3011 :quod
1606 2957 1755 2996 nunc
1784 2944 1949 2997 etiam

375 3029 611 3102 potestis
649 3029 884 3095 edicere,
921 3032 1334 3089 l'amentati'onis
1360 3032 1656 3090 clamorem
1688 3035 1775 3104 pia
1806 3037 1953 3106 psal-

377 3215 613 3271 tnaxime
635 3223 882 3285 poteram
911 3217 1061 3271 clara
1088 3233 1224 3273 voce
1246 3215 1525 3284 dicebam,
1550 3227 1613 3273 ut
1638 3234 1953 3289 superarem

376 3308 667 3379 strepitum
712 3309 1208 3380 conquerentium;
1243 3311 1443 3366 deinde
1479 3314 1802 3371 cohortatus
1835 3331 1955 3370 sum

374 3416 495 3464 eas,
532 3408 596 3456 ut
642 3400 698 3456 in
742 3400 1053 3472 proximam
1095 3400 1320 3456 domum
1367 3404 1708 3471 secederent,
1749 3408 1958 3464 relictis

375 3492 648 3549 duntaxat
691 3491 971 3563 aliquibus
1026 3506 1265 3563 quarum
1317 3508 1486 3565 Opera
1530 3495 1792 3554 libentius
1840 3498 1955 3560 illa,

376 3585 509 3641 dum
537 3585 768 3650 viveret,
792 3584 1074 3641 utebatur.

447 3675 511 3733 In
550 3692 743 3734 earum
777 3685 898 3734 erat
928 3692 1158 3734 numero
1187 3676 1441 3749 quaedam
1477 3676 1684 3734 femina
1716 3680 1959 3737 nobilis-

377 3769 551 3836 sima,
594 3766 804 3823 divitiis
850 3775 905 3823 et
935 3783 1175 3837 genere,
1211 3779 1267 3825 et
1301 3768 1554 3839 corporis
1585 3769 1761 3825 forma
1789 3780 1959 3843 atque

379 3860 506 3917 aliis
535 3860 859 3917 nominibus
887 3860 1121 3915 illustris
1160 3861 1215 3915 in
1257 3861 1377 3932 ipsa
1402 3860 1777 3919 adolescentia
1818 3880 1956 3922 con-

380 3953 598 4008 stituta.
646 3948 776 4007 Haec
821 3952 943 4007 viro
980 3951 1201 4006 cuidam
1230 3951 1630 4009 honestissimo
1663 3955 1719 4011 in
1760 3959 1956 4013 matri-

378 4044 569 4100 monio
595 4045 866 4100 collocata
892 4042 1094 4108 fuerat,
1123 4042 1220 4099 sed
1252 4045 1405 4100 brevi
1432 4053 1680 4118 tempore
1700 4064 1825 4105 cum
1861 4051 1957 4105 illo

378 4133 611 4190 vixerat.
662 4134 846 4202 Quare
889 4135 1150 4206 coniugio
1197 4135 1470 4203 liberata,
1506 4138 1796 4196 viduitatis
1843 4157 1958 4197 sua:

376 4225 665 4303 custodem
702 4241 770 4282 ac
820 4227 1143 4298 magistram
1197 4244 1455 4300 magnam
1508 4229 1809 4287 Macrinam
1855 4233 1959 4288 ele-

375 4325 555 4390 gerat,
587 4324 797 4376 etcum
828 4317 1138 4389 virginibus
1178 4321 1479 4390 plurimum
1512 4323 1860 4387 versabatur,
1899 4332 1958 4380 ut

2062 1844 2118 1894 ὲν
2144 1841 2222 1914 τῷ
2248 1842 2348 1913 τῆς
2382 1843 2645 1909 σιτοδείας
2674 1844 2849 1916 καιρῷ
2877 1844 3020 1902 κατά
3042 1845 3140 1909 τάς
3182 1848 3335 1913 ὁδοὺς
3371 1849 3638 1922 soporos-

2061 1952 2157 1999 νας
2199 1934 2494 2007 ἀνελομένη
2530 1935 2887 2009 ὲτιθηνήσατό
2913 1955 2975 1993 τε
3003 1938 3098 1993 καὶ
3130 1939 3496 2012 ἀνεθρέψατο,
3542 1942 3637 2000 καὶ

2062 2026 2198 2098 πρὸς
2215 2027 2306 2082 τὸν
2322 2028 2560 2100 καθαρόν
2575 2046 2635 2083 τε
2665 2030 2760 2085 καὶ
2770 2030 3006 2104 ἄφθορον
3029 2031 3145 2102 βίον
3175 2034 3632 2105 ἐχειραγώγησεν.

2145 2120 2297 2173 Ἐπεὶ
2338 2120 2396 2174 δέ
2429 2138 2547 2185 πως
2578 2122 2828 2195 καθάπερ
2872 2124 2939 2179 ἐκ
2973 2124 3136 2194 βυθοῦ
3170 2141 3316 2190 τινος
3344 2125 3443 2198 τὴν
3473 2128 3636 2197 ἐμαυ-

2057 2210 2151 2265 τοῦ
2190 2211 2367 2283 ψυχὴν
2396 2212 2753 2287 ἀνελεξάμην,
2793 2216 2931 2288 πρὸς
2967 2216 3065 2288 τὴν
3095 2217 3257 2286 ἀγίαν
3295 2218 3508 2288 ἐκείνην
3540 2235 3633 2273 κε-

2058 2302 2231 2372 φαλὴν
2279 2303 2565 2367 ἀτενίσας,
2611 2304 2801 2378 ὥσπερ
2842 2308 3189 2380 ἐπιτιμηθεὶς
3229 2311 3287 2363 ἐν
3324 2313 3389 2381 τῇ
3443 2310 3637 2384 ἀταξίᾳ

2056 2392 2163 2446 τῶν
2192 2393 2657 2465 ἐπιθορυὸούντων
2689 2398 2777 2453 διὰ
2802 2400 2896 2452 τοῦ
2930 2400 3152 2472 θρήνου,
3195 2420 3214 2453 ι
3264 2402 3409 2474 Πρὸς
3434 2405 3665 2473 ταύτηνι

2058 2482 2310 2552 βλέψατε,
2349 2504 2368 2536 ι
2403 2480 2555 2538 εἶπον
2588 2487 2799 2559 μεγάλῃ
2826 2491 2892 2559 τῇ
2929 2492 3103 2561 φωνῇ,
3131 2491 3266 2561 πρὸς
3297 2492 3398 2556 τὰς
3436 2492 3671 2565 παρθέι

2055 2591 2177 2638 νους
2211 2574 2409 2647 βοήσας
2431 2591 2445 2605 ’
2489 2592 2509 2627 ι
2539 2578 2633 2631 καὶ
2666 2578 2774 2632 τῶν
2807 2581 3275 2651 παρεγγελμάτων
3303 2583 3472 2653 αὐτῆς
3503 2585 3639 2638 ἀνα-

2058 2666 2334 2739 μνήσθητε
2352 2681 2367 2696 °
2394 2666 2461 2722 δι’
2484 2660 2561 2737 ὧν
2596 2668 2658 2723 τὸ
2696 2670 2754 2723 ὲν
2783 2674 2946 2724 παντὶ
2974 2672 3301 2743 τεταγμένον
3321 2673 3415 2727 καὶ
3433 2672 3636 2744 εῦσχηέ

2058 2775 2160 2829 μον
2191 2759 2321 2830 παρ’
2350 2760 2521 2834 αὐτῆς
2561 2760 2936 2833 ὲπαιδεύθητε.
2979 2762 3116 2815 Ἕνα
3159 2763 3353 2834 καιρὸν
3391 2763 3501 2817 τῶν
3537 2763 3664 2819 δα--

2059 2851 2242 2921 κρύων
2283 2852 2415 2923 ἡμῖν
2450 2852 2493 2923 η’
2517 2850 2636 2905 θεία
2659 2851 2809 2924 ψυχὴ
2846 2851 2986 2923 αὕτη
3019 2853 3442 2925 ἐνομοθέτησεν,
3473 2855 3532 2908 ὲν
3558 2853 3637 2926 τῷ

2058 2943 2156 3012 τῆς
2186 2943 2491 3015 προσευχῆς
2512 2944 2691 3015 καιρῷ
2716 2944 2877 2999 τοῦτο
2896 2945 3156 3018 πράττειν
3178 2947 3637 3018 παρεγγυήσασατ

2057 3034 2086 3088 ὃ
2111 3035 2204 3087 καὶ
2230 3034 2324 3088 νῦν
2353 3036 2527 3089 ποιεῖν
2554 3033 2754 3099 ἔξεστι,
2783 3034 2885 3099 τῆς
2912 3036 3019 3090 τῶν
3052 3036 3264 3099 θρήνων
3283 3036 3534 3099 οἰμωγῆς
3558 3039 3663 3099 είς,

375 3034 611 3102 potestis
649 3034 884 3095 ellicere,
921 3034 1334 3089 l'amentati'onis
1360 3034 1656 3090 clamorem
1688 3035 1775 3104 pia
1806 3037 1953 3106 psal-

373 3137 590 3179 morum
646 3121 1037 3178 decantatione
1084 3132 1510 3182 commutautes.
1549 3144 1569 3179 ι
1626 3126 1753 3183 Haec
1787 3143 1950 3198 quam

2058 3034 2086 3088 ὃ
2111 3035 2204 3087 καὶ
2230 3034 2324 3088 νῦν
2353 3036 2527 3089 ποιεῖν
2554 3034 2754 3101 ἔξεστι,
2783 3034 2885 3105 τῆς
2912 3036 3019 3090 τῶν
3052 3036 3264 3111 θρήνων
3283 3036 3534 3107 οἰμωγῆς
3558 3039 3663 3102 είς,

2061 3125 2323 3197 συμπαθῆ
2367 3125 2686 3198 ψαλμῳδίαν
2720 3126 3125 3198 μετατεθείσης.
3176 3145 3195 3179 ι
3237 3127 3403 3182 Ταῦτ’
3453 3127 3664 3197 ελεγον,

2061 3216 2266 3290 μείζονι
2299 3221 2364 3291 τῇ
2388 3220 2560 3289 φωνῇ,
2590 3218 2667 3281 ὡς
2696 3217 2764 3272 ἂν
2792 3218 2881 3273 τὸν
2911 3215 3045 3290 ἦχον
3098 3218 3207 3272 τῶν
3229 3218 3440 3291 θρήνων
3471 3220 3638 3292 ὑπερ-

2057 3311 2346 3381 ηχήσαιμι.
2384 3306 2518 3365 Εἶτα
2565 3311 2899 3382 μεταστῆναι
2933 3311 3281 3383 παρεκάλεσα
3311 3312 3509 3384 μικρὸν
3545 3315 3669 3373 ἐπὶ,

2057 3400 2149 3454 τὸν
2190 3400 2458 3470 σύνεγγυς
2485 3397 2652 3468 οἷκον,
2687 3402 3115 3471 καταλειφθῆναι
3159 3401 3217 3457 δέ
3258 3419 3411 3466 τινας
3452 3403 3512 3470 ἐξ
3541 3403 3663 3457 αὖον

2057 3491 2186 3558 τῶν,
2219 3485 2295 3546 ὧν
2338 3492 2509 3562 ἡδέως
2545 3493 2604 3547 ὲν
2637 3495 2705 3565 τῇ
2744 3492 2874 3566 ζωῇ,
2900 3493 2999 3565 τὴν
3031 3494 3326 3566 θεραπείαν
3359 3494 3634 3564 προσίετο.

2138 3673 2228 3727 'Ev
2255 3672 2482 3738 ταύταις
2507 3667 2577 3743 ἦν
2599 3675 2736 3744 γυνή
2764 3691 2848 3739 τις
2868 3674 2978 3729 τῶν
2996 3674 3370 3746 εὐσχημόνων,
3400 3674 3665 3748 πλούςτιρ,⁵

2058 3765 2154 3819 καὶ
2192 3765 2374 3834 γένει,
2409 3764 2505 3820 καὶ⁸
2544 3767 2614 3837 τῇ
2642 3764 2737 3819 τοῦ
2789 3766 3043 3837 σώματος
3082 3764 3223 3839 ὥρα,
3258 3766 3353 3821 καὶ
3378 3769 3445 3837 τῇ
3473 3766 3666 3839 λοιπῇ.

2060 3855 2387 3929 περιφανείᾳ
2429 3856 2787 3928 περίϐλεπτος
2826 3857 2885 3908 ἐν
2938 3855 3151 3927 νεότητι
3198 3857 3499 3929 γενομένη⁶
3542 3856 3665 3917 καὶ,

2061 3947 2461 4002 συνοικισθεῖσά
2498 3963 2607 4002 τινι
2638 3945 2747 4002 τῶν
2778 3946 2882 4000 ἐπὶ.Δ
2900 3946 3145 4017 μείζονος
3177 3947 3353 4012 ἀξίας,
3383 3950 3476 4002 καὶ
3503 3948 3638 4020 βρα-

2058 4042 2159 4112 χὺν
2186 4042 2555 4113 συνοικήσασα
2584 4039 2813 4111 χρόνονμ
2837 4039 2932 4093 καὶ
2966 4041 3025 4093 ὲν
3065 4040 3171 4111 νέῳ
3194 4039 3271 4111 τῷ
3297 4040 3508 4112 σώματι
3537 4042 3663 4113 τῆςί

2061 4133 2320 4202 συζυγίας
2347 4132 2748 4203 δωζευχθεῖσα,
2775 4131 3014 4202 φύλακα,
3044 4132 3138 4185 καὶ
3170 4132 3512 4202 παιδαγωγὸν
3539 4133 3638 4203 τῆς

2059 4225 2286 4298 χηρείας
2319 4226 2419 4298 τὴν
2462 4224 2706 4297 μεγάλην
2744 4224 3028 4296 Μακρίναν
3072 4225 3437 4296 ποιησαμένη,
3472 4225 3637 4295 συνῆν

2057 4320 2127 4372 τά
2166 4318 2335 4372 πολλὰ
2355 4319 2476 4381 ταῖς
2506 4316 2813 4388 παρθένοις,
2842 4315 2934 4369 τὸν
2973 4316 3110 4388 πρὸς
3140 4315 3340 4387 ἀρετὴν
3362 4315 3477 4386 βίον
3505 4313 3638 4384 παρ’

378 4409 449 4466 ab
475 4410 559 4466 eis
595 4418 803 4468 rectam
840 4421 893 4467 et
937 4427 1001 4466 ex
1035 4412 1241 4469 virtute
1270 4412 1491 4469 vivendi
1519 4417 1793 4471 rationem
1837 4417 1954 4471 edi-

2062 4410 2239 4465 αύτῶν
2280 4409 2727 4481 ἐκδιδασκομένη.
2775 4407 3040 4479 Ούετιανὴ
3079 4407 3251 4478 δνομα
3281 4408 3348 4478 τῇ
3392 4406 3633 4475 γυναικὶ,

378 4508 583 4558 sceret.
629 4501 892 4557 Vestiana
933 4503 1011 4557 illi
1073 4511 1194 4559 erat
1229 4519 1464 4569 nomen,
1526 4518 1683 4577 pater
1714 4506 1953 4564 Araxius

2061 4498 2130 4577 ἧς
2156 4505 2185 4558 ὁ
2224 4502 2408 4575 πατὴρ
2439 4496 2518 4567 εἷς
2546 4498 2613 4574 ἦν
2639 4502 2747 4555 τῶν
2789 4502 2868 4564 είς
2909 4501 3009 4570 τὴν
3051 4501 3158 4556 τῶν
3189 4499 3411 4555 ὑπάτων
3445 4515 3635 4553 συντε-

375 4589 701 4655 vocabatur,
734 4608 880 4648 unus
919 4607 951 4648 e
976 4608 1208 4649 numero
1236 4602 1560 4650 senatorum
1600 4597 1782 4667 magni
1820 4613 1956 4653 con-

377 4680 489 4738 silii
523 4699 539 4737 :
570 4680 638 4736 ad
670 4686 813 4738 hanc
839 4699 964 4755 ego,
1001 4702 1021 4737 ι
1059 4684 1219 4741 Nunc
1245 4688 1489 4758 quidem,
1524 4688 1773 4761 inquam,
1807 4692 1955 4763 invi-

374 4772 595 4829 diosum
621 4789 732 4830 non
779 4775 917 4842 erit,
961 4776 1007 4831 si
1035 4774 1311 4833 defunctae
1341 4780 1772 4849 splendidiorem
1809 4784 1955 4853 adje-

374 4863 619 4921 cerimns
644 4872 927 4931 ornatum,
953 4872 1009 4922 et
1039 4881 1231 4937 puram
1257 4866 1402 4921 illam
1427 4867 1952 4942 immaculatamque

375 4968 601 5011 carnem
640 4955 977 5012 clarioribus
1013 4956 1363 5014 vestimentis
1410 4959 1777 5017 induerimns.
1833 4982 1852 5015 ι
1884 4964 1954 5020 At

378 5046 474 5102 illa
520 5046 827 5119 intelligere
869 5048 1159 5119 respondit
1215 5058 1509 5120 oportere,
1566 5051 1829 5123 quidnam
1869 5053 1949 5109 illi

376 5146 586 5193 sanctae
627 5139 681 5194 in
715 5139 820 5195 hoc
854 5155 1057 5211 genere
1089 5141 1381 5211 probatum
1419 5142 1559 5198 foret
1593 5161 1607 5199 :
1640 5144 1776 5200 nihil
1800 5146 1949 5201 enim

374 5241 408 5281 a
445 5228 608 5284 nobis
650 5231 767 5300 geri
822 5231 906 5288 fas
958 5249 1082 5289 esse
1114 5240 1306 5288 contra
1357 5235 1700 5291 voluntatem
1751 5237 1951 5307 ipsius.

374 5317 614 5374 Omnino
668 5329 853 5378 autem
916 5325 1064 5395 quod
1125 5325 1239 5381 Deo
1291 5333 1505 5397 gratum
1549 5335 1955 5401 acceptumque

374 5419 546 5479 esset,
582 5412 725 5469 idem
746 5417 796 5471 ei
818 5417 1124 5486 jucundum
1151 5418 1419 5474 futurum.

449 5502 581 5560 Erat
615 5506 863 5577 quaedam
904 5508 1161 5579 praelecta
1184 5510 1459 5580 virginum
1490 5510 1663 5567 cboro
1693 5511 1750 5566 in
1790 5511 1956 5567 mini-

374 5592 532 5648 sterii
566 5594 741 5665 gradu
791 5596 1017 5652 nomine
1050 5597 1369 5669 Lampadia,
1406 5614 1529 5670 quae
1573 5601 1694 5671 ejus
1728 5610 1955 5657 senten-

372 5684 514 5743 tiam
534 5685 603 5742 dc
636 5684 888 5745 funerum
938 5689 1156 5762 pompis
1195 5705 1255 5748 se
1301 5690 1462 5763 plane
1508 5692 1656 5749 scire
1704 5692 1947 5750 diccbat.

2054 4598 2290 4653 λούντων
2346 4597 2541 4669 βουλήν
2559 4613 2574 4628 ο
2623 4596 2759 4667 πρὸς
2811 4594 3017 4665 ταύτην
3063 4590 3236 4658 εἷπον,
3280 4593 3635 4662 ἀνεπίφθονον

2054 4686 2193 4746 εἶναι
2222 4690 2318 4744 νῦν
2345 4689 2475 4759 γοῦν
2504 4689 2595 4743 τὸν
2634 4687 2985 4759 φαιδρότερον
3015 4687 3293 4742 ἐπιϐαλεῖν
3324 4686 3530 4757 κόσμον
3556 4682 3634 4756 τῷ
3678 4754 3685 4763 ⁸

2057 4781 2293 4853 σώματι,
2345 4781 2440 4836 καὶ
2483 4780 2762 4852 λαμπραῖς
2806 4779 3021 4845 ὀθόναις
3066 4778 3488 4849 κατακοσμῆσαι
3532 4778 3633 4848 τὴν
3675 4832 3687 4851 ³

2053 4870 2302 4943 καθαρὰν
2368 4869 2586 4943 ἐκείνην
2658 4868 2754 4923 καὶ
2828 4867 3159 4941 ἀκηλίεωτον
3207 4868 3407 4937 σάρκα.
3461 4866 3524 4920 Ἢ
3572 4866 3632 4919 δὲ

2058 4962 2247 5033 μαθεῖν
2290 4959 2394 5033 ἔφη
2423 4960 2643 5031 χρῆναι,
2673 4959 2727 5013 τί
2769 4961 2837 5031 τῇ
2877 4960 3009 5031 ἁγίᾳ
3041 4960 3171 5031 περὶ
3210 4959 3416 5013 τούτων
3448 4955 3632 5020 καλῶς

2053 5053 2197 5125 ἔχειν
2235 5051 2587 5123 ἐδοκιμάσθη·
2633 5050 2709 5124 μὴ
2746 5052 2854 5123 γὰρ
2882 5050 3077 5120 εὐαγὲς
3105 5045 3243 5104 εἶναι
3276 5049 3425 5118 παρά
3455 5047 3519 5101 τὸ
3546 5063 3635 5100 κε-

2052 5146 2381 5218 χαρισμένον
2428 5144 2565 5215 αὐτῇ
2606 5161 2660 5198 τι
2711 5146 2841 5216 παρ’
2891 5144 3046 5214 ἡμῶν
3093 5140 3345 5211 γενέσθαι
3390 5140 3627 5203 πάντως.

2053 5237 2278 5301 Πάντως
2300 5234 2356 5289 δὲ
2377 5234 2406 5288 ὃ
2430 5233 2510 5306 τῷ
2535 5233 2654 5307 Θεῷ
2676 5233 2827 5305 φίλον
2847 5250 2907 5287 τε
2932 5233 3025 5289 καὶ
3055 5233 3368 5304 εὐάρεστον,
3397 5229 3626 5300 κάκείνῃ

2052 5327 2389 5399 καταθύμιον
2416 5321 2574 5384 εἶναι.

2126 5508 2238 5562 Καὶ
2266 5501 2335 5580 ἦν
2356 5524 2441 5573 τις
2472 5506 2882 5580 προτεταγμένη
2905 5504 2999 5560 τοῦ
3024 5503 3184 5576 χοροῦ
3208 5503 3319 5558 τῶν
3346 5502 3631 5575 παρθενων
3660 5475 3665 5483 ’

2053 5600 2113 5654 ὲν
2144 5599 2220 5671 τῷ
2265 5599 2365 5670 τῆς
2393 5597 2666 5664 διακονίας
2698 5596 2912 5669 βαθμῷ,
2942 5597 3237 5667 Δαμπαδία
3264 5597 3439 5667 ὄνομα
3466 5595 3628 5666 αὑτῇο

2054 5695 2091 5768 ἢ
2113 5690 2357 5764 ἀκριϐῶς
2396 5690 2498 5764 ἔφη
2532 5690 2818 5762 γινώσκειν
2852 5689 2979 5762 περὶ
3014 5689 3122 5746 τῶν
3158 5688 3302 5745 κατὰ
3326 5688 3424 5762 τὴν
3452 5686 3638 5759 ταφὴν

4058 288 4088 457 l

4041 1034 4088 1133 Α

4072 1312 4087 1384 l
