4092 6368
394 284 508 345 919.

1631 278 1911 336 ΒΕῊΤᾹ-
1968 283 2023 336 5.
2073 282 2429 340 ΜἈΟΒΙΝᾸΕ.

3552 290 3673 349 990*

392 398 727 470 δεδογμένων
757 398 969 471 ἐκείνῃ·
1016 399 1138 451 ἐπεὶ
1170 397 1223 450 δὲ
1250 396 1471 469 ἠρόμην.
1504 398 1671 471 αὐτὴν
1711 401 1838 470 περὶ
1856 399 1978 452 τού-

2085 401 2211 455 Hzec
2254 416 2282 453 a
2331 416 2417 455 me
2465 400 2551 456 his
2601 400 2669 455 de
2718 401 2882 457 rebus
2929 402 3265 474 interrogata
3303 402 3485 475 (forte
3506 410 3655 465 enim

393 510 501 544 των
542 487 826 561 (παροῦσα
862 489 969 560 γὰρ
1018 487 1175 558 ἔτυχε
1217 492 1281 558 τῇ
1332 488 1638 559 βουλήσει),
1681 489 1783 559 ἔφη
1841 492 1977 559 μετά

391 580 643 651 δακρύων
671 597 685 611 ο
717 600 734 631 ι
771 581 849 649 Τῇ
878 580 1007 648 ἁγία
1032 580 1252 649 κόσμος,
1278 583 1305 632 ὀ
1332 581 1569 648 καθαρὸς
1600 582 1712 650 βίος
1740 584 1982 634 διεσπου-

391 674 591 746 δάσθη·
626 674 783 728 10610
816 676 909 727 καὶ
941 674 1040 743 τῆς
1081 674 1227 741 ζωῆς
1259 673 1707 744 ἐγκαλλώπισμα,
1752 675 1845 727 καὶ
1886 674 1978 727 106

393 771 625 824 θανάτου
659 770 911 838 ἐντάφιον
944 770 1158 837 ἐκείνης
1191 769 1305 821 ἐστί
1326 786 1338 799 ⁸
1369 769 1436 820 τὰ
1467 768 1512 820 δ’
1540 770 1640 821 ὅσα
1675 769 1809 838 πρὸς
1847 769 1978 821 καλ-

391 861 672 931 λωπισμὸν
724 860 973 930 σώματος
1024 859 1253 929 βλέπει,
1294 859 1417 912 οὔτε
1466 861 1523 912 ἐν
1566 858 1642 929 τῷ
1692 860 1785 929 τῆς
1836 860 1979 928 ζωῆς

390 956 566 1025 χρόνῳ
623 958 958 1025 προσήκατο,
1004 951 1128 1005 οὔτε
1184 954 1263 1016 είς
1312 953 1411 1024 τὴν
1450 952 1733 1022 παροῦσαν
1784 954 1978 1023 χρῆσιν

391 1043 785 1112 ἐταμιεύσατο·
823 1042 962 1095 ὥστε
1009 1043 1130 1096 οὐδὲ
1182 1041 1527 1113 βουλομένοις
1559 1045 1693 1113 ήμῖν
1737 1042 1889 1095 ἔσται
1924 1060 1976 1094 τι

391 1137 574 1196 πλέον,
608 1135 711 1205 τῆς
737 1137 816 1199 είς
840 1136 970 1188 αὐτὸ
1011 1134 1169 1189 τοῦτο
1206 1135 1564 1206 παρασκευῆς
1590 1136 1650 1187 οὐ
1672 1134 1973 1205 παρούσης.

388 1258 459 1266 —
486 1228 595 1279 Ka‘t
639 1228 739 1280 οὐκ
780 1226 926 1279 ἐστιν
961 1227 1018 1278 ἐν
1047 1227 1159 1288 τοῖς
1186 1226 1568 1296 ἀποκειμένοις
1609 1226 1785 1297 εὑρεῖν
1806 1224 1977 1293 ,ἔφην

389 1317 519 1385 ἐγὼ,
542 1318 649 1371 τῶν
674 1318 1045 1386 ἐπικοσμῆσαί
1078 1336 1131 1370 τι
1158 1317 1471 1385 δυναμένων
1503 1318 1602 1386 τὴν
1631 1318 1869 1388 ἐκφοράν
1889 1334 1977 1383 ;—

390 1411 592 1477 Ποίοις,
620 1407 789 1472 εἶπεν,
818 1410 1234 1480 ἀποκειμένοις;
1268 1411 1355 1462 Ἐν
1379 1410 1564 1480 χερσὶν
1593 1410 1734 1479 ἔχεις
1770 1410 1877 1462 πᾶν
1917 1410 1977 1461 τὸ

390 1500 669 1553 ἀπόθετον·
706 1500 814 1553 ίδοὺ
842 1500 903 1553 τὸ
934 1501 1164 1571 ἱμάτιον,
1197 1500 1304 1553 ἰδοὺ
1339 1501 1438 1571 τῆς
1467 1500 1705 1569 κεφαλῆς
1742 1502 1774 1571 ή
1815 1500 1975 1553 καλύ-

392 1607 563 1660 πτρα,
597 1591 665 1644 τὰ
685 1591 1024 1662 τετριμμένα
1056 1591 1165 1645 τῶν
1190 1591 1365 1644 ποδῶν
1391 1592 1710 1663 ὑποδήματα
1730 1609 1743 1622 '
1768 1587 1923 1655 οὗτος
1947 1595 1975 1645 ὁ

390 1683 649 1746 πλοῦτος·
685 1683 824 1753 αύτη
868 1686 901 1754 ή
936 1686 1245 1754 περιουσία.
1300 1684 1463 1738 Οὐδὲν
1498 1684 1648 1755 παρὰ
1690 1686 1749 1738 τὸ
1785 1686 1972 1754 φαινό-

2086 494 2347 549 intererat
2368 495 2802 566 consultationi)
2828 511 2952 550 eum
2991 497 3247 567 lacrymis
3275 501 3611 568 respondens
3638 520 3665 555 εκ

2088 606 2106 636 ‹
2173 585 2387 655 Integre
2437 594 2491 641 et
2544 601 2679 655 pure
2742 587 3017 650 vivendo,
3065 589 3272 659 inquit,
3310 600 3503 645 sancta
3549 593 3656 647 sibi

2082 687 2471 732 ornamentum
2515 679 2761 748 paravit,
2818 680 2961 749 quod
2998 688 3050 735 et
3082 683 3246 735 vitam
3284 683 3454 752 ipsius
3495 683 3659 738 deco-

2081 780 2226 823 raret
2258 778 2313 824 et
2338 770 2677 840 sepulturam
2708 790 2720 825 :
2747 787 2873 825 nam
2914 773 3059 841 quod
3090 774 3157 827 ad
3202 776 3454 844 corporis
3493 791 3659 830 orna-

2084 876 2194 916 tum
2230 873 2459 931 spectat,
2492 879 2593 917 uec
2627 864 2756 918 dum
2790 864 2996 918 viveret
3027 866 3258 933 accepit,
3294 882 3393 921 nec
3420 869 3473 921 in
3506 869 3655 923 hunc

2083 973 2243 1010 usum
2292 956 2609 1010 reservavit.
2671 955 2852 1020 Quare
2907 971 2975 1010 ne
3035 956 3081 1011 si
3125 958 3361 1011 velimus
3413 960 3655 1027 quidem,

2082 1050 2319 1118 amplius
2357 1049 2502 1113 licet,
2533 1064 2658 1103 cum
2700 1050 2765 1103 ad
2806 1051 2946 1105 hanc
2988 1066 3100 1103 rem
3130 1066 3238 1104 non
3274 1062 3527 1121 suppetat
3562 1070 3660 1124 ap-

2083 1154 2326 1212 paratus.
2367 1174 2439 1183 —
2487 1142 2744 1205 Nihilne,
2810 1142 3075 1211 inquam,
3140 1144 3489 1198 reconditqu
3550 1152 3655 1210 est,

2083 1250 2193 1300 quo
2224 1234 2395 1303 justa,
2430 1242 2484 1289 et
2507 1234 2786 1303 exsequiae
2815 1235 3028 1304 possint
3060 1236 3364 1288 adornari?
3392 1267 3462 1277 —
3492 1235 3657 1303 Quid,

2084 1327 2259 1394 inquit
2310 1327 2396 1379 illa
2426 1366 2441 1389 ,
2499 1326 2843 1380 reconditum
2888 1326 3127 1381 narras?
3153 1326 3433 1397 Quidquid
3463 1332 3662 1383 recen-

2080 1419 2174 1471 diti
2199 1426 2283 1471 est
2308 1418 2361 1470 in
2388 1419 2641 1472 manibus
2667 1419 2857 1480 habes,
2886 1434 3015 1473 ecce
3037 1419 3285 1493 pallium,
3310 1435 3442 1475 ecce
3459 1421 3661 1492 capitis

2082 1519 2333 1579 tegmen,
2396 1519 2449 1565 et
2507 1511 2633 1564 trita
2666 1510 2866 1580 pedum
2923 1512 3322 1566 ealceamenta.
3377 1512 3471 1567 lla:
3529 1522 3671 1569 sunt

2080 1618 2237 1671 Opes,
2293 1602 2406 1656 lucc
2452 1603 2696 1668 supellex
2733 1620 2745 1653 :
2780 1602 2915 1656 nihil
2952 1610 3149 1671 prater
3192 1603 3244 1656 id
3295 1605 3439 1671 quod
3471 1607 3665 1661 cernis

2083 1696 2135 1747 iu
2164 1696 2369 1749 arculis
2392 1704 2485 1747 aut
2516 1696 2774 1749 thalamis
2805 1695 3087 1748 conditum
3119 1695 3247 1748 latet
3279 1714 3291 1749 :
3325 1712 3486 1750 unam
3518 1697 3661 1751 divi-

393 1792 553 1843 μενον
598 1777 654 1827 ἐν
710 1775 1049 1845 ἀποκρύφοις
1094 1777 1415 1838 ἀπόκειται,
1460 1776 1711 1839 κιϐωτοῖς
1751 1794 1890 1830 τισιν
1941 1776 1972 1846 ἢ

2080 1791 2279 1842 tiarum
2329 1803 2553 1841 suarum
2624 1789 2815 1843 cellam
2872 1797 3148 1853 noverat,
3194 1789 3517 1843 thesaurum
3548 1804 3660 1845 cm-

390 1864 651 1935 θαλάμοις
706 1867 1130 1937 ήσφαλισμένον.
1188 1870 1333 1922 Μίαν
1383 1869 1668 1940 ἀποθήκην
1723 1870 1838 1939 ᾔδει
1880 1869 1973 1923 106

394 1960 525 2012 ἰδίου
551 1960 804 2021 πλούτου,
826 1961 915 2014 τὸν
944 1960 1216 2030 θησαυρὸν
1240 1961 1329 2013 τὸν
1358 1959 1623 2029 οὐράνιονο
1658 1962 1775 2012 ἐκεῖ
1801 1962 1979 2013 πάντα

389 2053 721 2124 ἀποθεμένη,
752 2053 900 2106 οὐδὲν
924 2054 1017 2105 ἐπὶ
1036 2054 1141 2124 γῆς
1165 2052 1506 2106 ὑπελείπετο.
1524 2052 1670 2104 -Τί
1702 2048 1814 2113 οὖν,
1841 2052 1976 2122 ἔφην

390 2144 527 2216 πρὸς
556 2145 761 2215 ταύτην
787 2144 917 2213 ἐγὼ,
961 2147 1009 2197 εί
1034 2146 1141 2198 τῶν
1169 2145 1292 2215 ἐμοὶ
1326 2146 1463 2215 πρὸς
1490 2144 1589 2215 τὴν
1616 2145 1793 2213 ταφήν
1827 2147 1975 2215 ήτοι-

394 2239 689 2306 μασμένων
722 2237 1157 2307 προσαγάγοιμι,
1190 2239 1319 2308 μήτι
1349 2236 1459 2288 τῶν
1488 2235 1801 2306 ἀϐουλήτων
1839 2236 1973 2307 αύτῇ

388 2326 477 2380 διὰ
508 2327 665 2380 10610
698 2328 988 2398 γενήσεται
1014 2348 1026 2394 ;
1066 2348 1084 2380 ι
1117 2329 1229 2381 Οὐκ
1252 2327 1459 2381 οἴεσθαι
1490 2327 1614 2397 ἔφη,
1640 2328 1795 2381 10610
1826 2329 1974 2398 παρὰ

389 2420 614 2489 γνώμην
655 2414 793 2473 εἶναι
834 2420 991 2489 αὐτῇ.
1022 2439 1039 2471 ‹
1071 2421 1377 2490 Προσέσθαι
1425 2420 1533 2490 γὰρ
1571 2419 1636 2473 ἂν
1675 2420 1844 2490 αὐτὴν
1883 2422 1976 2473 καὶ

390 2511 572 2574 ζῶσαν
604 2511 701 2581 τὴν
730 2512 984 2581 τοιαύτην
1022 2511 1171 2582 παρὰ
1199 2512 1290 2564 006
1321 2512 1485 2582 τιμὴν
1525 2511 1644 2565 κατ’
1669 2512 1973 2582 ἀμφότερα,

388 2601 479 2655 διά
506 2619 565 2655 τε
594 2602 691 2673 τὴν
723 2602 1042 2674 ἱερωσύνην,
1086 2602 1183 2673 τὴν
1229 2602 1315 2655 ἀεὶ
1340 2603 1525 2672 τιμίαν
1554 2602 1689 2672 αὐτῇ
1712 2643 1725 2665 ,
1756 2603 1849 2655 καὶ
1888 2602 1977 2653 διὰ

388 2696 488 2764 τήν
526 2694 809 2747 κοινωνίαν
848 2695 945 2764 τῆς
973 2694 1215 2762 φύσεως·
1259 2694 1393 2765 μηδὲ
1427 2694 1536 2764 γὰρ
1566 2693 1846 2765 ἀλλότριον
1878 2694 1975 2746 αὑ-

388 2788 491 2857 τῆς
520 2786 580 2839 τὸ
608 2786 702 2840 τοῦ
734 2785 963 2854 ἀδελφοῦ
990 2786 1235 2856 νομίσαι.
1265 2787 1362 2837 Διά
1394 2784 1553 2838 10610
1581 2785 1676 2837 καὶ
1707 2786 1827 2847 ταῖς
1858 2788 1977 2848 σαῖς

391 2882 546 2952 χερσὶ
583 2880 923 2952 κοσμηθῆναι
953 2880 1014 2933 τὸ
1044 2879 1203 2949 σῶμα
1227 2878 1621 2932 διεκελεύσατο.
1654 2898 1671 2930 ι

481 2975 631 3027 Ἐπει
668 2974 726 3027 δὲ
773 2973 931 3027 τοῦτο
979 2972 1243 3032 ἐδέδοκτο,
1295 2972 1388 3024 καὶ
1437 2970 1542 3023 ἔδει
1585 2970 1976 3041 περισταλῆναι

390 3069 512 3130 ταῖς
552 3066 765 3130 ὀθόναις
815 3065 878 3118 τὸ
928 3065 1070 3135 ἱερὸν
1109 3066 1284 3117 ἐκεῖνο
1319 3063 1512 3133 σῶμα,
1549 3063 1846 3132 διελόμενοι
1878 3062 1976 3133 τὴν
2004 3103 2047 3159 C

395 3159 651 3230 σπουδὴν,
684 3158 842 3221 ἄλλος
878 3157 1008 3211 ἄλλο
1044 3174 1098 3210 τι
1133 3156 1260 3227 περὶ
1288 3155 1457 3225 αὐτὴν
1488 3153 1833 3224 ἐπενοοῦμεν.
1870 3154 1978 3206 Καὶ

396 3249 508 3319 ἐγὼ
557 3252 653 3322 μὲν
698 3251 799 3319 τὴν
851 3248 1053 3318 ἐσθῆτα
1109 3247 1214 3301 τῶν
1262 3247 1408 3317 ἐμῶν
1456 3264 1561 3299 τινι
1611 3247 1978 3317 προσαγαγεῖν

393 3341 831 3411 ἐνεκελευσάμην
856 3356 869 3370 ·
914 3341 947 3410 ή
988 3339 1044 3393 δὲ
1081 3337 1513 3409 μνημονευθείσα
1565 3334 1850 3405 υύετιανή,
1880 3334 1978 3405 τὴν

394 3433 553 3502 ἀγίαν
604 3432 819 3502 ἐκείνην
860 3430 1103 3499 κεφαλὴν
1156 3431 1276 3491 1a't;
1330 3428 1486 3489 ἰδίαις
1532 3426 1689 3497 χερσὶ
1739 3442 1977 3479 κατακο-

396 3524 611 3593 σμοῦσα
634 3564 649 3587 ,
680 3523 874 3593 ἐπειδὴ
895 3521 1035 3575 κατὰ
1063 3521 1153 3574 τὸν
1186 3519 1391 3589 αὐχένα
1411 3519 1509 3589 τὴν
1540 3520 1695 3589 χεῖρα
1726 3519 1976 3587 ἤνεγκεν,

400 3636 418 3666 ι
473 3615 626 3678 Ἰδοὺ,
655 3615 828 3685 φησὶ,
866 3612 1003 3685 πρὸς
1047 3611 1149 3683 ἐμὲ
1182 3611 1445 3681 βλέψασα,
1480 3605 1592 3672 οἶος
1632 3609 1979 3681 περιδέραιος

393 3707 597 3776 κόσμος
630 3706 727 3776 τῆς
770 3704 959 3773 ’Λγίας
1004 3704 1316 3774 ἐξήρτηται.
1359 3721 1381 3753 ι
1413 3701 1518 3755 Καὶ
1560 3700 1675 3772 ἅμα
1702 3700 1862 3753 τοῦτο
1895 3701 1981 3753 λέ-

393 3818 593 3867 γουσα,
628 3797 902 3851 ἐκλύσασα
936 3796 1027 3849 τὸν
1068 3796 1266 3864 δεσμὸν
1299 3796 1364 3847 ὲκ
1409 3794 1502 3846 106
1538 3792 1803 3855 κατόπιν,
1845 3808 1979 3862 προσ

394 3892 563 3944 έτεινε
605 3890 703 3959 τὴν
740 3890 922 3960 χεῖρα,
976 3888 1070 3941 καὶ
1117 3887 1390 3941 δείκνυσιν
1437 3886 1568 3955 ἡμῖν
1617 3883 1836 3954 σιδηροῦ
1883 3881 1977 3937 τοῦ

395 3980 628 4051 σταυροῦ
673 3980 763 4033 τὸν
808 3978 998 4042 τύπον,
1051 3977 1147 4030 καὶ
1188 3974 1471 4030 δακτύλιόν
1510 3991 1632 4027 τινα
1674 3974 1775 4043 τῆς
1809 3971 1979 4041 αὐτῆς

396 4074 527 4142 ὕλης
552 4087 563 4099 ·
609 4072 753 4141 ειπερ
780 4070 1065 4140 ἀμφότερα
1096 4068 1296 4137 λεπτῆς
1336 4066 1535 4136 ὁρμιᾶς
1572 4062 1853 4135 ἐξημμένα
1888 4062 1980 4115 ἐπὶ

393 4164 496 4232 τῆς
537 4162 763 4233 καρδίας
793 4160 1085 4223 διαπαντὸς
1126 4154 1215 4229 ἦν.
1247 4158 1356 4211 Καὶ
1388 4156 1497 4225 ἐγὼ
1523 4150 1694 4208 εἶπον*
1732 4174 1749 4205 ι
1786 4153 1978 4206 Κοινὸν

395 4253 635 4321 γενέσθω
668 4253 728 4305 τὸ
755 4252 961 4322 κτῆμα.
1008 4250 1117 4304 Καὶ
1153 4250 1218 4301 σὺ
1260 4249 1358 4319 μὲν
1387 4246 1476 4317 ἔχε
1516 4246 1578 4299 τὺ
1605 4244 1699 4298 τοῦ
1743 4244 1976 4315 σταυροῦ

397 4346 764 4415 φυλακτήριον
786 4360 799 4372 ·
831 4344 954 4412 ἐμοὶ
996 4343 1052 4395 δὲ
1086 4340 1310 4411 ἀρκέσει
1350 4341 1384 4409 ή
1417 4336 1509 4391 106
1538 4334 1821 4389 δακτυλίου
1847 4334 1974 4405 κλη-

2078 1881 2269 1933 lcstem
2306 1896 2316 1926 :
2355 1881 2467 1933 illic
2523 1881 2708 1932 omnia
2760 1880 3087 1941 collocavit,
3142 1880 3279 1933 nihil
3330 1880 3558 1948 reliquit
3602 1882 3670 1936 im

2080 1981 2247 2024 terra.
2296 1992 2315 2021 ι
2357 1970 2494 2025 Tum
2531 1987 2665 2038 ego,
2702 1991 2719 2022 ι
2759 1971 2899 2037 Quid
2926 2012 2941 2036 ,
3000 1972 3265 2041 inquam,
3306 1972 3351 2025 si
3395 1972 3463 2025 ad
3493 1973 3663 2026 funus

2077 2062 2383 2116 ornandum
2420 2080 2483 2116 ea
2529 2064 2628 2124 iis,
2676 2078 2799 2132 qua:
2837 2063 2971 2117 mihi
3017 2073 3212 2132 parata
3259 2070 3389 2117 sunt
3449 2063 3658 2134 aliquid

2078 2152 2385 2224 proferam,
2418 2170 2545 2207 num
2578 2155 2891 2209 inconsulte
2920 2154 3123 2208 factum
3145 2155 3515 2210 existimabit?
3545 2174 3563 2208 ι
3602 2154 3657 2209 Id

2079 2253 2276 2315 praeter
2329 2247 2660 2301 sententiam
2693 2246 2815 2314 ejus
2862 2245 3109 2299 futurum
3144 2261 3204 2301 se
3243 2260 3352 2300 non
3396 2246 3656 2300 arbitrari

2080 2337 2364 2406 respondit
2398 2353 2409 2388 :
2449 2356 2467 2388 ι
2504 2336 2639 2390 Nam
2678 2339 2780 2392 etsi
2828 2339 3076 2402 viveret,
3120 2337 3338 2392 duabus
3369 2339 3437 2393 de
3468 2338 3657 2394 causis

2079 2444 2187 2483 non
2224 2429 2544 2499 repudiaret
2578 2430 2843 2485 honorem
2876 2438 3055 2496 tuum,
3086 2430 3169 2485 vel
3208 2437 3435 2500 propter
3472 2444 3661 2484 sacer-

2079 2521 2216 2575 dotii
2268 2522 2589 2594 dignitatem
2637 2537 2801 2593 quam
2860 2537 3078 2593 semper
3114 2530 3375 2578 venerata
3413 2528 3499 2577 est
3526 2560 3541 2586 ,
3575 2520 3660 2575 vel

2077 2621 2303 2683 propter
2340 2621 2550 2668 natura:
2605 2614 3119 2680 necessitudinem;
3181 2629 3361 2685 neque
3416 2613 3660 2668 alienum

2079 2702 2307 2756 duceret
2340 2703 2394 2757 id
2431 2704 2576 2773 quod
2625 2719 2654 2757 a
2699 2703 2869 2758 fratre
2915 2711 3065 2759 esset
3095 2721 3109 2756 :
3138 2702 3351 2758 idcirco
3402 2702 3662 2759 manibus

2078 2795 2245 2847 etiam
2272 2794 2383 2850 tuis
2412 2810 2616 2865 corpus
2652 2802 2713 2849 ut
2752 2806 3043 2851 curaretur
3071 2794 3375 2849 mandavit.
3422 2812 3441 2845 ι

2149 2975 2286 3030 Cum
2346 2974 2513 3043 igitur
2560 2975 2635 3030 ita
2672 2974 2854 3031 visum
2906 2982 3088 3040 esset,
3144 2981 3200 3029 et
3237 2986 3458 3028 sacrum
3524 2968 3661 3025 illud

2079 3084 2282 3139 corpus
2312 3069 2421 3139 tegi
2449 3068 2700 3123 vestibus
2731 3072 3035 3137 Oporteret,
3087 3064 3331 3120 studium
3374 3062 3520 3117 inter
3551 3076 3657 3116 nos

2084 3160 2394 3216 dividentes
2429 3161 2577 3214 circa
2610 3159 2818 3228 ipsam,
2860 3157 3003 3211 alius
3040 3155 3191 3210 aliud
3224 3154 3609 3225 cogitabamus
3643 3171 3657 3207 :

2078 3259 2133 3306 et
2166 3266 2268 3322 ego
2319 3251 2541 3320 quidem
2592 3250 2734 3317 jussi
2780 3248 3001 3303 cuidam
3042 3264 3108 3303 ex
3167 3247 3306 3302 meis
3345 3255 3407 3300 ut
3449 3252 3661 3301 vestem

2078 3339 2303 3394 aﬂ‘erret
2350 3357 2365 3395 :
2417 3339 2505 3393 illa
2557 3353 2708 3403 vero,
2755 3352 2865 3407 qua
2905 3337 2975 3392 de
3019 3334 3357 3391 mentionem
3403 3334 3658 3398 fecimus,

2081 3431 2337 3485 Vestiana
2388 3431 2627 3500 propriis
2673 3428 2930 3484 manibus
2967 3443 3176 3483 ornans
3223 3435 3473 3483 sanctum
3523 3427 3658 3481 illud

2078 3533 2284 3592 caput,
2341 3536 2467 3576 cum
2526 3520 2647 3591 ejus
2706 3521 2911 3575 cervici
2979 3534 3207 3573 manum
3281 3518 3662 3580 submisisset,

2085 3632 2103 3665 ι
2148 3612 2285 3667 Ecce
2311 3651 2327 3678 ,
2363 3611 2543 3680 inquit
2615 3610 2682 3665 ad
2718 3625 2804 3665 me
2849 3608 3182 3679 respiciens,
3218 3606 3383 3679 quale
3428 3622 3460 3662 e
3514 3607 3661 3661 collo

2079 3714 2285 3760 sanetae
2334 3704 2557 3758 monilis
2616 3709 3000 3756 ornamentum
3052 3699 3304 3770 pendet:
3362 3718 3382 3752 ι
3439 3706 3499 3754 et
3542 3697 3659 3751 haec

2078 3800 2268 3854 dicens
2302 3795 2498 3851 solutis
2534 3810 2674 3864 pone
2711 3792 2952 3848 vincuiis
2982 3792 3271 3862 praetendit
3322 3805 3491 3845 manu
3550 3788 3657 3843 fer-

2080 3905 2231 3943 reum
2263 3887 2448 3943 crucis
2482 3888 2722 3957 signum,
2757 3892 2812 3939 et
2840 3885 3103 3938 annulum
3132 3882 3426 3953 quemdam
3455 3897 3520 3937 ex
3568 3896 3661 3937 ea-

2078 3980 2201 4034 dem
2225 3978 2453 4031 materia
2476 3994 2490 4042 ;
2518 3992 2640 4047 qua:
2657 3974 2877 4045 quidem
2902 3982 3136 4044 utraque
3154 3974 3305 4027 tenui
3331 3971 3661 4027 redimicqu

2080 4084 2323 4140 appensa
2348 4083 2565 4138 semper
2592 4066 2745 4121 cordi
2780 4065 3155 4120 adhaerebant.
3190 4063 3257 4116 Et
3279 4078 3404 4133 ego,
3440 4081 3459 4113 ‹
3489 4060 3657 4117 Com-

2080 4162 2287 4228 munis,
2343 4160 2592 4230 iuquam,
2630 4159 2703 4213 sit
2748 4157 2863 4212 haec
2909 4156 3216 4227 possessio.
3250 4156 3407 4209 Actu
3435 4153 3656 4224 quidem

2079 4254 2284 4309 habeas
2340 4251 2527 4307 crucis
2579 4250 2841 4321 insigne:
2890 4248 3022 4302 mihi
3082 4253 3263 4301 autem
3316 4246 3662 4301 haereditatis

2081 4344 2269 4399 annuli
2318 4343 2456 4399 satis
2495 4344 2622 4405 erit,
2671 4360 2689 4394 ι
2725 4340 3000 4409 siquidem
3033 4339 3087 4392 iu
3142 4337 3309 4407 hujus
3341 4336 3506 4392 etiam
3534 4337 3652 4404 pal:.

401 4436 646 4506 ρονομίαο
675 4455 692 4485 ι
730 4436 824 4487 καὶ
848 4434 957 4503 γὰρ
989 4434 1080 4485 ἐπὶ
1103 4432 1202 4501 τῆς
1230 4428 1420 4483 τούτου
1447 4427 1739 4499 σφραγῖδος
1763 4428 1791 4478 ὁ
1814 4442 1976 4478 σταυ-

2082 4454 2217 4493 crux
2260 4444 2380 4491 erat
2420 4435 2707 4505 impressa.
2763 4432 2833 4485 At
2865 4446 2989 4486 eum
3034 4429 3235 4484 mulier
3283 4428 3505 4483 intuens
3532 4443 3655 4481 rur-

403 4527 492 4599 ρδς
524 4526 882 4597 ἐκεχάρακτο.
924 4519 996 4595 Ὦ
1030 4523 1405 4587 ἐνατενίσασα,
1453 4520 1585 4590 φησὶ
1631 4518 1796 4571 πάλιν
1841 4516 1978 4588 πρὸς

400 4620 501 4690 ἐμὲ
532 4620 565 4689 ἡ
596 4620 732 4689 γυνή
760 4634 775 4649 ·
819 4635 838 4667 ι
890 4617 1006 4670 Οὐκ
1032 4611 1424 4669 ἀποσκοποῦσα
1451 4613 1674 4681 γέγονεν
1708 4610 1742 4677 ἡ
1779 4607 1977 4678 ἐκλογὴ

400 4711 552 4765 τοῦδε
594 4711 688 4763 106
725 4710 1021 4780 κτήματος.
1054 4706 1250 4770 Κοῖλος
1286 4705 1395 4776 γὰρ
1437 4702 1579 4757 κατὰ
1622 4702 1721 4773 τὴν
1762 4700 1980 4771 σφενδό-

401 4821 499 4873 νην
531 4803 678 4855 ἐστ¹ιν
702 4802 730 4854 ό
764 4800 1068 4863 δακτύλιος,
1100 4800 1196 4853 καὶ
1225 4800 1280 4851 ἐν
1314 4796 1460 4867 αύτῷ
1487 4798 1551 4849 ἐκ
1573 4794 1668 4848 τοῦ
1694 4794 1849 4859 ξύλου
1878 4791 1981 4861 τῆς

404 4896 549 4965 ζωῆς
587 4894 1072 4965 κατακέκρυπται·
1124 4890 1219 4945 καὶ
1249 4889 1422 4953 οὕτως
1447 4889 1651 4943 ἄνωθεν
1676 4888 1710 4957 ή
1746 4884 1980 4956 σφραγὶς

401 4986 482 5056 τῷ
518 4985 629 5055 ἰδίῳ
670 4984 824 5054 τύπῳ
856 4983 1045 5054 μηνύει
1074 4981 1135 5035 τὸ
1164 4981 1538 5052 ὑποκείμενον.
1575 4999 1593 5031 ι

483 5078 574 5141 Ὠς
602 5076 660 5129 δὲ
688 5076 783 5129 καὶ
818 5073 1285 5146 περικαλυφθῆναι
1319 5076 1385 5144 τῇ
1417 5072 1602 5142 ἐσθῆτι
1633 5072 1694 5124 τὸ
1741 5069 1982 5141 καθαρὸν

406 5170 567 5240 σῶμα
600 5168 792 5239 καιρὸς
818 5163 885 5238 ἦν
905 5206 920 5232 ,
949 5167 1116 5236 κάμοὶ
1149 5166 1251 5236 τὴν
1289 5164 1563 5218 διακονίαν
1597 5162 1799 5233 ταύτην
1830 5164 1862 5231 ή
1900 5162 1983 5214 ὲνο

404 5263 532 5331 τολὴ
557 5262 656 5332 τῆς
682 5261 923 5333 μεγάλης
951 5260 1165 5332 ἐκείνης
1192 5258 1493 5327 ἀναγκαίαν
1521 5256 1711 5309 ἐποίειο
1732 5254 1981 5324 παροῦσα

403 5352 483 5422 τῷ
525 5352 672 5423 ἔργῳ
708 5352 802 5404 καὶ
832 5350 1278 5420 συνεφαπτομένη
1304 5350 1338 5419 ή
1362 5350 1461 5419 τῆς
1494 5346 1734 5417 μεγάλης
1770 5344 1983 5414 ἐκείνης

404 5444 537 5513 ήμῖν
564 5442 929 5513 κληρονομίας
967 5443 1363 5511 κοινωνήσασα,
1410 5460 1427 5491 ι
1468 5440 1559 5509 Μὴ
1596 5435 1980 5508 παραδράμῃς,

404 5536 592 5607 φησὶν,
638 5535 987 5607 ἀνιστόρητον
1029 5535 1089 5587 τὸ
1140 5533 1367 5603 μέγεθος
1400 5530 1507 5584 τῶν
1551 5529 1656 5582 ὑπὸ
1686 5528 1784 5597 τῆς
1824 5525 1984 5595 ἁγίας

402 5628 609 5697 ταύτης
638 5627 1090 5698 κατορθωθέντων
1124 5622 1575 5695 θαυμάτων.-Τί
1602 5620 1778 5684 10610;
1810 5639 1827 5670 ι
1849 5618 1983 5687 ἔφην

406 5717 537 5790 ἐγώ.
579 5720 645 5772 Ἡ
686 5718 741 5771 δὲ
792 5719 953 5791 μέρος
994 5735 1046 5771 τι
1087 5717 1176 5771 106
1210 5717 1435 5789 στήθους
1467 5711 1945 5786 παρα-γυμνώσασα

2080 4545 2177 4586 sus
2209 4528 2277 4581 ad
2321 4543 2429 4592 me,
2468 4544 2487 4578 ι
2526 4526 2585 4579 In
2628 4523 2944 4594 deligendo,
2977 4521 3179 4591 inquit,
3210 4536 3323 4575 non
3363 4521 3659 4579 aberrasli,

2079 4620 2278 4676 etenim
2308 4624 2607 4673 excavatus
2626 4625 2712 4671 est
2740 4613 2983 4669 annulus
3016 4611 3121 4666 sub
3145 4612 3265 4681 ipsa
3292 4611 3441 4681 pala,
3466 4610 3659 4679 ibique

2079 4714 2148 4767 de
2199 4712 2351 4781 ligno
2396 4711 2524 4764 vita:
2584 4707 2912 4779 particulam
2949 4703 3228 4760 conditam
3275 4704 3465 4766 habet,
3511 4702 3655 4773 quod

2080 4803 2510 4875 superadjacens
2545 4800 2669 4872 pala
2697 4798 2867 4856 simili
2910 4804 3042 4852 nota
3072 4794 3367 4868 signiﬁcat.
3407 4813 3429 4848 ι

2150 5067 2421 5122 Caeterum
2472 5078 2598 5119 cum
2647 5070 2866 5134 tempus
2906 5064 3162 5130 posceret
3188 5062 3250 5112 ut
3280 5064 3494 5111 castum
3536 5068 3657 5106 cur-

2081 5175 2186 5231 pus
2234 5164 2388 5212 veste
2436 5160 2756 5224 tegeretur,
2812 5149 2960 5222 quod
3019 5148 3243 5220 quidem
3302 5145 3548 5202 ofﬁcium
3590 5161 3657 5200 ex

2084 5262 2293 5320 magnae
2347 5244 2609 5300 mandato
2666 5242 2734 5298 ad
2790 5256 2879 5297 me
2938 5238 3246 5310 pertinebat
3316 5238 3656 5303 necessario,

2082 5354 2321 5410 cumque
2360 5352 2601 5409 praesens
2641 5342 2827 5402 esset,
2878 5347 2943 5388 ac
2984 5331 3149 5389 simul
3180 5337 3550 5387 contrectaret
3592 5345 3658 5386 ea

2081 5449 2204 5504 qua:
2250 5446 2463 5486 mecum
2518 5442 2731 5498 magna:
2792 5426 2944 5483 illius
2997 5424 3337 5481 haereditatis
3381 5424 3658 5496 particeps

2085 5524 2287 5587 fuerat,
2326 5542 2344 5573 ι
2382 5522 2458 5576 Ne
2487 5519 2928 5591 przetermiseris,
2974 5518 3175 5588 inquit,
3210 5516 3413 5572 intueri
3448 5516 3526 5571 rei
3561 5514 3657 5570 ad-

2084 5616 2347 5672 mirandae
2373 5614 2441 5668 ab
2469 5614 2571 5668 hac
2599 5620 2790 5668 sancta
2817 5610 3074 5681 perfectae
3104 5608 3560 5680 magnitudinem.
3588 5634 3659 5646 —-

2084 5708 2355 5777 Quidnam
2388 5707 2532 5764 istud
2562 5706 2687 5762 cst?
2718 5725 2735 5757 ›
2772 5705 3018 5776 inquam.
3060 5704 3128 5759 At
3158 5703 3252 5759 illa
3284 5708 3496 5772 partem
3526 5712 3667 5772 pcc-
3746 5688 3751 5695 ’
