4092 6368
375 272 471 329 991

1612 280 1669 334 S.
1711 278 2043 337 GREGORII
2084 281 2381 339 NYSSENI

3541 270 3651 327 992

372 370 512 448 toris
537 391 859 462 denudans,
894 414 914 446 ‹
952 395 1119 452 Vides
1150 397 1286 460 hoc,
1321 398 1540 475 inquit,
1577 409 1741 457 tenue
1766 411 1820 457 et
1841 404 1943 458 ob-

2114 406 2299 478 Ὁρᾷς,
2343 406 2469 476 ἔφη.
2497 406 2557 459 τὸ
2599 404 2791 463 λεπτὸν
2832 404 2989 465 τοῦτο
3028 406 3121 459 καὶ
3158 400 3364 471 ἀφανὲς
3396 396 3511 453 ὑπὸ
3550 394 3655 465 τὴν

374 499 596 537 scurum
628 487 731 541 sub
748 487 891 557 collo
914 488 1526 562 signuni‘ii(Yidebatur
1543 501 1724 547 autem
1744 504 1951 564 puncto

374 577 556 634 simile
612 579 764 643 tenui
821 594 922 635 acu
979 582 1293 649 confecto;)
1341 584 1614 654 simulque
1666 585 1952 641 lucernam

377 666 607 737 propius
646 668 888 723 admovit
946 670 1011 729 ad
1059 670 1240 724 locum
1290 670 1424 724 mihi
1471 672 1952 728 demonstratum:

376 771 402 815 ί
427 754 721 829 Quidnam,
746 759 987 828 inquam,
1019 758 1426 827 admirandum,
1457 761 1504 828 si
1545 770 1708 835 tenue
1736 763 1954 835 signum

376 834 435 903 in
469 848 574 904 hac
612 857 770 919 parte
821 850 1045 906 6812-
1074 851 1138 907 Ει
1171 851 1297 918 hoc,
1327 853 1529 925 inquit,
1557 853 1728 915 divini
1764 834 1955 915 auxilii

378 940 436 996 in
466 956 718 1012 magnam
753 941 1050 998 Macrinam
1099 954 1518 1001 monumentum
1564 947 1624 1003 in
1668 949 1793 1020 ejus
1831 964 1958 1006 cor-

376 1047 510 1103 pore
532 1034 781 1089 relictum
814 1041 918 1090 est.
961 1034 1177 1091 Etenim
1205 1053 1330 1093 cum
1359 1039 1556 1096 acerbe
1596 1040 1958 1101 intumuisset

377 1113 508 1196 olim
534 1125 652 1181 haec
679 1142 831 1197 pars,
860 1137 913 1182 et
942 1129 1248 1199 periculum
1270 1139 1420 1199 esset
1449 1148 1520 1207 ne
1553 1140 1738 1203 tumor
1764 1151 1957 1193 secan-

377 1217 483 1272 dus
502 1223 671 1284 esset,
705 1226 800 1271 aut
849 1234 920 1274 ne
963 1219 1130 1276 latius
1152 1237 1383 1293 serpens
1424 1225 1630 1281 malum
1670 1226 1826 1283 ﬂeret
1856 1228 1959 1283 im-

379 1306 730 1374 medicabile,
756 1311 804 1364 si
840 1309 909 1365 ad
943 1312 1061 1367 loca
1090 1314 1277 1369 cordis
1302 1316 1824 1389 appropinquasset,
1860 1336 1957 1376 ro-

379 1398 528 1469 gavit
549 1399 754 1471 saepius
777 1408 833 1457 et
855 1402 1165 1462 obsecravit
1198 1416 1395 1472 mater,
1424 1415 1485 1463 ut
1512 1409 1709 1465 medici
1735 1426 1957 1468 manum

382 1490 699 1546 admitteret
744 1508 757 1545 :
794 1507 916 1548 eam
952 1510 1192 1567 namque
1223 1505 1400 1554 artem
1445 1515 1474 1554 a
1508 1498 1619 1557 Deo
1649 1518 1752 1575 pro
1780 1504 1960 1562 salute

382 1582 670 1639 hominum
709 1594 993 1643 ostensam
1026 1601 1182 1655 esse;
1233 1589 1329 1644 illa
1376 1606 1508 1647 vero
1543 1608 1666 1648 tum
1716 1595 1958 1667 aliquam

382 1674 633 1746 corporis
653 1684 857 1746 partem
870 1678 1065 1735 alienis
1077 1681 1253 1737 oculis
1270 1683 1419 1752 aperi
1429 1699 1486 1739 re
1499 1685 1691 1740 morbo
1703 1686 1823 1758 ipso
1833 1702 1961 1760 gra-

382 1767 901 1841 yiusjudicarct,ad
916 1786 1220 1842 vesperam,
1242 1790 1364 1830 ctnn
1388 1777 1602 1832 solitam
1637 1780 1797 1835 matri
1832 1796 1960 1853 pro-

384 1857 524 1928 priis
542 1860 796 1916 manibus
818 1872 1074 1919 navasset
1092 1880 1338 1935 operam,
1356 1867 1410 1923 in
1430 1871 1694 1926 sacellum
1721 1874 1960 1930 sanctis-

385 1952 587 2006 simum
602 1953 873 2024 ingressa,
889 1964 1057 2011 totam
1079 1966 1294 2014 noctem
1316 1970 1591 2031 prostrata
1607 1966 1959 2023 curationum

384 2041 501 2099 Deo
522 2046 874 2116 supplicavit,
904 2056 960 2104 et
988 2065 1111 2121 qua:
1131 2066 1194 2106 ex
1218 2054 1396 2108 oculis
1429 2054 1725 2124 deﬂuebat,
1755 2072 1959 2129 aquam

383 2149 512 2190 cum
547 2143 697 2192 terra
722 2140 1501 2215 rommiscens,lacrymarum
1528 2146 1729 2213 lutum,
1770 2148 1962 2206 incrbo

384 2226 845 2284 medicamentum
878 2231 1153 2288 adhibuit.
1190 2233 1349 2290 Matri
1394 2245 1579 2293 autem
1610 2239 1959 2307 exanimatae,

385 2318 743 2391 hortantique
779 2330 839 2375 ut
865 2323 1081 2379 medico
1122 2332 1408 2392 uteretur,
1439 2328 1546 2383 sibi
1578 2328 1646 2384 ad
1682 2331 1965 2401 expellen-

385 2411 518 2468 dum
556 2415 812 2470 morbum
856 2417 991 2474 satis
1025 2433 1148 2474 esse
1192 2421 1504 2491 respondit,
1559 2424 1607 2481 si
1657 2440 1823 2483 manu
1862 2440 1963 2481 sua

388 2510 567 2561 mater
619 2505 737 2576 ipsa
790 2508 969 2563 locum
1024 2520 1225 2566 sancto’
1267 2514 1427 2585 signo
1486 2517 1752 2574 muniret.
1815 2517 1960 2575 Cum

388 2593 559 2664 igitur
593 2605 769 2655 mater
802 2598 857 2653 in
891 2599 1075 2655 sinum
1129 2602 1251 2673 ejus
1306 2619 1529 2659 manum
1566 2607 1867 2675 intulisset,
1905 2619 1966 2666 ut

389 2701 510 2741 eam
538 2697 752 2758 partem
784 2691 1048 2762 signaret,
1077 2694 1297 2764 signum
1326 2697 1549 2767 quidem
1580 2701 1710 2769 egit,
1738 2702 1966 2760 morbus

390 2787 574 2835 autem
607 2782 764 2837 abiit.
797 2783 909 2839 Sed
951 2785 1067 2841 haec
1099 2802 1267 2856 parva
1312 2796 1440 2843 nota
1460 2830 1477 2857 ,
1527 2791 1651 2847 loco
1680 2792 1966 2852 horribilis

391 2874 629 2930 tumoris
657 2878 938 2945 apparuit,
963 2888 1018 2934 et
1049 2880 1115 2936 ad
1151 2882 1311 2936 tinem
1340 2898 1518 2954 usque
1547 2888 1874 2955 permansit,
1906 2895 1968 2945 ut

388 2973 573 3046 esset,
606 2969 1067 3037 quemadmodum
1103 2972 1372 3038 arbitror,
1417 2975 1620 3033 divinae
1654 2979 1776 3048 opis
1824 2980 1969 3036 indi-

2055 498 2253 570 δέῤῥην
2305 502 2565 570 σημεῖον;
2606 518 2625 551 ι
2672 498 2942 568 Στίγματι
2982 497 3272 568 προσέοικε
3300 492 3391 547 διὰ
3438 486 3655 558 λεπτῆς

2060 591 2282 662 ῥαφίδος
2311 591 2674 663 ἐγγενομένῳ·
2712 592 2822 646 Καὶ
2862 591 2979 663 ἃμα
3006 591 3097 651 τὸν
3123 588 3315 659 λύχνον
3346 583 3658 656 ἐγγύτερον

2057 680 2230 734 ἐποίει
2279 678 2375 736 τοῦ
2416 679 2766 750 δεικνυμένου
2803 696 2894 750 μοι
2933 677 3122 736 τόπου.
3166 695 3184 728 ι
3223 675 3290 728 Τί
3313 668 3435 737 οὖν,
3471 664 3656 731 εἷπον,

2058 771 2390 843 θαυμαστὸν,
2438 772 2486 825 εί
2531 771 2730 841 ἀφανεῖ
2775 784 2882 823 τινι
2923 766 3137 840 σημείῳ
3180 767 3245 822 τὸ
3290 765 3461 836 σῶμα
3508 757 3658 815 κατὰ

2055 860 2214 915 τοῦτο
2239 862 2403 933 μέρος
2434 860 2707 925 Earum;
2740 888 2810 900 —-
2839 858 2952 913 Kal.
3001 855 3180 922 τοῦτο,
3217 855 3381 925 φησι,
3414 851 3520 922 τῆς
3555 865 3653 920 με-

2058 954 2230 1025 γάλης
2283 953 2377 1007 τοῦ
2419 952 2553 1010 Θεοῦ
2609 950 2860 1023 βοηθείας
2908 949 3251 1022 μνημόσυνον
3297 945 3374 1016 τῷ
3435 942 3662 1013 σώματι

2060 1044 2463 1098 ὑπολέλειπται.
2528 1042 2747 1114 Ἐπειδὴ
2793 1041 2904 1113 γὰρ
2936 1041 3093 1110 ἐφύει
3137 1038 3271 1091 ποτέ
3307 1054 3361 1090 τι
3413 1032 3565 1089 κατά
3596 1030 3661 1084 τδ

2062 1137 2228 1208 μέρος
2249 1136 2408 1190 τοῦτο
2441 1134 2611 1199 πάθος
2644 1134 2887 1207 ἀνιαρὸν,
2918 1133 3011 1186 καὶ
3040 1131 3283 1193 κίνδυνος
3308 1124 3378 1200 ἦν
3399 1130 3662 1195 ἀνατμη-

2061 1229 2220 1298 θῆναι
2259 1228 2351 1282 τὸν
2376 1228 2560 1297 ὄγκον,
2595 1227 2628 1299 ἦ
2660 1226 2838 1296 πάντη
2873 1224 2967 1280 καὶ
2996 1223 3213 1285 πάντως
3241 1224 3320 1284 εἰς
3348 1219 3659 1290 ἀνήκεστον

2060 1320 2344 1393 προελθεῖν
2366 1319 2428 1373 τὸ
2465 1317 2655 1384 κακὸν,
2689 1318 2737 1370 εί
2764 1318 2877 1381 τοῖς
2903 1314 3045 1369 κατὰ
3070 1312 3169 1383 τὴν
3202 1309 3431 1383 καρδίαν
3461 1305 3660 1381 τόποις

2061 1415 2346 1471 πελάσειεν
2371 1431 2385 1445 ·
2423 1411 2601 1465 ἐδέετο
2651 1409 2750 1480 μὲν
2782 1410 2824 1502 ἡ,
2859 1408 3092 1502 Μήτηρ,
3116 1402 3300 1502 ιρησὶ,
3557 1394 3659 1502 καὶ

2065 1509 2272 1563 ἱκέτευε
2305 1503 2713 1578 παραδέξασθαι
2744 1501 2839 1555 τοῦ
2865 1497 3049 1573 ίατροῦ
3078 1496 3177 1570 τὴν
3202 1493 3544 1565 ἐπιμέλειαν,
3573 1493 3658 1551 ὡς

2061 1601 2158 1654 καὶ
2193 1598 2394 1669 ταύτης
2433 1599 2498 1651 ἐκ
2533 1593 2668 1654 Θεοῦ
2714 1593 2813 1664 τῆς
2854 1590 3048 1661 τέχνης
3076 1582 3472 1688 farinae-cupit;
3511 1578 3657 1688 (fuel;

2062 1692 2169 1746 τῶν
2203 1692 2505 1763 ἀνθρώπων
2549 1683 3019 1755 καταδειχθείσης.
3076 1680 3138 1733 Ἢ
3170 1678 3228 1732 δὲ
3258 1678 3320 1730 τὸ
3356 1673 3655 1746 γυμνῶσαί

2060 1803 2112 1839 τι
2152 1784 2245 1838 τοῦ
2289 1783 2542 1854 σώματος
2586 1778 2885 1848 ὀφθαλμοῖς
2929 1772 3250 1843 ἀλλοτρίοις,
3293 1767 3388 1822 τοῦ
3442 1765 3655 1828 πάθους

2060 1875 2437 1949 χαλεπώτερον
2461 1871 2713 1943 κρίνασα,
2736 1868 2974 1939 ἑσπέρας
2996 1862 3430 1932 καταλαϐούσης,
3459 1856 3655 1949 ἐπειδὴ

2059 1948 2128 2042 τῇ
2169 1968 2356 2039 Μητρὶ⁵
2398 1965 2500 2037 τὴν
2553 1962 2757 2034 συνήθη
2799 1960 2887 2014 διὰ
2929 1958 3037 2012 τῶν
3076 1954 3277 2029 χειρῶν
3338 1948 3654 2022 ὑπηρεσίαν

2061 2061 2409 2137 ἐπλήρωσεν,
2439 2057 2589 2119 ἐντὸς
2617 2052 2884 2125 γενομένη
2917 2049 3013 2104 τοῦ
3058 2045 3471 2118 θυσιαστηρίου,
3510 2058 3653 2094 παν-

2062 2151 2244 2224 νύχιον
2276 2148 2605 2223 προσπίπτει
2627 2144 2704 2217 τῷ
2721 2143 2841 2215 Θεῷ
2867 2143 2979 2197 τῶν
3003 2141 3200 2196 ἱάσεων
3218 2157 3232 2170 υ
3265 2139 3360 2192 καὶ
3384 2137 3446 2189 τὸ
3473 2137 3656 2206 ἀπορ-

2064 2246 2188 2321 ρέον
2218 2245 2327 2299 τῶν
2363 2241 2660 2314 ὀφθαλμῶν
2708 2238 2854 2311 ὕδωρ
2898 2235 3037 2309 πρὸς
3076 2232 3175 2304 τὴν
3211 2231 3318 2302 γῆν
3348 2227 3649 2321 ἀναχέασα,

2170 2342 2235 2396 ἐκ
2267 2340 2376 2394 τῶν
2408 2336 2659 2408 δακρύων
2691 2332 2870 2405 πηλῷ,
2902 2329 3180 2401 φαρμάκῳ
3212 2323 3350 2397 πρὸς
3379 2323 3442 2376 τὸ
3478 2318 3654 2414 πάθος

2063 2410 2337 2503 ἐνρήσατο
2356 2446 2369 2460 ·
2407 2428 2505 2498 τῆς
2537 2427 2593 2480 δὲ
2636 2423 2858 2495 Μητρὸς
2888 2419 3117 2491 ἀθύμως
3142 2414 3511 2485 διακειμένης,
3554 2410 3653 2464 καὶ

2064 2522 2228 2577 πάλιν
2248 2519 2489 2575 ἐνδοῦναι
2510 2516 2587 2588 τῷ
2606 2513 2776 2586 ίατρῷ
2800 2508 3243 2582 παρακαλούσης,
3261 2508 3450 2578 ἀρκεῖν
3472 2503 3648 2571 ἔλεγε,

2067 2613 2205 2686 πρὸς
2233 2609 2527 2682 θεραπείαν
2560 2607 2697 2677 αὐτῇ
2727 2602 2822 2657 τοῦ
2862 2599 3053 2665 κακοῦ,
3095 2600 3145 2651 εί
3177 2599 3242 2668 τῇ
3292 2595 3398 2665 ἰδίᾳ
3434 2592 3650 2686 χειρῖᾹη

2065 2683 2267 2776 Μήτηρ
2302 2700 2550 2755 ἐπιϐαλεῖ
2580 2696 2661 2768 τῷ
2699 2695 2850 2765 τόπῳ
2880 2692 2979 2763 τὴν
3020 2688 3183 2759 ἁγίαν
3223 2684 3510 2759 σφραγῖδα.
3557 2683 3645 2745 Ὠς

2065 2795 2123 2849 δὲ
2165 2795 2315 2858 ἐντὸς
2360 2793 2657 2863 ἐποιήσατο
2687 2786 2784 2841 τοῦ
2816 2784 3015 2839 κόλπου
3045 2780 3143 2855 τὴν
3170 2780 3331 2851 χεῖρα
3361 2779 3396 2849 ἡ
3424 2776 3647 2846 Μήτηρ,

2067 2889 2150 2956 ἐφ’
2181 2880 2225 2954 ᾧ
2255 2881 2681 2957 περισιρραγίσαι
2708 2880 2770 2934 τὸ
2800 2877 2987 2951 μέρος,
3020 2878 3056 2945 ἡ
3094 2874 3192 2946 μὲν
3223 2870 3459 2940 σφραγὶς
3492 2868 3653 2957 ἐνήρξ-

2068 2955 2174 3049 γει’
2205 2980 2267 3032 τὸ
2363 2976 2534 3039 πάθος
2561 2975 2662 3028 οὐκ
2689 2968 2779 3045 ἦν.
2820 2988 2840 3022 ι
2879 2966 3042 3028 Ἀλλά
3077 2963 3269 3028 τοῦτο,
3302 2983 3320 3016 ι
3354 2960 3511 3030 φησὶ,
3544 2975 3564 3009 ‹
3594 2955 3654 3009 τὸ

390 3057 564 3124 cium,
592 3073 704 3129 quo
728 3061 795 3116 ad
830 3063 1069 3133 agendas
1092 3067 1303 3137 gratias
1330 3066 1440 3125 Deo
1462 3070 1810 3129 continenter
1847 3088 1967 3129 mo-

2072 3072 2245 3144 βραχὺ
2277 3071 2523 3141 σημεῖον,
2552 3067 2648 3120 καὶ
2667 3065 2790 3119 τότε
2814 3062 2933 3117 ἀντὶ
2959 3059 3054 3114 τοῦ
3086 3053 3318 3128 φρικτοῦ
3346 3051 3536 3144 ὡράθη
3564 3049 3657 3144 ἐλ-

389 3158 633 3229 veretur.
680 3171 699 3204 ι

465 3418 830 3490 Posteaquam
881 3423 1067 3481 studio
1110 3436 1304 3483 nostro
1364 3429 1528 3486 ﬂnem
1574 3432 1968 3503 imposuimus,

393 3514 450 3563 et
496 3508 820 3567 domesticis
880 3514 1058 3585 copiis
1116 3518 1341 3589 corpus
1388 3526 1810 3591 exornavimus,
1863 3542 1971 3582 non

394 3601 595 3657 decere
628 3602 769 3659 dixit
793 3604 1053 3671 ministra
1092 3609 1179 3663 illa
1213 3626 1417 3682 corpus
1466 3613 1535 3668 ad
1568 3631 1787 3684 sponsa:
1818 3616 1974 3672 simi-

396 3692 686 3751 litudinem
750 3707 1009 3754 ornatum
1071 3710 1199 3759 ante
1245 3705 1438 3760 oculos
1497 3707 1769 3777 virginum
1822 3711 1972 3779 poni.

402 3805 422 3845 ς
471 3784 581 3840 Sed
616 3795 702 3841 est
727 3828 743 3851 ,
798 3788 1013 3860 inquit,
1059 3793 1191 3849 mihi
1225 3810 1292 3850 ex
1342 3802 1540 3853 vestrae
1580 3799 1772 3855 matris
1802 3801 1977 3856 vesti-

397 3877 601 3955 pientis
625 3879 841 3951 nigrum
874 3883 1121 3952 pallium,
1154 3887 1301 3957 quod
1333 3895 1506 3953 recte,
1538 3896 1598 3944 ut
1628 3906 1729 3961 ego
1753 3891 1975 3961 quidem

400 3969 604 4039 sentio,
631 3974 837 4041 poterit
865 3977 1213 4048 superinjici,
1240 3996 1312 4036 ne
1333 3989 1564 4038 externo
1601 3993 1656 4039 et
1678 3983 1979 4040 adventitio

400 4064 512 4120 isto
541 4067 779 4124 vestitus
801 4078 999 4125 ornatu
1029 4071 1383 4142 pulchritudo
1407 4075 1521 4129 lucc
1549 4090 1706 4131 sacra
1742 4077 1981 4135 illustre-

399 4164 512 4211 την.
554 4174 575 4210 ι
609 4157 745 4225 Qua:
782 4162 1060 4217 sententia
1094 4177 1219 4218 cum
1246 4165 1514 4225 valuisset
1540 4174 1596 4221 et
1626 4167 1850 4237 pallium
1884 4170 1982 4223 ad-

398 4247 607 4320 jectum
631 4260 816 4315 esset,
843 4253 964 4325 ipsa
992 4261 1175 4311 tamen
1208 4256 1263 4310 in
1296 4259 1500 4314 amictu
1553 4261 1743 4332 pullo,
1793 4261 1980 4318 divina

403 4350 458 4392 nt
493 4341 739 4399 arbitror
767 4347 1034 4415 potentia,
1066 4354 1122 4405 et
1159 4348 1307 4405 hanc
1339 4352 1561 4422 corpori
1592 4352 1827 4409 addente
1852 4371 1980 4426 gra-

2252 3138 2536 3232 xaipéxpt
2561 3157 2748 3219 τέλους
2776 3151 3130 3225 παρέμεινεν.
3148 3149 3234 3211 Ὧς
3256 3144 3341 3209 ἂν,
3360 3138 3535 3213 οἶμαι,
3557 3141 3656 3232 τῆς

2071 3252 2223 3315 θείας
2251 3229 2595 3318 ἐπισκέψεως
2631 3243 2972 3319 μνημόσυνον
3004 3238 3092 3310 εἴη
3121 3236 3256 3308 πρὸς
3279 3232 3534 3303 ἀφορμὴν
3564 3229 3660 3303 καὶ

2074 3342 2330 3398 ὑπόθεσιν
2352 3341 2453 3411 τῆς
2480 3335 2763 3410 διηνεκοῦς
2784 3333 2922 3406 πρὸς
2946 3332 3037 3389 τὸν
3061 3329 3196 3383 Θεὸν
3207 3323 3653 3425 εὐχαριστίας.)

2156 3433 2311 3488 Ἐπεὶ
2342 3431 2400 3487 δὲ
2434 3431 2609 3503 πέρας
2651 3423 2797 3498 εἶχεν
2835 3426 2968 3496 ἡμῖν
2996 3424 3030 3493 ή
3063 3419 3266 3490 σπουδὴ
3288 3459 3302 3483 ,
3333 3415 3428 3471 καὶ
3458 3417 3524 3468 ἐκ
3552 3415 3660 3466 τῶν

2074 3527 2305 3583 ἐνόντων
2344 3518 2756 3596 περιεκοσμήθη
2794 3516 2855 3571 τὸ
2892 3514 3072 3587 σῶμα,
3106 3509 3266 3566 πάλιν
3293 3507 3458 3578 φησιν
3485 3506 3520 3576 ή
3549 3503 3662 3596 διάο

2076 3635 2252 3682 κονος,
2298 3616 2373 3691 μὴ
2423 3613 2655 3684 πρέπειν
2698 3605 2985 3680 νυμφικῶς
3034 3602 3369 3674 ἐσταλμένην
3401 3596 3570 3691 αὐτὴν
3603 3595 3665 3667 ἐν

2076 3688 2374 3780 ὀφθαλμοῖς
2401 3705 2511 3777 τῶν
2551 3701 2837 3774 παρθένων
2865 3696 3115 3769 ὁρᾶσθαι.
3158 3713 3178 3746 ι
3228 3691 3368 3746 Ἀλλ’
3400 3688 3517 3746 ἔστι
3548 3702 3658 3757 μοι,

2079 3802 2236 3873 φησὶ,
2284 3801 2382 3871 τῆς
2430 3796 2636 3869 μητρὸς
2679 3795 2779 3862 τῆς
2821 3788 3094 3887 ὑμετέρας
3139 3785 3254 3887 τξὺν
3285 3782 3461 3887 (patrii):
3488 3795 3659 3887 «fune

2077 3871 2346 3963 λαγμένον
2371 3889 2584 3959 ἱμάτιον
2603 3903 2617 3917 ⁸
2646 3884 2674 3938 ὃ
2700 3881 2905 3939 ἀνωθεν
2934 3878 3292 3973 ἐπιϐληθῆναι
3311 3871 3658 3973 καλῳςὲχειν

2080 3984 2259 4057 φημί*
2314 3982 2390 4045 ὡς
2443 3980 2508 4034 ἂν
2562 3976 2637 4051 μὴ
2679 3974 2757 4045 τῷ
2797 3972 3106 4040 ἐπεισάκτῳ
3153 3967 3244 4022 διὰ
3289 3966 3391 4038 τῆς
3435 3963 3655 4057 ἐσθῆτος

2081 4050 2292 4148 κόσμῳ,
2323 4073 2383 4126 τὸ
2408 4070 2551 4143 ἱερὸν
2577 4068 2737 4123 τοῦτο
2761 4064 2953 4128 κάλλος
2978 4059 3364 4134 λαμπρύνοιτο.
3464 4050 3655 4148 Ἐκράτ

2078 4186 2162 4223 τει
2186 4142 2277 4222 Et
2320 4142 2645 4233 δεδογμένα·
2685 4158 2781 4214 καὶ
2817 4157 2879 4210 τὸ
2921 4154 3138 4226 ἱμάτιον
3187 4146 3495 4218 ἐπεϐλήθη·
3529 4146 3566 4216 ἡ
3601 4142 3660 4199 δὲ

2081 4256 2291 4330 ἔλαμπε
2314 4257 2407 4311 καὶ
2435 4257 2491 4308 ἐν
2520 4252 2599 4325 τῷ
2626 4249 2793 4324 φαιῷ,
2820 4250 2920 4321 τῆς
2959 4247 3142 4310 θείας,
3173 4238 3352 4347 οἶμαι,
3386 4239 3665 4347 δυνάμεως

2087 4353 2180 4406 καὶ
2217 4350 2421 4422 ταύτην
2449 4346 2776 4419 προσθείσης
2806 4343 2905 4413 τὴν
2942 4340 3102 4413 χάριν
3134 4335 3213 4407 τῷ
3246 4334 3490 4406 σώματυ
3527 4334 3667 4384 ὥστε

403 4431 571 4509 tiam,
609 4432 686 4489 ita
720 4436 1081 4506 splendebat,
1118 4448 1176 4494 ut
1217 4418 1678 4511 quemadmodum
1718 4445 1770 4498 in
1797 4418 1970 4517 quiete

2091 4444 2231 4499 κατά
2266 4442 2365 4514 τὴν
2377 4418 2767 4497 ⁷τοῦένυπνίου
2794 4434 2918 4505 ὄψιν
2952 4430 3196 4504 ἀκριϐῶς
3220 4425 3396 4497 αὐγάς
3420 4439 3575 4487 τινας
3605 4422 3671 4475 ἐκ

402 4523 586 4577 visum
615 4529 959 4593 ostenderat.
995 4532 1132 4588 radii
1169 4534 1390 4604 quidam
1425 4536 1587 4592 plane
1609 4553 1677 4593 ex
1703 4537 1825 4608 ejus
1862 4539 1985 4610 pul-

406 4611 722 4670 chritudine
751 4617 970 4674 elucere
1001 4620 1338 4677 viderentur.

478 4702 700 4759 Interim
744 4705 873 4761 dum
906 4709 1023 4764 haec
1066 4712 1365 4783 agebamus
1402 4721 1457 4769 ct
1504 4717 1779 4788 virginum
1816 4730 1982 4776 cantu

409 4792 896 4853 lamentationibus
939 4802 1232 4856 commisto
1278 4806 1573 4861 resonabat
1605 4808 1792 4874 locus,
1840 4810 1984 4865 fama

411 4885 604 4942 nescio
635 4890 915 4957 quomodo
947 4892 1191 4963 undique
1244 4894 1441 4951 diﬂusa
1465 4936 1481 4962 ,
1534 4913 1728 4955 omnes
1767 4900 1988 4961 ﬁnitimi

412 4976 478 5033 ad
510 4977 676 5035 l'unus
705 4980 1113 5053 conﬂuxerunt,
1137 4985 1274 5042 adeo
1301 4997 1359 5043 ut
1381 4999 1781 5048 concurrentes
1818 4992 1992 5048 vestit-

412 5069 602 5124 bulum
640 5087 751 5128 non
794 5084 1035 5145 caperet.
1063 5076 1200 5132 Cum
1239 5077 1406 5150 igitur
1446 5091 1718 5137 nocturna
1751 5085 1992 5157 pervigi-

415 5160 568 5227 latio,
601 5172 662 5218 ut
685 5165 737 5219 in
773 5179 1072 5240 martyrum
1099 5172 1442 5237 celebritate,
1470 5174 1739 5232 canendis
1763 5177 1993 5247 psalmis

415 5251 659 5321 perfecta
683 5264 831 5311 esset
853 5263 909 5312 et
934 5262 1348 5331 crepusculum,
1376 5264 1769 5320 conﬂuentium
1795 5266 1993 5325 vicinis

414 5358 445 5396 c
487 5343 622 5397 locis
666 5347 923 5406 omnibus
960 5351 1205 5407 virorum
1247 5363 1302 5410 et
1359 5356 1651 5412 mulierum
1697 5358 1995 5415 multitudo

417 5438 755 5507 psalmorum
795 5442 1240 5503 decantationem
1292 5447 1511 5506 ﬂetibus
1557 5450 1990 5522 interpellabat:

417 5545 521 5600 rgo
573 5537 754 5585 autem
791 5536 1046 5602 quamvis
1099 5546 1331 5610 propter
1383 5541 1752 5597 calamitatem
1813 5543 2000 5599 animo

423 5638 602 5683 essem
635 5635 1046 5698 consternatus,
1082 5638 1263 5687 tamen
1290 5648 1357 5687 ex
1393 5634 1558 5691 rebus
1606 5636 1998 5706 praesentibus,

2088 4532 2182 4594 τοῦ
2217 4531 2446 4595 κάλλους
2479 4527 2777 4601 ἐκλάμπειν
2807 4524 3005 4605 δοκεῖν.

2176 4710 2269 4774 Ὡς.
2289 4708 2346 4763 δέ
2377 4709 2541 4781 ἡμεῖς
2577 4708 2635 4764 ἐν
2665 4702 2876 4768 τούτοις
2902 4696 3046 4776 ἦμεν
3066 4740 3081 4764 ,
3118 4701 3213 4754 καὶ
3256 4699 3311 4752 αί
3360 4693 3673 4766 ψαλμῳδίαι

2089 4803 2198 4858 τῶν
2231 4801 2516 4876 παρθένων
2548 4802 2658 4863 τοῖς
2681 4797 2900 4870 θρήνοις
2928 4793 3349 4866 καταμιχθεῖσαι
3375 4791 3673 4862 περιήχουν

2090 4900 2182 4952 τὸν
2209 4898 2391 4962 τόπον,
2412 4895 2511 4950 οὐκ
2530 4887 2623 4945 οἷδ’
2645 4892 2793 4954 ὅπως
2819 4891 2878 4943 ἐν
2898 4886 3082 4958 κύκλῳ
3106 4882 3439 4955 πανταχόθεν
3461 4879 3673 4952 ἀθρόως

2093 4992 2191 5061 τῆς
2221 4987 2405 5059 φωνῆς
2438 4981 2783 5055 διαχυθείσης
2802 5020 2818 5045 ,
2851 4980 3051 5043 πάντες
3079 4979 3129 5031 οἱ
3157 4975 3560 5049 περιοικοῦντες
3582 4971 3676 5025 ἐπὶ

2095 5084 2187 5134 τ“.ν
2216 5080 2377 5133 τόπον
2405 5075 2712 5147 συνέῤῥεοντ
2738 5072 2814 5137 ὡς
2843 5071 3038 5143 μηκέτι
3075 5068 3136 5122 τὸ
3166 5066 3458 5140 προαύλιον
3490 5061 3676 5117 ἱκανὸν

2099 5167 2237 5225 εἶναι
2269 5170 2465 5245 χωρεῖν
2497 5170 2624 5229 τοὺς
2654 5163 3064 5236 συντρέχοντας.
3080 5161 3192 5233 Τῆς
3210 5155 3302 5214 οὖν
3332 5155 3674 5226 παννυχίδος.

2102 5263 2233 5335 περὶ
2283 5259 2451 5332 αὐτὴν
2484 5260 2542 5313 ἐν
2594 5254 2907 5328 ὑμνῳδίαις,
2940 5253 3188 5323 καθάπερ
3237 5249 3331 5304 ἐπὶ
3385 5246 3679 5321 μαρτύρων

2103 5356 2484 5426 πανηγύρεως,
2505 5349 2852 5418 τελεσθείσης
2871 5364 2885 5378 ·
2921 5342 3235 5424 ἐπειδὴβρθ
3243 5359 3330 5414 ρος
3358 5340 3595 5411 ἐγένετο,
3615 5337 3681 5392 τὸ

2108 5450 2207 5521 μὲν
2239 5424 2439 5516 πλῆθος
2471 5446 2578 5497 τῶν
2609 5445 2674 5497 ἐκ
2701 5441 2882 5511 πάσης
2913 5436 3015 5508 τῆς
3047 5434 3372 5509 περιοικίδος
3407 5424 3681 5504 συρρυέν-

2099 5557 2206 5595 των
2263 5537 2473 5610 ἀνδρῶν
2509 5537 2603 5590 καὶ
2645 5530 2954 5602 γυναικῶν,
2993 5525 3315 5597 ἐπεθορύῦει
3354 5525 3479 5588 ταῖς
3510 5523 3682 5592 οίμω-

2098 5635 2222 5703 ταῖς
2247 5632 2346 5703 τὴν
2375 5627 2694 5701 ψαλμῳδίαν
2714 5641 2728 5655 ο
2756 5623 2867 5690 ἐγὼ
2893 5620 2971 5684 δὲ,
3010 5620 3188 5674 καίτοι
3222 5617 3407 5681 κακῶς
3438 5616 3538 5687 τὴν
3570 5614 3678 5684 ψυ-

421 5721 607 5791 quoad
642 5720 760 5789 ﬁeri
806 5722 1012 5801 potuit,
1059 5739 1280 5795 operam
1316 5726 1479 5797 dedi,
1528 5738 1587 5786 ut
1618 5729 1757 5791 nihil
1815 5729 1970 5802 iuta!

2101 5725 2201 5809 γὴν
2246 5723 2350 5778 ὑπὸ
2396 5723 2491 5793 τῆς
2547 5718 2828 5790 συμφορᾶς
2868 5712 3226 5791 διακείμενος,
3272 5711 3421 5789 ὅμως
3468 5708 3534 5775 ἐκ
3569 5708 3683 5763 τῶν

2122 5785 2136 5809 Υ
