4092 6368
387 397 494 455 993

393 610 585 682 κηδείᾳ.
627 609 949 680 πρεπόντων
981 609 1444 680 παραλειφθῆναι.
1491 610 1649 663 Ἀλλά
1681 611 1978 680 διαστήσας

390 699 533 753 κατά
561 699 718 766 γένος
753 698 844 752 τὸν
894 699 1192 770 συρρέοντα
1229 700 1356 753 λαὸν
1380 739 1394 764 ,
1425 701 1520 754 καὶ
1560 700 1622 753 τὸ
1669 703 1726 754 ὲν
1764 701 1979 769 γυναιξὶ

389 791 594 863 πλῆθος
623 790 702 861 τῷ
744 790 854 843 τῶν
901 790 1187 862 παρθένων
1225 792 1637 862 συγκαταμίξας
1679 793 1845 864 χορῷ,
1888 794 1978 846 τὸν

387 883 448 937 δὲ
475 883 587 937 τῶν
619 881 828 952 ἀνδρῶν
859 881 1033 952 δῆμον
1065 881 1143 952 τῷ
1179 883 1288 935 τῶν
1327 882 1667 954 μοναζόντων
1701 883 1940 954 τάγματι
1961 899 1974 912 ·

391 976 522 1045 μίαν
549 975 607 1042 ἐξ
632 975 912 1047 ἑκατέρων
935 973 1212 1046 εὗρνθμόν
1238 993 1296 1028 τε
1329 977 1424 1030 καὶ
1451 976 1788 1047 ἐναρμόνιον,
1817 975 1980 1028 καθά-

389 1082 496 1136 περ
544 1067 602 1118 ἐν
634 1066 984 1136 χοροστασία,
1031 1064 1130 1135 τὴν
1175 1066 1493 1136 ψαλμῳδίαν
1538 1065 1793 1135 γενέσθαι
1842 1083 1982 1136 παρ·

389 1158 683 1222 εσκεύασα,
713 1157 801 1210 διὰ
821 1159 921 1228 τῆς
947 1157 1134 1227 κοινῆς
1168 1159 1381 1212 πάντων
1405 1158 1667 1227 συνῳδίας
1697 1158 1980 1230 εὐκόσμως

389 1250 844 1320 συγκεκραμένην
870 1267 885 1282 ·
931 1248 1007 1313 ὡς
1044 1249 1100 1302 δὲ
1132 1239 1325 1322 προῄει
1353 1251 1473 1302 κατ’
1503 1250 1682 1319 ὀλίγον
1714 1252 1747 1321 ὴ
1775 1251 1978 1321 ἡμέρα,

387 1341 484 1394 καὶ
506 1342 927 1412 ἐστενοχωρεῖτο
954 1343 1062 1404 πᾶς
1089 1343 1118 1394 ό
1140 1343 1238 1410 τῆς
1259 1343 1518 1412 ἐσχατιᾶς
1541 1342 1706 1405 τόπος
1737 1341 1814 1413 τῷ
1841 1343 1967 1414 πλή.

387 1430 470 1486 θει
494 1432 604 1485 τῶν
632 1433 1028 1502 παραστάντων
1047 1471 1062 1496 ,
1093 1435 1122 1486 ὁ
1149 1432 1257 1486 τῶν
1289 1433 1468 1486 τόπων
1499 1433 1725 1487 ἐκείνων
1754 1433 1844 1488 διὰ
1879 1433 1980 1503 τῆς

386 1521 694 1593 ἐπισκοπῆς
733 1523 1013 1595 προεστὼς
1047 1524 1330 1595 (Ἃράξιος
1376 1525 1546 1595 ὄνομα
1580 1525 1730 1596 αὐτῷ
1752 1541 1766 1555 °
1797 1529 1978 1598 παρῆν

386 1615 497 1687 γάρ
543 1615 638 1668 σὺν
673 1615 834 1668 παντὶ
871 1615 949 1686 τῷ
982 1617 1082 1686 τῆς
1114 1617 1410 1688 ἱερωσύνης
1443 1616 1804 1688 πληρώματι)
1834 1635 1978 1689 παρ-

386 1707 540 1776 άγειν
584 1707 766 1777 ἡρέμα
795 1708 1094 1778 παρεκάλει
1136 1708 1198 1761 τὸ
1243 1709 1508 1780 σκήνωμα
1532 1724 1545 1737 ·
1585 1709 1663 1772 ὼς
1695 1709 1890 1762 πολλοῦ
1919 1728 1978 1763 τε

383 1796 536 1860 ὄντος
585 1796 678 1849 τοῦ
740 1797 944 1865 μεταξὺ
995 1797 1404 1869 διαστήματος,
1451 1798 1546 1852 καὶ
1592 1798 1688 1851 τοῦ
1735 1795 1978 1870 πλήθους

1586 395 1675 450 DE
1725 395 1881 450 VITA
1931 398 1984 451 ὃ.
2026 393 2386 453 ΜΑΟΠΙΝᾸΕ.

390 517 618 573 ἐνόντων
650 515 918 580 ἐπενόουν,
952 518 998 570 εἰ
1028 517 1270 580 δυνατὸν,
1309 517 1474 587 μηδὲν
1500 517 1606 569 τῶν
1631 518 1724 570 ἐπὶ
1752 517 1964 586 τοιαύτῃ

2083 517 2273 572 funere
2322 517 2731 572 desideraretur
2773 533 2786 572 :

3552 399 3657 456 ξθι

2829 516 3014 586 itaque
3068 516 3433 572 confluentem
3485 532 3658 589 popu-

2081 607 2192 660 lum
2226 607 2281 661 in
2313 623 2513 678 genera
2547 609 2886 663 distribuens
2908 649 2922 671 ,
2970 607 3379 678 mulierumque
3407 609 3658 663 multitu-

2079 696 2262 750 dinem
2288 697 2608 753 admiscens
2644 698 2922 769 virginum
2960 699 3156 764 ebore,
3204 702 3449 754 virorum
3477 706 3658 754 autem

2080 790 2300 844 turbam
2383 789 2674 846 ascribens
2745 790 3150 844 monachorum
3217 791 3429 855 ctetui,
3490 808 3658 846 unum

2078 879 2371 950 quemdam
2396 894 2461 935 ex
2491 881 2743 950 utrisque
2771 880 2956 936 studui
2985 888 3171 950 aptum
3192 883 3656 952 concinnumque,

2081 980 2344 1040 tanquam
2380 971 2434 1024 in
2469 971 2710 1042 psalmos
2746 971 3063 1026 canentium
3097 984 3422 1043 congressu,
3451 988 3483 1028 e
3508 987 3661 1028 com-

2081 1064 2236 1116 muni
2277 1062 2522 1117 omnium
2555 1070 2827 1118 concentu
2859 1071 2984 1134 apte
3017 1061 3378 1131 coniunctum
3409 1065 3658 1119 ordinem

2080 1154 2392 1209 instituere.
2461 1153 2667 1209 Verum
2729 1170 2855 1210 cum
2915 1156 3177 1226 paulatim
3239 1154 3661 1226 progrederetur

2079 1245 2219 1308 dies,
2263 1255 2318 1300 et
2349 1247 2504 1300 locus
2537 1253 2648 1316 prae
2673 1245 3069 1302 conﬂuentium
3103 1247 3457 1302 multitudine
3489 1256 3661 1318 angus

2081 1345 2202 1392 stus
2250 1337 2613 1402 redderetur,
2666 1338 2762 1408 qui
2815 1337 2867 1392 ei
2931 1338 3142 1407 regioni
3199 1337 3494 1409 prafectus
3539 1346 3660 1394 erat

2079 1429 2396 1498 episcopus,
2419 1429 2656 1485 Araxius
2712 1429 2936 1484 nomine
2964 1428 3190 1498 (aderat
3214 1431 3357 1484 enim
3384 1445 3508 1484 cum
3537 1430 3660 1484 uni-

2078 1531 2240 1575 versa
2272 1521 2624 1579 multitudine
2648 1520 3042 1586 sacerdotum)
3069 1563 3084 1587 ,
3119 1521 3380 1592 praecepit
3403 1560 3418 1584 ,
3446 1530 3504 1575 ut
3530 1537 3658 1576 sen-

2080 1609 2182 1664 sim
2206 1611 2540 1680 przecederet
2566 1613 3007 1667 tabernaculum.
3032 1611 3168 1666 Nam
3190 1621 3246 1667 et
3271 1614 3408 1666 satis
3435 1614 3656 1683 longutn

2078 1702 2181 1756 vite
2211 1704 2559 1758 intervallum
2606 1704 3024 1770 intercedebat,
3084 1713 3140 1759 et
3193 1704 3488 1776 multitudo
3525 1704 3658 1759 alio-

2078 1795 2212 1862 quin
2244 1794 2313 1848 ob
2348 1801 2557 1850 motum
2591 1795 2964 1850 incitatiorem
3015 1795 3464 1866 impedimentum
3510 1803 3656 1850 attu-

386 1888 526 1959 πρὸς
551 1888 651 1958 τὴν
673 1887 937 1959 ὀξυτέραν
964 1887 1177 1958 κίνησιν
1201 1889 1452 1960 ἐμποδὼν
1473 1891 1855 1962 γενησομένουο
1880 1891 1964 1944 καῖ

2077 1887 2251 1942 lisset.
2283 1886 2488 1942 Deinde
2509 1899 2724 1953 omnes,
2749 1905 2890 1959 quos
2926 1890 2980 1942 in
3011 1903 3242 1944 munere
3264 1904 3368 1944 suo
3401 1881 3660 1945 obeundo

384 1981 502 2049 ἅμα
537 1979 708 2033 ταῦτα
742 1979 914 2049 λέγων
941 1981 1332 2053 προσεκαλεῖτο
1366 1982 1572 2045 πάντας
1604 1983 1729 2046 τοὺς
1766 1983 1865 2052 τῆς
1897 1985 1971 2035 ἱε-

387 2069 634 2142 ρωσύνης
684 2071 831 2142 αὑτῷ
886 2073 1352 2144 συμμετέχοντας,
1401 2074 1478 2138 ὡς
1520 2073 1587 2128 ἂν
1630 2074 1696 2127 δι’
1748 2075 1971 2128 ἐκείνων

382 2160 674 2229 κομισθείη
709 2160 770 2212 τὸ
803 2160 982 2230 σῶμα.

468 2253 621 2306 Ἐπεὶ
641 2253 696 2306 δὲ
715 2253 876 2306 τοῦτο
899 2255 1165 2320 ἐδέδοκτο,
1189 2257 1284 2310 καὶ
1310 2258 1368 2309 ὲν
1385 2256 1570 2327 χερσὶν
1592 2251 1713 2328 ἦνὴ
1744 2257 1967 2329 σπουδή’

385 2345 594 2408 ὑποϐὰς
623 2346 722 2416 τὴν
757 2347 944 2417 κλίνην
978 2347 1090 2415 ἐγὼ
1110 2388 1125 2411 ,
1157 2349 1408 2402 κάκεῖνον
1438 2351 1530 2402 ἐπὶ
1563 2347 1623 2402 τὸ
1652 2349 1838 2418 ἕτερον
1879 2350 1972 2418 μέ·-

385 2451 478 2506 ρος
505 2436 1022 2508 προσκαλεσάμενος
1039 2455 1052 2469 ·
1077 2438 1252 2492 ἄλλων
1275 2456 1335 2492 τε
1359 2437 1452 2491 δύο
1477 2439 1582 2492 τῶν
1602 2440 1659 2492 ὲν
1683 2438 1761 2509 τῷ
1784 2438 1972 2510 κλήρῳ

379 2529 777 2600 τετιμημένων.
825 2529 885 2582 τὸ
927 2529 1171 2583 όπίσθιον
1213 2531 1312 2601 τῆς
1346 2530 1535 2600 κλίνης
1566 2531 1731 2602 μέρος
1771 2532 1972 2585 ὑπολα-

381 2617 604 2684 ϐόντων,
641 2619 759 2690 ᾔειν
791 2619 885 2673 τοῦ
930 2620 1118 2692 πρόσω
1160 2621 1436 2692 ἐχόμενος,
1474 2621 1660 2692 βάδην,
1695 2623 1770 2686 ὡς
1801 2623 1968 2687 εἰκὸς,

382 2713 474 2766 καὶ
507 2713 628 2765 κατ’
659 2713 841 2782 ὀλίγον
881 2715 1014 2784 ήμῖν
1057 2713 1348 2784 γινομένης
1395 2713 1498 2784 τῆς
1537 2717 1827 2786 κινήσεως.
1862 2714 1970 2768 Τοῦ

380 2803 489 2872 γὰρ
517 2801 648 2855 λαοῦ
681 2805 809 2873 περὶ
844 2799 942 2874 τὴν
979 2803 1166 2875 κλίνην
1197 2805 1626 2874 πεπυκνωμένου
1646 2844 1662 2870 ,
1713 2809 1806 2860 καὶ
1840 2808 1971 2862 πάν-

379 2908 487 2945 των
518 2891 810 2963 ἀπλήστως
843 2892 1075 2962 ἐχόντων
1103 2891 1197 2945 τοῦ
1239 2891 1387 2963 ἱεροῦ
1420 2892 1629 2945 ἐκείνου
1660 2891 1932 2964 θεάματος
1951 2932 1967 2959 ,

379 2983 480 3035 οὐκ
503 2978 572 3052 ἦν
598 2984 655 3035 ὲν
675 2983 894 3054 εὐκολία
926 2982 1024 3053 τὴν
1053 2983 1276 3054 πορείαν
1301 2985 1434 3054 ἡμῖν
1469 2982 1803 3038 διανύεσθαι·
1847 3003 1971 3056 προ-

378 3075 566 3144 ηγεῐτο
579 3074 636 3128 δὲ
656 3075 778 3128 καθ’
799 3074 1058 3146 ἑκάτερον
1090 3074 1256 3146 μέρος
1282 3075 1543 3128 διακόνων
1562 3092 1621 3128 τε
1637 3077 1730 3128 καὶ
1759 3077 1968 3148 ὑπηρε-

379 3164 488 3218 τῶν
544 3165 646 3218 οὐκ
677 3163 858 3234 ὀλίγον
914 3165 1141 3237 πλῆθος,
1172 3167 1450 3237 στοιχηδὸν
1478 3167 1574 3220 τοῦ
1609 3165 1969 3240 σκηνώματος

2075 1979 2362 2033 ministros
2393 1979 2631 2034 habebat
2670 1987 2726 2036 et
2773 1981 3095 2049 adjutores,
3135 1993 3195 2036 ut
3232 1995 3330 2038 sua
3361 1983 3654 2052 praesentia

2073 2086 2278 2125 coruus
2303 2070 2654 2138 dcc-orarent,
2679 2071 3007 2128 cohortatus
3038 2081 3141 2128 eSt.

2143 2247 2278 2302 Cum
2306 2255 2489 2302 autem
2527 2248 2643 2304 haec
2675 2249 2750 2302 ita
2786 2249 3092 2304 constituta
3125 2249 3376 2306 studiose
3402 2266 3657 2320 gereren-

2075 2343 2185 2401 tur,
2217 2352 2320 2407 ego
2348 2337 2608 2392 feretrum
2641 2337 2872 2393 subiens
2904 2337 3059 2392 illum
3109 2338 3394 2404 advocavi,
3429 2349 3490 2393 ut
3527 2338 3659 2395 alte-

2075 2445 2188 2484 ram
2205 2439 2412 2500 partem
2443 2431 2774 2490 sustineret:
2807 2431 3146 2501 posteriores
3173 2447 3304 2487 vero
3334 2431 3658 2504 feretriparn

2075 2531 2157 2578 tes
2187 2522 2478 2577 subierunt
2507 2520 2598 2576 alii
2627 2521 2735 2576 duo
2753 2522 2820 2578 de
2847 2522 2999 2578 clero
3029 2521 3272 2594 insignes
3291 2523 3424 2578 viri:
3450 2524 3655 2580 sensim

2075 2615 2242 2686 igitur
2281 2615 2706 2686 procedebatur,
2735 2630 2862 2669 cum
2894 2623 2951 2670 et
2983 2615 3079 2685 qui
3112 2616 3382 2686 prteibant
3410 2615 3659 2686 pedeteno'

2075 2709 2172 2761 tim
2207 2707 2544 2772 incederent,
2575 2717 2628 2762 et
2659 2721 2762 2762 nos
2800 2707 2932 2761 item
2962 2707 3236 2774 gradatim
3276 2708 3652 2776 sequeremur.

2073 2798 2286 2852 Etenim
2345 2814 2472 2853 cum
2509 2799 2768 2868 frequens
2800 2798 3045 2868 populus
3081 2797 3350 2853 feretrum
3415 2797 3655 2854 circum-

2072 2895 2266 2950 staret.
2299 2904 2401 2944 nec
2431 2898 2540 2942 tam
2573 2888 2812 2943 mirabili
2847 2897 2903 2942 et
2935 2904 3098 2944 sacro
3121 2888 3442 2957 spectaculo
3467 2897 3657 2960 posset

2072 2981 2304 3051 expleri,
2332 2996 2444 3036 non
2477 2990 2598 3036 erat
2626 2979 2792 3035 facile
2818 2981 2980 3036 nobis
3021 2981 3124 3036 iter
3154 2980 3357 3043 facere.
3386 2996 3453 3036 cx
3505 2989 3658 3035 utra-

2072 3089 2178 3144 que
2219 3081 2400 3128 autem
2427 3081 2582 3144 parte
2613 3073 2960 3142 praecedebat
2984 3089 3095 3128 non
3133 3073 3368 3143 exiguus
3390 3073 3656 3128 diacono-

2070 3179 2195 3219 rum
2238 3164 2727 3233 ministrorumque
2757 3178 3044 3228 numerus,
3085 3163 3180 3235 qui
3217 3178 3412 3220 omnes
3461 3164 3656 3220 ordine

378 3257 794 3328 προπομπεῦον,
827 3257 927 3322 τὰς
966 3259 1030 3312 ἐκ
1060 3258 1232 3330 κηροῦ
1265 3259 1553 3330 λαμπάδας
1581 3259 1799 3331 ἔχοντες
1833 3261 1964 3316 πάν-

2069 3256 2504 3328 progredientes,
2535 3270 2802 3312 accensos
2829 3271 3023 3312 cereos
3054 3256 3312 3314 manibus
3343 3257 3652 3328 gestabant.

376 3364 498 3411 τες*
523 3349 620 3402 καὶ
648 3344 716 3420 ἦν
754 3363 839 3412 τις
879 3352 1118 3422 μυστικὴ
1167 3351 1364 3423 πομπὴ
1395 3351 1455 3405 τὸ
1497 3353 1803 3422 γινόμενον,
1839 3356 1968 3426 όμο-

378 3438 571 3505 φώνως
596 3439 697 3510 τῆς
726 3440 1048 3512 ψαλμῳδίας
1072 3441 1169 3495 ἀπ’
1198 3440 1386 3512 ἄκρων
1415 3441 1508 3495 ἐπὶ
1535 3442 1818 3512 ἐσχάτους,
1839 3444 1967 3498 καθ-

376 3531 519 3602 άπερ
548 3531 608 3583 ὲν
647 3533 714 3602 τῇ
741 3531 849 3584 τῶν
893 3531 1060 3602 τριῶν
1086 3531 1293 3585 παίδων
1325 3531 1590 3605 ὑμνῳδίᾳ,
1621 3533 1965 3605 μελῳδουμέ-

375 3640 495 3694 νης.
536 3623 710 3676 Ἑπτὰ
745 3621 801 3676 δὲ
832 3622 1022 3691 όντων,
1058 3623 1091 3694 ἢ
1125 3623 1269 3677 ὀκτὼ
1293 3624 1400 3678 τῶν
1430 3625 1488 3676 ὲν
1535 3625 1688 3696 μέσῳ
1737 3625 1963 3679 σταδίων

375 3715 487 3769 ἀπὸ
518 3715 616 3787 τῆς
647 3717 906 3786 ἐσχατιᾶς
933 3715 1027 3769 ἐπὶ
1063 3716 1156 3770 τὸν
1193 3715 1302 3770 τῶν
1332 3717 1503 3786 ἁγίων
1540 3717 1851 3790 Μαρτόρων
1883 3715 1963 3772 οἷ-

373 3817 494 3871 κον,
527 3804 586 3861 ιν
611 3803 658 3875 ᾧ
693 3807 791 3860 καὶ
830 3807 898 3862 τά
937 3807 1044 3861 τῶν
1075 3808 1278 3877 γονέων
1303 3809 1563 3862 ἀπέκειτο
1592 3809 1842 3880 σώματα·
1876 3810 1964 3864 διὰ

373 3899 556 3970 πάσης
581 3899 765 3970 σχεδὸν
790 3900 890 3970 τῆς
917 3899 1135 3972 ἡμέρας
1167 3899 1322 3971 μόλις
1343 3902 1443 3973 τὴν
1466 3901 1582 3955 όδὸν
1604 3903 1959 3974 διηνύσαμεν.

372 3989 447 4046 Οὐ
484 3991 591 4064 γὰρ
623 3992 708 4047 εἴα
751 3992 813 4046 τὸ
857 3991 1090 4064 πλῆθος,
1126 3994 1188 4048 τό
1232 4011 1292 4046 τε
1333 3997 1721 4066 συνερχόμενον
1763 3995 1857 4050 καὶ
1899 3997 1961 4049 τὸ

371 4086 460 4138 ἀεὶ
502 4085 949 4157 προσγινόμενον,
991 4083 1134 4140 κατά
1161 4083 1387 4156 γνώμην
1419 4087 1518 4157 τὴν
1553 4086 1780 4157 πρόοδον
1812 4088 1962 4155 γενέ-

373 4176 518 4231 σθαι.
561 4177 779 4248 Ἐπειδὴ
814 4175 908 4232 οὖν
936 4177 1087 4241 ὲντὺς
1113 4179 1208 4230 τοῦ
1235 4177 1388 4231 οἴκου
1422 4179 1787 4251 κατέστημεν,
1818 4181 1956 4233 ἀπο-

371 4267 590 4340 θέμενοι
632 4268 731 4339 τὴν
777 4268 984 4338 κλίνην,
1018 4269 1087 4322 τά
1130 4269 1325 4340 πρῶτα
1358 4271 1436 4332 εἰς
1472 4270 1779 4342 προσευχὴν
1812 4273 1960 4343 ὲτρε-

369 4357 606 4430 πόμεθα’
633 4360 666 4430 ή
694 4360 750 4412 δὲ
778 4359 932 4430 εὐχὴ,
964 4358 1176 4432 θρήνων
1210 4360 1421 4428 γίνεται
1457 4361 1683 4432 ἀφορμὴ
1713 4359 1792 4432 τῷ
1814 4361 1952 4431 λαῷ.

369 4451 483 4522 Τῆς
536 4451 646 4522 γὰρ
698 4452 1016 4524 ψαλμῳδίας
1070 4453 1592 4524 κατασιγασθείσης·
1653 4451 1840 4527 ἐπειδὴ
1895 4456 1954 4511 τὸ

371 4543 513 4613 ἱερὸν
557 4544 734 4596 έκεῖνο
784 4541 1076 4614 πρόσωπον
1122 4544 1180 4597 αἱ
1230 4543 1490 4614 παρθένοι
1541 4545 1949 4616 προσέϐλεψαν·

367 4634 462 4688 καὶ
495 4635 529 4704 ἡ
561 4633 717 4704 σορὸς
746 4634 847 4705 ήδη
873 4633 982 4687 τῶν
1013 4635 1216 4703 γονέων
1246 4633 1684 4700 ἀπεκαλύπτετο,
1711 4636 1769 4690 ὲν
1854 4655 1952 4691 κα-

366 4722 624 4777 ταθέσθαι
663 4722 986 4795 δεδογμένον
1013 4719 1103 4794 ἧν⁴
1141 4726 1270 4796 μιᾶς
1300 4741 1444 4790 τινος
1482 4725 1732 4790 ἀτάκτως
1754 4726 1952 4800 βοησά-

368 4831 466 4885 σης
491 4855 506 4880 ,
533 4815 616 4868 ὅτι
663 4813 845 4868 οὐκέτι
891 4816 1031 4886 μετὰ
1059 4815 1160 4886 τὴν
1191 4815 1338 4886 ὥραν
1368 4816 1574 4889 ταύτην
1618 4817 1680 4872 τὸ
1719 4819 1950 4887 θεοειδές

363 4907 522 4961 τοῦτο
565 4907 977 4979 προσϐλέψομεν
1026 4907 1338 4977 πρόσωπον·
1385 4908 1462 4972 ὡς
1515 4910 1610 4964 καὶ
1655 4912 1712 4964 αἱ
1761 4911 1948 4968 λοιπαὶ⁵

364 4999 625 5072 παρθένοι
665 5000 728 5052 τὸ
777 4999 892 5052 ῐσον
940 4997 1058 5068 μετ’
1104 4997 1278 5069 αὐτῆς
1325 4998 1642 5072 ἐξεϐόησαν,
1686 5001 1949 5072 σύγχυσις

361 5091 594 5155 ἄτακτος
621 5089 720 5161 τὴν
759 5088 1020 5144 εὔτακτον
1062 5089 1277 5160 ἐκείνην
1301 5091 1394 5145 καὶ
1435 5093 1734 5166 ἱεροπρεπῆ
1765 5095 1947 5166 ψαλμ-

360 5182 524 5253 ῳδίαν
560 5181 768 5253 διέχεε,
816 5179 1033 5235 πάντων
1085 5180 1221 5252 πρὸς
1272 5182 1371 5252 τήν
1407 5183 1515 5236 τῶν
1560 5184 1842 5256 παρθένων
1867 5187 1944 5240 ol-

365 5274 554 5344 μωγήν
584 5271 1041 5328 ὲπικλασθέντων.
1063 5269 1243 5342 Μόγις
1262 5273 1320 5326 δέ
1350 5291 1478 5327 ποτε
1501 5276 1657 5346 ήμῶν
1684 5276 1783 5348 τήν
1817 5295 1941 5331 σιω-

361 5363 468 5434 πὴν
498 5365 872 5429 διανευόντων,
903 5365 999 5419 καὶ
1030 5364 1127 5417 τοῦ
1157 5367 1398 5437 κήρυκος
1431 5366 1597 5438 εὐχὴν
1627 5369 1942 5441 ὑφηγουμέ-

361 5469 473 5520 νου,
506 5459 602 5511 καὶ
631 5458 730 5522 τάς
761 5459 1012 5531 συνήθεις
1043 5458 1344 5523 ὲκϐοῶντος
1367 5463 1433 5532 τῇ
1491 5461 1788 5536 Ἐκκλησία
1829 5482 1940 5536 φω-

359 5547 476 5612 νὰς,
507 5547 740 5619 κατέστη
774 5551 910 5618 πρὸς
935 5543 1001 5604 τό
1028 5551 1213 5624 σχῆμα
1240 5551 1338 5623 τῆς
1369 5553 1533 5624 εὐχῆς
1563 5554 1591 5606 ό
1625 5554 1768 5620 λαός.

464 5831 488 5869 ⁸
515 5833 646 5890 Dan.
699 5851 780 5889 nl.

2069 3350 2201 3416 Quae
2229 3348 2453 3418 quidem
2489 3364 2689 3420 pompa
2713 3365 2822 3404 non
2847 3348 3071 3403 carebat
3110 3350 3394 3420 mysterio,
3449 3363 3577 3404 cum
3621 3343 3659 3404 a‘

2069 3441 2342 3512 principio
2399 3439 2466 3494 ad
2502 3440 2663 3495 linem
2728 3456 2905 3512 usque
2942 3441 3258 3496 decantatio
3317 3441 3652 3510 psalmorum

2066 3527 2253 3583 eadem
2282 3544 2417 3585 voce
2447 3528 2516 3583 tri
2529 3528 2774 3600 plicique
2797 3530 3120 3585 canentium
3143 3529 3361 3592 ordine,
3396 3530 3654 3587 sicutille

2066 3622 2231 3676 trium
2259 3636 2556 3692 puerorum
2595 3629 2792 3678 cantus
2817 3623 2861 3687 ',
2895 3622 3295 3679 absolveretur.
3325 3625 3503 3679 Porro
3525 3639 3652 3680 cum

2066 3714 2210 3768 inter
2232 3729 2516 3771 secessum
2543 3722 2600 3770 et
2655 3722 2975 3771 sanctorum
3012 3701 3316 3788 martyrum
3345 3716 3540 3785 :edem,
3594 3717 3652 3773 in

2063 3820 2170 3877 qua
2203 3813 2496 3878 parentum
2538 3805 2704 3862 etiam
2736 3819 2972 3876 corpora
3014 3807 3402 3877 quiescebant,
3440 3815 3657 3880 septem‘

2062 3907 2301 3968 octoque
2330 3897 2737 3952 intercederent
2778 3896 2976 3962 stadia,
3009 3903 3182 3952 totum
3219 3911 3390 3968 prope
3421 3898 3568 3954 diem
3594 3898 3651 3954 in

2060 4005 2126 4045 eo
2158 3989 2339 4060 spatio
2373 3987 2720 4044 conficiendo
2754 3988 3238 4058 consumpsimus;
3293 3991 3654 4061 congredien-

2060 4083 2197 4137 tium
2222 4081 2369 4136 enim
2403 4079 2700 4135 multitudo
2726 4095 2850 4150 quae
2877 4080 3102 4137 assidue
3118 4081 3295 4152 magis
3324 4081 3648 4151 augebatur,

2061 4189 2170 4228 non
2212 4172 2426 4228 sinebat
2458 4184 2558 4226 nos
2611 4186 2678 4227 ex
2727 4171 3002 4228 sententia
3053 4171 3336 4244 progredi.
3391 4171 3504 4228 Sed
3554 4173 3648 4228 ubi

2059 4265 2202 4320 intra
2236 4264 2384 4318 fores
2441 4263 2630 4334 templi
2658 4263 3036 4328 constitimus,
3099 4262 3342 4328 demum,
3394 4264 3648 4335 deposito

2059 4353 2287 4418 feretro,
2355 4367 2458 4408 nos
2501 4352 2572 4408 ad
2640 4353 3014 4424 precationem
3067 4355 3485 4415 convertimus;
3524 4364 3652 4427 quas

2056 4445 2278 4515 quidem
2317 4444 2562 4515 precatio
2598 4444 2805 4516 pepqu
2840 4444 3024 4500 luctus
3057 4446 3346 4500 materiam
3389 4447 3642 4518 praebuit.

2059 4529 2290 4586 Silentio
2327 4531 2473 4586 enim
2501 4531 2730 4602 psalmis
2771 4532 3038 4590 canendis
3074 4533 3354 4604 imposito,
3383 4550 3508 4592 cum
3549 4553 3642 4593 sa-

2059 4637 2209 4678 cram
2259 4623 2406 4677 illam
2438 4623 2671 4694 virginis
2741 4622 2935 4680 faciem
2969 4627 3335 4696 aspexissent,
3367 4639 3422 4685 et
3444 4645 3644 4700 parcn-

2058 4721 2174 4769 tum
2201 4716 2314 4786 jam
2345 4724 2494 4772 esset
2533 4715 2841 4785 patefactus
2869 4719 3138 4786 tumulus,
3167 4720 3220 4775 in
3285 4737 3446 4792 quem
3490 4723 3639 4778 illam

2056 4805 2478 4862 decreveramus
2514 4807 2742 4872 inferre,
2775 4824 2994 4878 unaque
3021 4827 3212 4868 earum
3243 4829 3347 4870 nos
3371 4821 3494 4884 post
3514 4830 3640 4870 eam

2057 4901 2249 4954 horam
2273 4899 2522 4954 divinant
2568 4900 2702 4955 illud
2734 4912 2903 4971 caput
2941 4918 3052 4958 non
3085 4905 3329 4975 amplius
3374 4916 3640 4975 spectatu-

2056 5009 2150 5048 ros
2188 4994 2562 5064 perturbatius
2597 4995 2963 5062 exclamante,
3010 5006 3066 5052 et
3096 4998 3330 5068 reliquis
3375 4999 3636 5070 deinceps

2054 5085 2359 5154 virginibus
2390 5086 2581 5143 eadem
2609 5087 3001 5146 vociferatione
3030 5091 3511 5161 subsequentibus,
3550 5094 3636 5148 in-

2052 5176 2271 5230 condita
2306 5177 2555 5246 quaedam
2585 5178 2862 5244 confusio,
2890 5190 3040 5236 rc‘cte
3067 5185 3427 5240 constitutum
3457 5195 3511 5242 et
3541 5202 3634 5242 sa-

2049 5283 2204 5322 crum
2257 5269 2410 5324 illum
2437 5269 2771 5338 psalmorum
2797 5282 3019 5327 cantum
3049 5283 3134 5330 est
3154 5284 3450 5332 consecuta
3470 5295 3485 5332 :
3506 5292 3631 5332 nam

2048 5361 2316 5430 virginum
2352 5360 2504 5414 luctu
2537 5360 2695 5417 fracti
2730 5364 2975 5418 omnium
3015 5366 3182 5421 animi
3210 5369 3632 5426 commoveban-

2049 5461 2161 5507 tur.
2198 5451 2388 5522 Itaque
2416 5451 2578 5508 nobis
2630 5462 2765 5508 nutu
2817 5455 3095 5512 silentium
3150 5459 3546 5529 imperantibus
3575 5462 3631 5515 et

2049 5559 2301 5616 prtecone
2331 5552 2611 5614 praeeunte
2638 5557 2692 5600 ct
2726 5547 2920 5602 solitas
2953 5546 3216 5605 Ecclesia:
3259 5566 3425 5606 voces
3458 5551 3631 5605 incIa-s

2049 5645 2254 5700 mante,
2285 5637 2374 5692 vix
2408 5637 2628 5694 tandem
2657 5641 2893 5709 populus
2924 5656 2981 5699 se
3010 5641 3078 5699 ad
3118 5642 3456 5716 precandum
3485 5651 3632 5699 coul-

2049 5739 2246 5800 posuit.
