4092 6368
380 388 483 443 997

1619 386 1705 440 DE
1736 384 1900 440 VITA
1943 383 1999 439 S.
2042 383 2401 440 MACRIN/E.

3546 393 3652 450 998

382 488 514 575 παρ’
546 500 821 573 ἑκατέρων
867 501 900 571 ἡ
947 499 1076 572 περὶ
1122 501 1270 572 ἡμᾶς
1305 500 1671 573 φιλοφροσύνη
1725 500 1963 569 ἐγένετο.

2070 513 2259 553 serum
2292 514 2495 554 mensa:
2528 504 2800 572 partit-ops
2830 506 3055 569 ﬁerem;
3112 515 3165 560 et
3226 506 3381 562 beata
3419 508 3510 563 illa
3540 524 3649 563 non

396 594 551 665 Ἐμοί
594 612 654 647 τε
677 594 772 647 καὶ
792 595 822 647 ό
860 593 951 657 σὸς
983 592 1211 662 ἀδελφὸς
1246 592 1428 662 μένειν
1462 592 1840 657 ἐνεκελεύετο,
1872 593 1967 644 καὶ

386 688 680 756 μετασχεῖν
718 684 820 755 τῆς
864 684 1153 755 φιλοσόφου
1198 685 1495 757 τραπέζης’
1537 685 1574 756 ἦ
1623 702 1685 739 τε
1721 684 1968 756 μακαρία

381 775 481 847 τὴν
513 775 652 847 ἐμὴν
684 776 933 846 γαμετὴν
958 775 1018 828 ού
1046 774 1244 845 μεθίει,
1277 774 1393 829 ἀλλ’
1433 775 1492 828 ἐν
1523 774 1744 838 κόλποις
1770 773 1969 845 ἔχουσα

382 868 444 921 τὸ
478 867 793 939 θυγάτριον,
842 867 902 921 ού
939 867 1204 938 πρότερον
1236 866 1421 937 ἔλεγεν
1468 867 1794 933 ἀποδώσειν,
1837 867 1969 939 πρὶν

382 952 662 1024 τράπεζαν
696 953 889 1011 αὐταῖς
922 953 1397 1025 παραστήσασθαι.
1426 955 1524 1009 καὶ
1554 953 1634 1026 τῷ
1679 954 1782 1026 τῆς
1822 955 1972 1025 φιλο-

385 1046 578 1116 σοφίας
602 1045 960 1112 δεξιώσασθαι
990 1046 1223 1117 πλούτῳο
1248 1045 1477 1116 φιλοῦσα
1498 1046 1577 1110 δὲ,
1603 1043 1691 1100 οἷα
1713 1046 1880 1112 είκδς,
1909 1047 1975 1100 τὸ

382 1138 619 1202 παιδίον,
646 1139 742 1192 καὶ
786 1142 1139 1212 προσάγουσα
1184 1140 1247 1191 τὸ
1289 1139 1464 1209 στόμα
1493 1141 1607 1202 τοῖς
1635 1138 1935 1210 ὀφθαλμοῖς
1954 1181 1969 1205 ,

374 1228 570 1299 ἐπειδὴ
599 1223 708 1282 εἶδε
730 1228 791 1281 τὸ
819 1229 947 1299 περὶ
966 1228 1063 1299 τὴν
1094 1228 1264 1298 κόρην
1289 1227 1481 1294 πάθος,
1526 1228 1650 1281 Ἐάν
1675 1245 1784 1299 μοι,
1814 1230 1969 1300 φησὶ,

382 1318 519 1372 δῶτε
545 1319 644 1389 τὴν
664 1319 845 1389 χάριν,
870 1321 965 1373 καὶ
991 1319 1091 1388 τῆς
1118 1319 1401 1391 τραπέζης
1424 1322 1557 1390 ἡμῖν
1583 1321 1969 1392 κοινωνήσητε,

384 1411 662 1466 ἀντιδώσω
698 1410 889 1481 μισθὸν
922 1412 1049 1482 ὑμῖν
1077 1411 1179 1482 τῆς
1212 1412 1467 1483 τοιαύτης
1496 1413 1664 1484 τιμῆς
1702 1412 1802 1465 ούκ
1835 1412 1970 1467 ἀνά-

384 1502 517 1571 ξιον.
557 1503 691 1558 Τίνα
719 1503 783 1575 δὴ
822 1502 1034 1567 τοῦτον,
1065 1503 1325 1573 εἰπούσης
1352 1506 1452 1576 τῆς
1482 1503 1575 1557 τοῦ
1608 1504 1823 1557 παιδίου
1859 1521 1957 1575 μη-

381 1597 510 1667 τρός
527 1598 707 1664 ;Ἔστι
732 1613 822 1667 μοι
843 1596 1153 1667 φάρμακον,
1173 1598 1208 1667 ἡ
1228 1597 1455 1669 Μεγάλη
1472 1598 1656 1669 φησὶν,
1673 1596 1701 1650 δ
1724 1596 1967 1661 δυνατῶς

380 1679 494 1752 ἔχει
526 1682 587 1736 τὸ
615 1683 756 1737 κατὰ
792 1685 885 1737 τὸν
928 1683 1205 1756 ὀφθαλμὸν
1235 1684 1488 1739 ἰάσασθαι
1529 1685 1720 1750 πάθος.
1763 1686 1885 1740 Ἐπὶ
1908 1686 1966 1739 δὲ

2067 589 2381 644 dimittebat
2404 607 2632 645 uxorem
2660 610 2859 660 meam,
2893 598 2986 651 sed
3030 598 3253 653 ﬁliolam
3289 599 3344 654 in
3378 598 3506 655 sinu
3555 617 3653 671 εει-

2065 698 2195 739 rens
2225 698 2335 737 non
2360 684 2513 754 prius
2538 685 2685 740 illam
2739 703 2798 743 se
2850 690 3190 746 reddituram
3223 692 3427 760 aiebat,
3485 710 3651 764 quam

2067 790 2314 830 mensam
2362 787 2729 847 apparasset,_
2763 788 2817 836 et
2862 798 2966 837 nos
3025 784 3385 856 phiIOSOphia:
3442 788 3653 844 divitiis

2068 867 2399 938 accepisset,
2421 871 2725 939 puellulam
2761 880 2945 928 autem
2974 876 3238 933 osculans
3268 887 3323 933 et
3351 878 3653 937 admovens

2072 973 2138 1015 os
2175 960 2359 1015 oculis
2395 962 2543 1029 ejus,
2578 963 2668 1017 ubi
2694 966 2955 1035 pupillam
2987 966 3235 1024 all'cctam
3264 969 3434 1026 vidit:
3472 970 3530 1026 Si
3550 974 3656 1028 hoc

2069 1049 2227 1118 mihi,
2271 1051 2473 1122 inquit,
2509 1056 2903 1112 concesseritis
2934 1067 2992 1112 ut
3020 1059 3163 1129 apud
3192 1075 3291 1116 nos
3339 1076 3463 1117 esse
3517 1063 3648 1117 veli-

2071 1141 2161 1208 tis,
2189 1145 2419 1211 gratiam
2476 1148 2635 1201 vobis
2683 1148 2779 1202 tali
2832 1148 3040 1205 honore
3097 1168 3204 1207 non
3255 1152 3536 1225 indignam
3568 1171 3656 1211 re-

2073 1230 2265 1286 feram.
2310 1232 2589 1305 Ecquam?
2623 1237 2800 1307 inquit
2841 1240 3092 1309 puellula:
3123 1253 3314 1300 mater.
3351 1242 3449 1301 Est
3496 1245 3652 1310 mihi,
3690 1238 3698 1259 ⁹

2070 1324 2359 1394 respondit
2418 1342 2636 1395 magna,
2700 1330 3158 1388 medicamentum
3224 1335 3292 1391 ad
3348 1337 3653 1392 curandum

2078 1416 2225 1471 hunc
2257 1418 2477 1472 oculum
2516 1422 2851 1492 appositum.
2914 1426 3045 1492 Quae
3083 1428 3302 1498 quidem
3358 1430 3655 1499 promissio

2075 1520 2200 1560 cum
2228 1509 2359 1563 mibi
2398 1527 2427 1564 a
2459 1512 2698 1581 quodam
2731 1530 2797 1569 ex
2839 1516 3112 1587 virginum
3152 1520 3398 1574 conclavi
3435 1521 3649 1575 nuntia-

2076 1607 2129 1652 ta
2156 1606 2330 1667 esset,
2355 1601 2590 1658 libenter
2636 1608 2963 1675 mansimus,
3011 1610 3345 1679 posthabita,
3377 1626 3499 1682 qua:
3551 1627 3654 1666 nos

2075 1690 2327 1759 urgebat,
2357 1693 2742 1761 proﬁciscendi
2784 1698 3135 1755 necessitate.

380 1773 631 1839 τούτοις,
679 1774 998 1847 δηλώματός
1054 1793 1145 1847 μοι
1192 1777 1342 1849 παρά
1384 1778 1485 1849 τῆς
1530 1779 1975 1849 γυναικωνίτιδος
2011 1781 2239 1851 ἥκοντος
2279 1785 2384 1838 ὑπὸ
2411 1786 2511 1859 τὴν
2550 1789 2841 1860 ὑπόσχεσιν
2872 1792 3095 1877 ἐκείνην
3143 1795 3651 1866 καταμηνύσαντος,

380 1867 609 1937 ἄσμενοι
635 1867 1070 1938 παρεμείναμεν·
1103 1867 1277 1939 μικρά
1300 1870 1682 1939 φροντίσαντες
1700 1871 1799 1958 τῆς
1829 1872 2159 1946 ἐπειγούσης
2184 1877 2331 1946 ἡμᾶς
2366 1879 2503 1949 πρὸς
2528 1879 2628 1951 τὴν
2657 1868 2967 1955 ὁδοιπορίαν
2997 1888 3264 1958 ἀνάγκης.

466 1978 485 2011 ι
526 1959 615 2022 Ὦς
638 1958 695 2011 δὲ
721 1957 872 2021 τέλος
894 1954 1038 2029 εἶχεν
1064 1959 1098 2029 ὴ
1125 1958 1346 2030 εὐωχία,
1377 1960 1472 2013 καὶ
1495 1960 1709 2031 πλήρης
1740 1955 1811 2032 ἦν
1842 1962 1967 2032 ἡμῖν

2154 1965 2320 2019 «Cum
2360 1967 2526 2037 igitur
2553 1954 2889 2037 convivium,
2926 1976 3068 2044 quod
3092 1974 3288 2033 Petrus
3318 1978 3655 2038 humanitate

350 2054 417 2124 Li)
441 2051 595 2123 εὐχὴ,
626 2048 721 2104 τοῦ
754 2049 853 2121 μὲν
893 2048 1128 2120 μεγάλου
1177 2050 1385 2123 Πέτρου
1417 2054 1540 2116 ταῖς
1571 2052 1801 2116 οἰκείαις
1838 2070 1966 2124 χερ-

354 2131 469 2215 ῗσὶν
496 2142 827 2215 εὗωχοῦντος
845 2144 1014 2213 ἡμᾶς,
1047 2143 1141 2197 καὶ
1163 2142 1567 2217 φαιδρύνοντος,
1596 2146 1695 2215 τῆς
1727 2145 1784 2198 δὲ
1809 2146 1969 2215 ἁγίας

383 2237 693 2307 Μακρίνης,
724 2234 812 2288 διὰ
848 2234 1032 2305 πάσης
1069 2234 1379 2309 εὐπρεποῦς
1411 2235 1679 2308 θυμηδίας
1702 2238 1802 2309 τὴν
1839 2237 1971 2308 όμόι

358 2318 549 2397 ἓζυγον
567 2330 701 2399 ἡμῖν
716 2326 981 2396 ἀνιείσης·
1009 2324 1152 2380 οὕτω
1186 2326 1568 2399 φαιδρύνοντες
1613 2328 1708 2380 καὶ
1736 2328 1969 2399 γεγηθό-

382 2437 494 2483 τες,
518 2420 616 2489 τὴν
641 2419 809 2489 αὐτὴν
831 2418 945 2471 ὁδὸν
968 2419 1319 2489 ἐπανιεῄμεν,
1343 2418 1587 2489 διήγημα
1610 2419 1685 2489 τῷ
1708 2419 1879 2491 ἐτέρῳ
1899 2419 1967 2473 τὰ

384 2508 508 2560 καθ’
525 2506 715 2561 ἐαυτὸν
730 2509 988 2578 ἑκάτερος
1008 2509 1065 2561 ἐν
1076 2510 1141 2578 τῇ
1160 2506 1434 2577 ὁδοιπορίᾳ
1454 2506 1786 2578 ποιούμενοι·
1812 2508 1968 2576 κάγὼ

388 2597 489 2668 μὲν
521 2598 749 2669 διεξῄειν
785 2598 853 2652 τὰ
895 2599 960 2651 ἐκ
988 2598 1081 2651 τοῦ
1119 2598 1410 2669 ἀνδρῶνος,
1442 2599 1541 2652 ὅσα
1579 2615 1640 2650 τε
1682 2596 1841 2663 εἶδον,
1872 2600 1968 2654 καὶ

383 2686 488 2741 ὃσα
508 2688 732 2756 ἤκουσα·
774 2687 956 2757 ἐκείνη
983 2686 1042 2740 δέ
1064 2688 1131 2741 τὰ
1154 2687 1274 2741 καθ’
1297 2687 1524 2741 ἕκαστον
1549 2688 1965 2760 ἐκδιηγουμένη,

384 2780 639 2852 καθάπερ
670 2781 756 2851 ἐφ’
787 2780 1048 2851 ἱστορίας,
1082 2779 1233 2833 οὐδὲν
1264 2781 1400 2851 ᾤετο
1422 2779 1553 2845 δεῖν,
1580 2782 1700 2834 ούδέ
1732 2781 1842 2834 τῶν
1880 2799 1969 2852 μι-

385 2872 556 2943 κρῶν,
585 2870 1043 2943 παραλανθάνειν·
1077 2870 1386 2933 ἀκολούθως
1415 2871 1469 2923 δέ
1505 2870 1683 2924 πάντα
1715 2871 1969 2942 καθάπερ

386 2963 480 3017 ἐπὶ
524 2962 756 3033 συζυγίᾳ
796 2963 896 3032 τῆς
923 2962 1246 3033 συγγραφῆς
1274 2963 1548 3029 διεξιοῦσα
1574 2982 1587 2995 ο
1619 2964 1695 3027 ὡς
1726 2965 1878 3018 κατὰ
1908 2965 1969 3017 τὸ

389 3054 554 3124 μέρος
583 3055 804 3122 γέγονεν
840 3056 1035 3117 ἐκεῖνο,
1068 3054 1124 3108 ἐν
1159 3048 1204 3121 ᾧ
1233 3055 1265 3124 ἡ
1302 3055 1593 3125 ὑπόσχεσις
1620 3051 1687 3126 ἦν
1729 3059 1827 3126 τῆς
1872 3055 1968 3108 τοῦ

382 3145 667 3217 ὀφθαλμοῦ
723 3145 1051 3215 θεραπείας,
1100 3146 1381 3215 ἐκκόψασα
1422 3148 1522 3217 τὴν
1570 3147 1861 3218 διήγησιν,
1904 3148 1969 3201 Τί

385 3237 577 3302 τοῦτο,
632 3237 800 3307 φησὶ,
863 3238 1246 3307 πεπόνθαμεη
1303 3238 1426 3301 Πῶς
1468 3240 1564 3308 τῆς
1623 3240 1969 3309 ὑποσχέσεως

2070 2063 2124 2109 ct
2158 2057 2333 2126 gratia
2367 2074 2465 2114 sua
2503 2062 2850 2127 condiverat,
2888 2064 3112 2120 haberet
3157 2066 3339 2132 ﬁnem,
3378 2072 3655 2144 uxorique

2070 2147 2230 2203 nebis
2258 2162 2289 2202 a
2332 2161 2523 2207 sancta
2552 2154 2791 2209 Maerina
2826 2160 2977 2211 omni
3010 2162 3358 2215 convenien’ti
3387 2164 3654 2232 jucundi-

2069 2244 2183 2295 tate
2218 2254 2465 2297 recreata
2501 2246 2733 2303 remissa
2769 2258 2936 2314 esset,
2979 2251 3163 2308 laatitia
3201 2262 3253 2308 et
3278 2256 3477 2325 gaudio
3508 2258 3653 2328 pleni

2069 2345 2173 2387 nos
2215 2332 2269 2387 iu
2318 2336 2461 2389 viam
2497 2338 2764 2402 ,dedimus
2806 2362 2819 2396 :
2856 2350 2911 2397 et
2950 2358 3072 2414 qua?
3125 2346 3344 2416 utrique
3400 2357 3653 2405 nostrum

2066 2420 2414 2491 contigerant
2452 2425 2596 2479 inter
2633 2428 2875 2483 eundum
2922 2433 3288 2490 narrabamus
3327 2454 3339 2489 :
3390 2453 3491 2507 ego
3529 2440 3657 2508 quiv

2070 2510 2193 2566 dem
2242 2530 2580 2588 quaecunque
2631 2521 2686 2574 in
2728 2522 2972 2577 virorum
3018 2527 3266 2581 conclavi
3295 2528 3379 2582 vel
3410 2528 3652 2584 videram

2071 2604 2154 2659 vel
2200 2606 2540 2673 audiveram,
2590 2614 2978 2681 recensebant;
3028 2625 3083 2673 et
3119 2619 3497 2676 illavicissim
3530 2628 3655 2676 tan-

2069 2710 2233 2765 quam
2270 2713 2337 2751 ex
2374 2699 2602 2755 historia
2640 2704 2855 2775 singula
2909 2718 3180 2776 repetens,
3232 2711 3370 2764 nihil
3427 2710 3654 2767 omnino

2071 2790 2426 2857 quantumvis
2456 2808 2683 2861 parvum
2731 2797 3090 2852 omitti-ndqu
3134 2800 3501 2857 existimabat.
3549 2803 3656 2859 Ita—

2069 2894 2178 2948 que
2207 2896 2333 2935 cum
2369 2898 2480 2938 non
2522 2886 2700 2952 aliter,
2735 2905 2898 2958 quam
2933 2906 3000 2945 ex
3044 2888 3250 2963 scripto
3299 2903 3558 2965 tanquam
3596 2896 3653 2951 in

2071 2968 2242 3024 altera
2272 2972 2429 3029 lance
2465 2978 2801 3046 appendens,
2831 2981 3023 3037 ordine
3050 2992 3248 3038 cuncta
3281 2996 3650 3053 percurreret,

2066 3060 2291 3130 jamque
2318 3065 2385 3118 ad
2410 3081 2526 3120 eam
2559 3071 2894 3137 pervenisset
2925 3083 3159 3142 partem,
3194 3092 3319 3146 quze
3349 3079 3655 3133 curationis

2070 3154 2217 3207 oculi
2242 3159 2665 3224 promissionem
2702 3165 3039 3230 continebat,
3077 3168 3448 3225 narrationem
3485 3170 3654 3227 inter-

2073 3244 2299 3302 mittens
2333 3266 2346 3302 :
2379 3248 2673 3316 Quidnam,
2721 3254 2920 3325 inquit,
2962 3258 3211 3327 egimus?
3239 3259 3525 3326 Quomodo
3556 3280 3654 3320 ne-

385 3306 742 3399 ὴμελήσαμεν
766 3368 780 3391 ,
807 3329 868 3380 τὸ
911 3328 1244 3397 ἐπαγγελθέν
1289 3329 1419 3399 ἡμῖν
1464 3306 1639 3383 ἐκεῖνο
1680 3332 1738 3383 ἐν
1766 3306 1967 3384 ’κολλυ-

2388 3306 2424 3315 ..,
2660 3306 2672 3316 ι
2724 3306 2920 3325 Veil—vi,
2968 3306 3204 3327 νυ-------
3244 3306 3522 3326 κνν-υννν
3556 3306 3626 3320 ἐιν

2074 3336 2344 3404 gleximus
2396 3341 2729 3410 promissum
2783 3348 2997 3415 ipsius?
3029 3347 3348 3420 Collyrium,
3405 3353 3651 3423 inquam,

393 3421 492 3491 ρίῳ
532 3419 858 3490 φάρμακον;
915 3418 1101 3490 Κόιμοῦ
1159 3421 1698 3491 συνδυσχεραίνοντος
1758 3422 1852 3478 ἐπὶ
1900 3425 1970 3494 τῇ

389 3512 659 3581 ἀμελείᾳ,
704 3511 797 3564 καί
846 3528 965 3564 τινα
1042 3511 1128 3565 διὰ
1170 3512 1369 3581 τάχους
1423 3512 1714 3584 ἐκδραμεῖν
1759 3515 1854 3567 ἐπὶ
1910 3514 1973 3567 τὸ

389 3605 681 3676 φάρμακον
710 3604 1210 3673 ἐγκελευσαμένου,
1262 3604 1448 3673 βλέπει
1478 3607 1619 3659 κατά
1658 3606 1719 3657 τὸ
1756 3607 1972 3677 συμϐὰν

386 3698 526 3769 πρὸς
555 3698 653 3767 τὴν
685 3697 896 3767 μητέρα
925 3697 980 3748 ἐν
1010 3698 1126 3759 ταῖς
1154 3697 1341 3765 χερσὶν
1368 3696 1427 3748 ὒν
1457 3697 1557 3767 τῆς
1576 3698 1973 3770 τιθηνουμένης

388 3791 449 3844 τὸ
490 3791 702 3861 νήπιον,
748 3791 841 3843 καὶ
878 3792 911 3857 ἡ
951 3792 1132 3860 μήτηρ
1164 3792 1276 3852 τοῖς
1311 3791 1607 3861 ὀφθαλμοῖς
1651 3792 1746 3846 τοῦ
1774 3794 1968 3865 νηπίου

389 3882 784 3945 ἐνατενίσασα,
833 3882 1054 3945 Παύου,
1113 3882 1282 3952 φησι,
1333 3882 1699 3955 δυσχεραίνων
1754 3886 1847 3938 ἐπί
1900 3889 1967 3959 τῇ

388 3972 635 4043 ἀμελείᾳ.
671 3974 899 4046 Μεγάλῃ
946 3972 1103 4026 τοῢτο
1149 3975 1300 4043 φωνῇ
1346 3975 1450 4026 ὑπὸ
1499 3977 1673 4044 χαρᾶς
1716 3976 1830 4048 ἅμα
1875 3979 1968 4031 καὶ

387 4061 701 4132 ἐκπλήξεως
723 4063 977 4131 λέγουσα.
1028 4063 1154 4116 Ἰδοὺ
1178 4062 1286 4134 γάρ
1309 4064 1456 4119 ούδέν
1482 4065 1815 4122 ἐλλέλειπται
1838 4070 1969 4140 ἡμῖν

387 4154 498 4207 τῶν
543 4156 966 4226 ἐπηγγελμένων
988 4174 1001 4187 ·
1035 4155 1170 4209 ἁλλά
1205 4156 1266 4208 τὸ
1300 4157 1552 4226 ἀληθινὸν
1585 4160 1799 4230 ἐκείνης
1830 4163 1969 4234 φάρ-

393 4262 585 4314 μακον,
620 4245 681 4297 τὸ
716 4244 824 4297 τῶν
862 4244 1202 4315 παθημάτων
1241 4246 1503 4316 ἰατρικὸν,
1564 4248 1702 4319 ὅπερ
1740 4251 1885 4303 ἐστὶν
1940 4255 1966 4321 ἡ

389 4335 454 4387 ἐκ
476 4333 585 4387 τῶν
614 4334 788 4403 εύχῶν
821 4334 1083 4404 θεραπεία
1101 4372 1117 4397 ,
1152 4336 1247 4387 καὶ
1279 4334 1467 4398 ἔδωκε,
1498 4338 1589 4390 καὶ
1615 4338 1837 4408 ἐνεργὸν
1866 4340 1965 4409 ἤδη

387 4425 611 4493 γέγονε,
662 4425 758 4478 καλ⁸
800 4424 1182 4479 ὑπολέλειπται
1232 4426 1329 4496 τῆς
1374 4427 1513 4480 κατά
1555 4429 1646 4482 τὸν
1690 4428 1966 4500 ὀφθαλμὸν

387 4518 699 4592 ἀρρωστίας
730 4518 1021 4582 ούδοτιοῦν,
1062 4519 1139 4589 τῷ
1169 4520 1297 4589 θείῳ
1328 4521 1522 4591 ἐκείνῳ
1569 4522 1846 4594 φαρμάκῳ
1872 4542 1966 4577 κε·-

2077 3427 2208 3481 illud
2258 3431 2403 3497 quod
2457 3435 2616 3489 nobis
2664 3439 3031 3505 promiserat?
3081 3440 3328 3513 Cumque
3371 3461 3471 3516 ego
3522 3447 3653 3501 item

2074 3517 2457 3588 negligentiam
2505 3523 2839 3592 incusarem,
2892 3530 3253 3601 juberemque
3298 3543 3355 3589 ut
3400 3538 3656 3594 celeriter

2076 3610 2273 3680 aliquis
2320 3613 2386 3667 ad
2441 3615 2575 3669 illud
2625 3621 3034 3687 exposcendum
3082 3637 3421 3696 cxcurrerct,
3471 3629 3655 3688 infans

2072 3702 2291 3758 interim
2323 3722 2444 3776 qua:
2470 3707 2523 3762 in
2561 3711 2812 3768 manibus
2856 3714 3093 3771 nutricis
3128 3726 3268 3783 erat,
3310 3730 3541 3777 matrem
3570 3737 3660 3779 re-

2072 3796 2236 3865 spicit
2273 3817 2285 3851 :
2322 3799 2484 3852 etiam
2534 3812 2710 3858 mater
2754 3806 2820 3859 ad
2861 3809 2982 3877 ejus
3030 3812 3221 3867 oculos
3255 3814 3426 3869 aciem
3469 3815 3657 3871 inten-

2073 3885 2207 3942 dens
2257 3907 2271 3943 :
2323 3888 2710 3962 Negligcnlize,
2762 3897 2959 3967 inquit,
3015 3913 3217 3959 nostra:
3264 3905 3482 3963 desinas
3524 3923 3655 3964 suc-

2073 3988 2318 4033 censere.
2385 3980 2526 4036 Ecce
2577 3984 2676 4039 tibi
2732 3987 2872 4041 bona
2927 3989 3031 4044 ﬁde
3078 3994 3317 4047 solutum
3364 3996 3511 4066 quod
3561 3998 3655 4053 illa

2072 4069 2399 4137 promiserat
2446 4091 2458 4126 :
2502 4089 2687 4129 veram
2748 4079 2894 4132 enim
2956 4078 3272 4137 morborum
3328 4086 3653 4144 medicinam

2073 4174 2195 4228 qua:
2219 4162 2475 4230 precibus
2509 4163 2587 4229 ﬁt,
2623 4166 2780 4222 nobis
2816 4169 3085 4235 exhibuit,
3129 4174 3288 4244 cujus
3322 4194 3383 4231 ca
3429 4177 3513 4234 vis
3549 4178 3655 4234 fuit

2073 4258 2133 4305 ut
2164 4268 2231 4306 nc
2272 4254 2558 4324 vestigium
2606 4259 2825 4328 quidem
2880 4265 3055 4319 morbi
3092 4265 3146 4319 in
3192 4269 3353 4321 oculo
3403 4271 3650 4327 relictum

2072 4344 2163 4410 sit,
2198 4346 2335 4401 adeo
2366 4348 2552 4403 divino
2582 4351 2675 4406 illo
2724 4355 3121 4412 medicamento
3154 4359 3243 4414 ille
3274 4371 3501 4420 curatus
3544 4374 3650 4420 est.

2069 4435 2247 4506 Atque
2306 4438 2380 4491 ita
2437 4440 2668 4511 loquens
2718 4444 2938 4500 ﬁliolam
3001 4450 3345 4519 suscipiens,
3409 4454 3543 4509 mihi
3594 4456 3650 4511 in

2070 4543 2269 4586 manus
2313 4532 2559 4587 tradidit.
2596 4534 2750 4592 Tunc
2782 4553 2881 4607 ego
2924 4539 3193 4595 miracula
3228 4560 3349 4613 qua:
3383 4544 3440 4599 in
3471 4545 3653 4601 Evan-

390 4612 752 4683 καθαρμένον.
810 4615 922 4667 Καὶ
975 4614 1092 4685 ἅμα
1140 4615 1312 4668 ταῦτα
1363 4614 1673 4678 διεξιοῦσα,
1725 4617 1861 4688 αὐτή
1906 4635 1963 4671 τε

2071 4621 2212 4690 gelio
2264 4634 2564 4679 narrantur
2621 4627 2967 4684 incredibilia
3023 4634 3355 4703 cogitatione
3410 4639 3653 4708 comple-

387 4702 447 4755 τὸ
503 4702 713 4755 παιδίον
758 4705 1186 4773 ἐνηγκαλίξετο,
1223 4705 1317 4757 καὶ
1364 4707 1482 4769 ταῖς
1535 4707 1694 4774 ἐμαῖς
1740 4710 1969 4763 ἐνετίθει

388 4795 563 4865 χερσί.
599 4793 769 4861 Κάγὼ
794 4794 919 4847 τότε
960 4794 1029 4848 τὰ
1064 4796 1440 4865 ἀπιστούμενα
1472 4797 1610 4852 κατά
1643 4799 1704 4851 τὸ
1722 4800 1971 4870 Εὐαγγέ-

387 4886 499 4939 λιον
530 4885 813 4955 θαύματα,
843 4888 910 4955 τῇ
955 4885 1173 4956 διανοία
1205 4886 1403 4951 λαϐὼν,
1464 4887 1527 4939 Τί
1576 4890 1742 4959 μέγα,
1793 4887 1966 4957 εἶπον,

386 4977 474 5030 διὰ
520 4976 698 5047 χειρὸς
748 4974 881 5027 Θεοῦ
928 4975 1145 5042 τυφλοῖς
1173 4975 1271 5038 τὰς
1314 4976 1463 5044 ὄψεις
1502 4978 1963 5034 άποκαθίσασθαι’

384 5068 544 5121 ὁπότε
574 5067 670 5119 νῦν
700 5068 732 5138 ἠ
775 5066 935 5136 δούλη
970 5066 1159 5130 αὐτοῦ,
1198 5066 1294 5130 τὰς
1326 5067 1495 5131 ἰάσεις
1535 5070 1745 5133 ἐκείνας
1772 5090 1969 5143 κατορ-

386 5158 554 5211 θοῦσα
591 5160 657 5228 τῇ
686 5157 764 5220 είς
792 5156 953 5210 αὑτὸν
988 5156 1190 5222 πίστει,
1223 5156 1611 5228 κατείργασται
1647 5162 1878 5232 πρᾶγμα
1905 5164 1966 5216 οὑ

384 5250 519 5302 πολὺ
542 5251 648 5303 τῶν
673 5249 965 5321 θαυμάτων
991 5248 1216 5301 ἐκείνων
1243 5250 1688 5320 ἀπολειπόμενον;
1728 5271 1748 5305 ι
1783 5252 1968 5306 Ταῦτα

2069 4719 2221 4765 ctens
2255 4731 2268 4767 :
2306 4738 2323 4764 ι
2372 4712 2509 4780 Quid
2537 4717 2756 4783 mirum,
2789 4720 3035 4791 inquam,
3067 4740 3096 4779 e
3128 4740 3294 4779 manu
3340 4728 3434 4782 Dei
3475 4743 3653 4785 caacos

2066 4799 2289 4856 videndi
2337 4812 2661 4873 potestatem
2717 4811 3020 4880 accepisse,
3056 4814 3278 4883 quando
3327 4833 3476 4872 nunc
3529 4819 3653 4889 ejus

2067 4893 2265 4947 ancilla
2296 4911 2391 4963 per
2412 4895 2569 4951 tidem
2598 4899 2651 4951 in
2687 4899 2861 4969 ipsum
2889 4912 3115 4971 praestat
3146 4906 3269 4963 illas
3299 4910 3653 4966 curationes?

2066 4999 2205 5053 opus
2245 4988 2389 5040 enim
2451 4992 2752 5057 cernimus,
2808 4995 2949 5049 haud
2998 4998 3171 5051 multo
3226 4999 3507 5057 miraculis
3540 5003 3651 5058 illis

2071 5076 2323 5134 inferius.
2368 5099 2387 5132 ι
2421 5079 2549 5136 llaec
2595 5082 2685 5138 ille
2728 5085 2859 5139 mihi
2909 5087 3037 5142 dum
3093 5100 3317 5155 narrat,
3376 5095 3651 5165 singultus

2071 5180 2261 5221 vocem
2308 5169 2429 5238 ejus
2482 5171 2793 5244 intercepit,
2829 5184 2882 5231 et
2936 5179 3228 5234 subsecuta
3260 5191 3344 5238 est
3375 5186 3531 5255 copia
3573 5187 3653 5241 la-

2071 5271 2405 5329 crymarum.
2441 5264 2621 5334 Atque
2650 5266 2763 5322 hac
2792 5267 3007 5338 quidem
3043 5286 3072 5324 a
3103 5274 3293 5329 milite.

384 5344 557 5412 λέγων
607 5345 811 5415 μεταξὺ
854 5344 1046 5417 λυγμῷ
1091 5346 1190 5414 τὴν
1236 5345 1416 5417 φωνὴν
1468 5348 1818 5415 ἐνεκόπτετο,
1895 5348 2004 5403 τῶν
2041 5350 2293 5423 δακρύων
2364 5358 2734 5429 ἐπιρῤυέντων
2784 5364 2861 5432 τῷ
2909 5364 3226 5436 διηγήματι.
3276 5370 3356 5426 Τά
3412 5373 3513 5444 μὲν
3558 5372 3650 5430 οὖν

383 5438 534 5508 παρὰ
560 5439 655 5492 τοῦ
686 5440 1037 5510 στρατιώτου,
1063 5443 1253 5497 ταῦτα.

455 5534 595 5586 Ὅσα
625 5532 681 5585 δὲ
715 5534 810 5586 καλ⁵
840 5535 975 5590 ἄλλα
1012 5534 1237 5591 τοιαῦτα
1271 5534 1422 5607 παρὰ
1450 5535 1555 5589 τῶν
1587 5538 1959 5607 συνεζηκότων

383 5628 542 5697 αὐτῇ,
574 5624 670 5679 καὶ
697 5624 763 5677 δι’
788 5625 1073 5697 ἀκριϐείας
1102 5629 1169 5683 τά
1211 5631 1329 5684 κατ’
1371 5628 1539 5699 αὐτὴν
1583 5631 1960 5699 ἐπισταμένων

380 5718 714 5789 ἠκούσαμεν,
746 5718 845 5771 ούκ
874 5720 1115 5788 ἀσφαλὲς
1147 5717 1299 5791 οἶμαι
1327 5721 1641 5792 πρισθεῖναι
1672 5722 1749 5792 τῷ
1777 5722 1963 5793 διηγήο

385 5826 533 5881 ματι.
573 5809 635 5861 Ol
667 5808 771 5879 γὰρ
805 5808 986 5863 πολλοὶ
1015 5812 1120 5868 τῶν
1162 5812 1462 5883 ἀνθρώπων
1491 5814 1628 5884 πρὸς
1656 5813 1721 5866 τὰ
1752 5813 1959 5869 ἑαυτῶν

922 5983 942 6013 1

2138 5536 2269 5603 Quae
2308 5546 2491 5594 autem
2526 5542 2594 5598 ab
2628 5542 2740 5600 illis
2775 5545 2868 5615 qui
2906 5546 3067 5603 simul
3103 5565 3226 5605 cum
3267 5569 3328 5607 ea
3373 5555 3649 5624 vixerunt,

2066 5631 2271 5701 quique
2325 5646 2543 5688 onmem
2596 5635 2743 5692 illius
2791 5639 2957 5695 vitam
3004 5645 3165 5713 plane
3210 5657 3548 5717 perspectam
3596 5661 3651 5706 ct

2067 5724 2340 5795 cognitam
2382 5726 2651 5783 habebant
2685 5734 3016 5803 acceperim,
3059 5736 3189 5793 huic
3232 5740 3535 5795 narrationi
3561 5748 3650 5797 at-

2068 5818 2300 5873 tevenda
2338 5834 2447 5875 non
2494 5835 2691 5879 censeo
2723 5842 2737 5879 :
2770 5827 3017 5895 plerique
3060 5827 3207 5886 cnim
3242 5844 3341 5900 pro
3374 5847 3439 5887 eo
3469 5846 3649 5903 quan-
