4092 6368
456 366 564 427 999

1680 363 1735 418 Ξ.
1769 362 2095 419 (ςιιΕςοιιιι
2131 360 2422 416 NYSSENI

3575 366 3715 424 H500

453 495 564 541 tum
595 485 696 558 ipsi
721 493 952 557 possunt
979 483 1210 548 cﬂicerc,
1237 491 1471 538 credunt
1499 497 1561 536 ea
1596 497 1715 552 quae
1744 481 2022 544 dicuntur,

2131 481 2307 550 μέτρα
2319 481 2379 532 τὸ
2397 479 2584 534 πιστὸν
2603 481 2657 532 ἐν
2674 482 2784 542 τοῖς
2797 480 3111 551 λεγομένοις
3125 480 3392 552 κρίνουσι·
3408 479 3468 532 τὸ
3480 480 3538 536 δὲ
3557 484 3715 555 ὑπερ-

451 594 572 650 qua:
594 594 722 634 vero
755 579 1025 634 amlicntis
1061 585 1320 647 superant
1367 576 1532 637 vires,
1563 583 1824 643 tauquam
1858 589 1888 627 a
1929 591 2022 630 ve-

450 673 612 726 ritate
658 678 866 725 remota
900 668 1167 728 mendacii
1215 667 1624 738 suspicionibus
1659 666 2021 723 insectantur.

451 760 688 816 Proinde
721 760 1026 816 mirandam
1061 759 1207 812 illam
1251 759 1307 812 in
1345 759 1571 828 penuria
1611 765 1666 813 et
1697 759 1839 813 fame
1875 758 2022 828 agri-

449 855 720 910 culturam
762 853 1137 924 pretermitto.
1169 851 1452 918 Quomodo
1483 851 1536 904 iu
1566 853 1863 921 pauperum
1893 865 2025 906 usus

452 945 756 1014 projectum
782 943 1138 1004 frumentum,
1177 956 1277 994 nec
1304 941 1430 996 dum
1453 935 1903 1006 distribueretur,
1927 957 2026 997 nec

450 1042 596 1104 post,
630 1033 975 1086 imminutum
1004 1033 1093 1096 sit,
1129 1033 1223 1087 sed
1252 1032 1439 1087 eadem
1475 1022 1730 1087 mensura
1770 1048 2027 1088 numero-

453 1140 557 1197 que
598 1126 960 1195 permanserit
993 1142 1003 1178 :
1038 1125 1254 1195 aliaque
1308 1125 1394 1180 his
1443 1126 1600 1196 longe
1648 1125 1822 1196 magis
1855 1124 2027 1180 admi-

454 1215 644 1283 randa,
697 1217 1010 1272 morborum
1058 1217 1389 1282 curationes,
1442 1214 1792 1288 expulsiones
1826 1219 2028 1274 dzemo—

453 1325 580 1362 num
609 1317 666 1362 et
689 1323 845 1364 veras
876 1307 1184 1364 futurorum
1219 1309 1632 1379 praedictiones:
1653 1294 1775 1380 qua:
1805 1310 2024 1380 quidem

449 1399 632 1454 omnia
689 1399 758 1455 iis
819 1400 911 1470 qui
968 1400 1255 1471 diligenter
1299 1401 1690 1470 cxplorarunt,
1740 1417 1864 1456 vera
1901 1416 2026 1456 esse

449 1499 686 1556 constat,
735 1491 864 1546 licet
906 1490 1066 1546 Iidem
1119 1507 1379 1563 superare
1420 1492 1730 1555 videantur,
1764 1507 1866 1546 nec
1911 1491 2025 1544 ﬁeri

448 1581 692 1651 potuisse
721 1581 1040 1652 iudicentur
1075 1583 1143 1637 ab
1186 1582 1275 1646 iis,
1305 1597 1398 1654 qui
1437 1583 1588 1637 carni
1622 1570 1794 1653 magis
1822 1581 2024 1637 addicti

449 1678 600 1735 sunt,
639 1671 735 1742 qui
761 1673 1017 1728 nesciunt
1043 1673 1400 1742 proportione
1432 1670 1554 1726 tldci
1591 1688 1876 1728 numerum
1909 1669 2025 1726 tierl

448 1762 892 1820 distributionem
925 1783 940 1821 :
977 1777 1028 1820 et
1064 1780 1231 1836 parva
1269 1752 1492 1835 quidem
1534 1765 1650 1818 dari
1699 1765 2026 1820 habentibus

2129 572 2314 623 ϐαῖνον
2342 572 2440 640 τὴν
2474 571 2566 623 τοῦ
2598 571 2885 634 ἀκούοντος
2916 571 3167 642 δύναμιν,
3208 571 3283 633 ὡς
3316 569 3421 634 ἔξω
3452 575 3548 641 τῆς
3581 575 3714 644 άλη-

2137 663 2306 727 θείας,
2333 665 2451 727 ταῖς
2473 661 2563 715 τοῦ
2588 662 2816 732 ψεύδους
2839 663 3114 727 ὑπονοίαις
3139 663 3440 734 ὑϐρίζουσι.
3457 665 3546 716 Aio
3571 681 3715 734 παρ-

2135 755 2253 825 ίημι
2309 754 2406 825 τὴν
2459 754 2684 808 ἄπιστον
2736 755 2953 826 ἐκείνην
3005 757 3063 808 ὲν
3102 754 3178 826 τῷ
3232 754 3376 824 λιμῷ
3421 757 3713 826 γεωργίαν·

2133 846 2249 909 πῶς
2269 845 2663 916 ἐκϐαλλόμενος
2699 846 2727 898 δ
2765 847 2900 917 πρὸς
2923 846 3020 918 τὴν
3049 846 3236 916 χρείαν
3265 848 3430 910 σῖτος,
3458 846 3714 917 οὐδεμίαν

2111 937 2384 1007 ,αἴσθησιν
2405 936 2574 990 ἐποίει
2614 939 2710 1007 τῆς
2737 937 3099 1006 ὑφαιρέσεως,
3130 939 3188 989 ὲν
3219 936 3298 1007 τῷ
3324 937 3498 1008 ὁμοίῳ
3525 937 3715 1008 διαμέ-

2125 1046 2238 1082 νων
2289 1029 2474 1099 ὃγκῳ,
2526 1030 2620 1082 καὶ
2668 1031 2796 1100 πρὶν
2842 1029 3056 1099 διαδοθῇ
3105 1031 3224 1092 ταῖς
3270 1029 3376 1084 τῶν
3423 1030 3714 1083 αἰτούντων

2132 1119 2342 1190 χρείαις
2367 1135 2380 1149 ·
2417 1121 2510 1174 καὶ
2538 1120 2674 1190 μετᾶ
2702 1103 2859 1174 τοῦτο
2895 1108 2988 1173 καὶ
3017 1121 3150 1174 ἄλλα
3182 1121 3386 1174 τούτων
3419 1123 3714 1188 παραδοξό-
3745 1191 3751 1198 ⁹

2131 1228 2264 1281 τερα
2284 1229 2296 1241 ⁸
2349 1212 2536 1267 παθῶν
2588 1214 2794 1278 ἰάσεις,
2829 1203 2936 1288 καί
2962 1213 3341 1284 δαιμονώντων
3380 1215 3673 1284 καθάρσεις
3695 1257 3712 1277 ,
3741 1203 3756 1256 7'

2132 1303 2227 1356 καὶ
2254 1302 2503 1372 ἀψευδεῖς
2541 1305 2874 1375 προρρήσεις
2917 1305 3023 1356 τῶν
3055 1305 3457 1375 ἐκϐησομένων·
3500 1305 3713 1358 ἅπαντα

2131 1399 2242 1458 τοῖς
2275 1396 2374 1466 μὲν
2419 1397 2485 1450 δι’
2525 1396 2808 1466 ἀκριϐείας
2846 1397 3163 1464 ἐγνωκόσιν,
3217 1398 3389 1468 ἀληθῆ
3431 1380 3571 1450 εἶναι
3621 1415 3712 1449 πι-

2136 1488 2422 1552 στεύεται,
2461 1488 2563 1543 κᾶν
2594 1489 2734 1561 ὑπὲρ
2764 1485 2947 1544 πίστιν
3082 1492 3175 1544 ἐπὶ
3215 1493 3272 1544 δὲ
3302 1492 3408 1545 τῶν
3443 1493 3712 1564 σαρκωδε-

2123 1582 2360 1654 ηστέρων,
2379 1581 2483 1647 ἔξω
2505 1582 2598 1636 τοῦ
2623 1582 2971 1653 ἐνδεχομένον
2989 1586 3286 1654 νομίζεται,
3313 1586 3360 1638 οἳ
3389 1587 3489 1639 οὐκ
3514 1588 3709 1646 ἴσασιν,

2129 1676 2213 1728 ὅτι
2246 1675 2388 1729 κατὰ
2415 1674 2512 1746 τὴν
2541 1676 2830 1744 άναλὸγίαν
2863 1676 2963 1746 τῆς
2981 1678 3236 1742 πίστεως,
3259 1679 3352 1732 καὶ
3374 1680 3406 1747 ἡ
3434 1677 3543 1730 τῶν
3566 1695 3713 1748 χαρι-

2133 1784 2166 1819 σ
2172 1767 2359 1838 μάτων
2371 1767 2603 1840 διανομὴ
2619 1768 2997 1838 παραγίνεται⁸
3025 1769 3195 1839 μικρὰ
3219 1769 3316 1839 μὲν
3329 1769 3710 1836 ὀλιγοπίστοις,

449 1868 674 1922 parvam
708 1853 888 1919 ﬁdem,
931 1869 1126 1925 magna
1172 1861 1354 1909 autem
1403 1854 1511 1909 illis
1548 1854 1641 1924 qui
1685 1855 1891 1924 ingenti
1926 1855 2029 1907 tide

2133 1859 2342 1929 μεγάλη
2384 1859 2439 1913 δὲ
2470 1863 2584 1922 τοῖς
2612 1859 2811 1930 πολλὴν
2841 1859 3057 1930 ἔχουσιν
3087 1861 3144 1912 ἐν
3179 1860 3393 1922 ἑαυτοῖς
3425 1859 3523 1930 τὴν
3554 1859 3714 1930 εὐρυ-

448 1945 662 2016 prtediti
709 1954 858 2002 sunt.
913 1945 1279 2012 Quamobrem
1335 1955 1405 2000 ne
1455 1930 1800 2000 emendantur
1837 1946 1928 2016 qui
1961 1945 2028 2000 ad

449 2034 783 2091 credendum
831 2036 1032 2091 divinis
1076 2037 1399 2092 muneribus
1441 2046 1569 2091 sunt
1619 2031 2026 2100 imbecilliores,

449 2127 776 2183 sublimiora
838 2129 987 2184 illius
1051 2129 1319 2185 miracula
1383 2128 1604 2184 silentio
1661 2129 2026 2199 praeterimus,

451 2221 586 2276 satis
631 2235 756 2276 esse
814 2214 1219 2288 existimantes,
1265 2211 1334 2276 iis
1382 2237 1502 2292 qua:
1547 2206 1692 2275 dicta
1733 2228 1864 2275 sunt
1906 2209 2028 2290 eius

451 2312 740 2370 historiam
771 2315 1112 2370 conclusisse

1883 2534 2162 2544 —_

2127 1953 2334 2024 χωρίαν
2368 1953 2469 2023 τῆς
2497 1953 2751 2016 πίστεως.
2769 1953 2858 2016 Ὦς
2891 1953 2957 2006 ἂν
2986 1948 3078 2005 οὖν
3110 1951 3184 2023 μὴ
3214 1951 3462 2022 βλαϐεῖεν
3491 1954 3540 2006 oi
3580 1952 3712 2005 άπι-

2123 2042 2388 2112 στότεροι,
2424 2044 2544 2106 ταῖς
2569 2041 2664 2095 τοῦ
2691 2040 2826 2094 Θεοῦ
2854 2040 3080 2110 δωρεαῖς
3105 2040 3458 2102 ἀπιστοῦντες
3475 2058 3489 2071 ο
3522 2039 3711 2094 τούτου

2125 2132 2309 2185 ἕνεκεν
2339 2131 2572 2202 καθεξῆς
2603 2123 2837 2202 ἱστορεῖύ
2867 2131 2998 2200 περὶ
3045 2129 3155 2184 τῶν
3197 2130 3548 2203 ὑψηλοτέρων
3581 2130 3714 2184 θαυ-

2129 2223 2312 2292 μάτων
2344 2223 2771 2294 παρῃτησάμην,
2805 2223 2995 2293 ὰρκεῖν
3027 2221 3328 2292 ἡγούμενος
3350 2224 3466 2288 τοῖς
3495 2222 3712 2295 εἰρημέ-

2128 2331 2236 2378 νοις
2274 2314 2609 2386 περιγράψαι
2640 2314 2737 2383 τὴν
2773 2313 2901 2384 περὶ
2932 2311 3102 2382 αὐτῆς
3133 2315 3401 2384 ἱστορίαν.

2857 2533 3712 2566 Ἐπ’-ετξ

481 2526 2854 2560 m—W—‘n—m

1520 2721 1651 2826 ll.
1737 2767 1835 2801 ιιι-αι
1937 2721 2639 2830 EPISTOLZE.

1055 3092 1392 3182 EPISTb’LA
1431 3117 1472 3181 ι.

2719 3124 3066 3191 ΕΠΙΣΤΟΑΗ
3101 3131 3176 3193 Δί.

871 3299 1068 3367 Contra
1120 3301 1452 3368 Ileiladium.
1509 3299 1722 3382 scripta
1768 3315 1887 3382 post
1936 3293 2156 3367 Petrum
2209 3284 2558 3373 Sebastenum
2621 3335 2761 3375 anno
2817 3319 2925 3376 592
2969 3321 3290 3389 defunctum.

719 3487 1002 3561 Gregorius
1032 3481 1332 3559 Nyssentis,
1369 3487 1629 3544 Flaviano
1667 3498 1766 3560 (l).

524 3581 642 3636 Non
673 3581 880 3653 Optimo
913 3589 1068 3644 sunt,
1095 3581 1180 3633 vir
1207 3579 1323 3645 Dei,
1355 3595 1442 3635 res
1473 3573 1673 3636 nostra:
1705 3570 1846 3636 loco.
1894 3579 2031 3635 Nam

455 3671 598 3724 mala
647 3671 1053 3741 progredientia
1106 3670 1162 3723 in
1217 3669 1285 3724 iis
1335 3670 1429 3740 qui
1474 3685 1576 3726 nos
1613 3679 1669 3725 et
1717 3672 1943 3738 iniusto,
1978 3680 2034 3726 et

456 3761 621 3817 nullis
665 3762 734 3816 de
766 3762 952 3816 causis
991 3768 1248 3832 suscepto
1277 3750 1689 3832 prosequuntur
1723 3761 1875 3827 odio,
1922 3777 2033 3816 non

453 3855 565 3925 jam
605 3853 838 3923 amplius
884 3852 1030 3907 intra
1072 3846 1447 3923 suSpicidnum
1490 3859 1546 3908 et
1588 3851 2032 3923 conjecturarum

458 3960 580 4000 sese
608 3945 809 3999 limites
844 3945 1161 4011 continent;
1199 3943 1292 4000 sed
1329 3945 1578 4000 libertate
1620 3958 1835 3998 summa
1864 3952 2032 3998 utun-

456 4037 743 4107 tur,quasi
771 4037 816 4092 si
844 4037 1090 4107 praeclari
1119 4035 1248 4107 quid
1280 4035 1465 4107 operis
1488 4023 1892 4091 institueretur.
1923 4035 2033 4093 Vos

459 4127 712 4194 interim,
773 4129 867 4199 qui
923 4129 1188 4184 hactenus
1261 4129 1534 4184 immunes
1592 4143 1622 4182 a
1680 4133 1833 4182 tanto
1891 4130 2034 4184 malo

459 4219 664 4284 fuistis,
689 4219 869 4291 ignavi
893 4220 1106 4276 scilicet
1131 4220 1264 4274 estis
1312 4219 1366 4273 in
1397 4219 1786 4289 exstinguenda
1817 4218 2032 4273 ﬂamma

457 4326 580 4380 qua:
620 4311 874 4364 viciniam
923 4296 1160 4367 vestram
1196 4311 1465 4380 depascit,
1500 4326 1626 4365 eum
1676 4311 1711 4364 ii
1748 4312 1840 4380 Qui
1887 4320 2034 4366 recte

442 4397 625 4457 rebus
654 4397 770 4458 Suis
802 4403 1120 4464 consulunt,
1153 4402 1456 4456 vicinorum
1495 4393 1805 4456 inecndium
1836 4417 2033 4471 magno

459 4491 643 4546 studio
674 4491 1014 4560 restinguant
1045 4500 1098 4544 et
1130 4505 1287 4559 opem
1319 4489 1516 4545 vicinis
1552 4490 1775 4544 ferendo
1806 4491 1887 4546 sic
1918 4507 2036 4560 pro-

460 4579 696 4650 Spieiant
728 4579 831 4633 sibi
874 4585 932 4632 ut
973 4581 1026 4633 in
1069 4579 1280 4634 eventis
1310 4574 1580 4632 Similibus
1613 4580 1843 4632 aliorum
1875 4595 2031 4649 opem

461 4686 572 4724 non
611 4669 912 4738 requirant.
964 4669 1032 4723 Et
1067 4668 1196 4736 quid
1231 4666 1447 4722 tandem
1505 4669 1637 4722 illud
1691 4677 1776 4723 est
1816 4669 1882 4724 de
1924 4685 2034 4739 quo

461 4762 694 4832 loquor?
741 4759 984 4830 Reliquit
1037 4760 1177 4814 lianc
1220 4761 1386 4812 vitam
1432 4759 1644 4830 religio,
1679 4769 1774 4812 aut
1816 4759 1949 4831 fugit
2001 4774 2033 4812 a

2057 3495 2105 3558 C

2388 3496 2712 3564 Γρηγόριος
2742 3499 2776 3550 ὀ
2807 3495 3088 3564 Νύσσης,
3122 3497 3453 3563 Φλαϐιανῷ.

2201 3581 2317 3634 Οὐκ
2358 3583 2415 3634 ὲν
2441 3582 2641 3647 καλοῖς,
2667 3576 2711 3636 ὦ
2741 3583 2992 3654 ἄνθρωπε
3021 3585 3114 3638 τοῦ
3159 3585 3315 3650 Θεοῦ,
3350 3585 3420 3640 τὰ
3448 3586 3709 3657 ἡμέτερα.

2135 3671 2400 3742 Προῖόντα
2444 3671 2552 3743 γὰρ
2595 3674 2664 3726 τὰ
2705 3672 2870 3752 κακὰ,
2921 3674 2980 3728 ὲν
3020 3677 3133 3740 τοῖς
3175 3676 3239 3729 τὸ
3271 3676 3454 3731 ἄδικόν
3503 3694 3564 3730 τε
3618 3677 3713 3730 καὶ

2133 3763 2538 3833 ἀπροφάσιστον
2564 3765 2682 3818 καθ’
2715 3765 2871 3835 ἡμῶν
2899 3767 3162 3838 τιμήσασι
3191 3770 3371 3838 μῖσος,
3414 3770 3596 3822 οὐκέτι
3623 3767 3713 3822 διὰ

2135 3857 2460 3926 στοχασμῶν
2523 3874 2684 3910 τινων
2739 3859 3078 3912 ὑπονοείταιο
3141 3861 3256 3915 ἀλλ’
3314 3863 3374 3915 ὲν
3432 3861 3712 3934 παρρησία

2136 3945 2513 4010 σπουδάζεται,
2528 3947 2778 4019 καθάπερ
2800 3965 2850 4001 τι
2875 3949 2982 4002 τῶν
3005 3950 3224 4018 ἀγαθῶν
3247 3952 3705 4022 κατορθωμάτων.

2144 4037 2332 4107 Ὑμεῖς
2371 4038 2449 4104 δὲ,
2472 4031 2522 4090 οἱ
2561 4038 2696 4102 τέως
2745 4039 2848 4103 ἔξω
2889 4040 3041 4104 ὄντες
3089 4041 3182 4094 τοῦ
3229 4043 3466 4097 τοιούτου
3514 4044 3705 4110 κακοῦ,

2134 4126 2606 4198 καταρῤᾳθυμεῖτε
2628 4127 2722 4182 τοῦ
2749 4128 2954 4182 παῦσαι
2977 4132 3279 4203 νεμομένην
3299 4133 3357 4186 ὲν
3379 4135 3442 4202 τῇ
3473 4133 3709 4206 γειτονίᾳ

2134 4217 2232 4286 τὴν
2273 4217 2464 4285 φλόγαο
2492 4215 2678 4288 ὥσπερ
2709 4212 2800 4269 οὖν
2831 4218 2880 4270 οἰ
2912 4217 3090 4283 καλῶς
3118 4219 3246 4290 περὶ
3276 4219 3383 4273 τῶν
3415 4219 3559 4273 ίδίων
3587 4219 3708 4290 βου-

2132 4304 2412 4374 λευόμενοι
2438 4303 2529 4358 τὸν
2553 4303 2661 4358 τῶν
2696 4305 2951 4373 γειτόνων
2978 4307 3303 4378 ἐμπρησμὸν
3347 4308 3405 4361 ὲν
3448 4307 3613 4379 πολλῇ
3639 4309 3705 4379 τῇ

2136 4395 2336 4465 σπουδῇ
2382 4395 2820 4462 καταστέλλουσι,
2845 4396 2913 4449 δι’
2937 4391 3010 4450 ὧν
3033 4400 3144 4460 τοῖς
3177 4396 3399 4468 πλησίον
3431 4397 3706 4470 βοηθοῦσι,

2133 4487 2193 4538 τὸ
2228 4485 2302 4556 μὴ
2335 4486 2594 4557 δεηθῆναι
2642 4487 2742 4553 τῆς
2785 4488 2877 4540 ὲπί
2915 4492 3027 4552 τοῖς
3053 4489 3254 4558 ὁμοίοις
3289 4488 3537 4560 βοηθείας
3566 4508 3706 4564 πρα-

2133 4577 2548 4646 γματευόμενοι.
2583 4575 2647 4628 Τί
2671 4574 2764 4631 οὗν
2801 4580 2944 4632 ἐστιν
2967 4578 2995 4630 ὃ
3042 4579 3220 4647 λέγως
3265 4580 3599 4635 Ἐπιλέλοιπε
3619 4581 3708 4635 τὸν

2136 4667 2247 4736 βίον
2277 4669 2310 4738 ἡ
2348 4667 2596 4737 ὁσιότηςο
2633 4668 2902 4735 πέφευγεν
2947 4669 3037 4736 ἀφ’
3073 4670 3288 4740 ήμῶνή
3320 4671 3575 4742 ἀλήθεια·
3611 4673 3706 4743 τῆς

2132 4760 2188 4812 δὲ
2233 4761 2454 4828 εἰρήνης
2491 4760 2752 4830 πρότερον
2789 4761 2886 4829 μὲν
2916 4760 2973 4813 τὸ
3010 4761 3137 4828 γοῦν
3168 4761 3335 4832 δνομα
3370 4765 3588 4834 εἴχομεν
3613 4781 3708 4816 πε-

461 4853 623 4909 nobis
671 4853 919 4908 veritas:
977 4851 1128 4922 pacis
1177 4849 1409 4904 antehac
1457 4849 1648 4904 saltem
1699 4865 1895 4904 nomen
1937 4849 2029 4903 ha-

2137 4851 2489 4921 ριφερὸμενον
2517 4851 2572 4901 ἐν
2602 4852 2712 4913 τοῖς
2753 4849 3004 4918 στόμασι,
3035 4849 3128 4904 νῦν
3157 4851 3212 4904 δὲ
3240 4851 3300 4903 οὐ
3335 4852 3494 4921 μόνον
3523 4853 3706 4925 ἐκείνη

461 4944 702 5006 buimus,
753 4942 897 5014 quod
953 4941 1234 4996 hominum
1283 4943 1380 4994 ora
1430 4949 1834 5010 pervagaretur,
1885 4957 2031 4995 nunc

461 5051 572 5092 non
608 5037 697 5091 illa
716 5043 924 5090 tantmn
943 5050 1212 5105 nusquam
1234 5040 1337 5092 est.
1374 5034 1466 5089 sed
1490 5050 1558 5089 ne
1588 5050 1783 5088 nomen
1813 5033 2030 5103 quidem

463 5129 638 5198 ipsius
678 5129 838 5184 nobis
880 5136 1147 5200 superest.
1194 5126 1261 5181 Ut
1295 5134 1470 5182 autem
1507 5127 1708 5182 clarius
1739 5127 2029 5196 intelligas,

461 5230 602 5286 quas
643 5233 730 5272 res
783 5227 888 5272 tam
933 5217 1158 5287 indigno
1190 5215 1430 5270 feranms
1467 5215 1668 5278 animo,
1701 5215 1887 5284 paucis
1937 5215 2034 5271 tibi

462 5308 783 5378 tragmdiam
822 5308 1129 5379 explicabo.
1162 5305 1331 5360 Erant
1378 5304 1626 5360 nonnulli
1671 5306 1763 5376 qui
1813 5306 1878 5360 ad
1933 5322 2035 5363 nos

461 5396 758 5463 deferrent,
793 5396 1311 5452 reverendissimum
1364 5395 1541 5449 virum
1576 5393 1884 5449 Helladium
1931 5395 2032 5450 bo-

462 5489 572 5546 stili
610 5502 737 5556 erga
781 5503 882 5543 nos
916 5487 1100 5542 animo
1143 5486 1418 5551 allectum,
1457 5486 1522 5541 ad
1556 5501 1748 5541 omnes
1787 5500 2029 5541 comme-

463 5597 678 5637 morare
726 5595 811 5636 me
855 5580 1217 5634 maximorum
1270 5579 1372 5650 ipsi
1431 5578 1697 5634 malorum
1749 5587 2028 5634 auctorem

2129 4942 2227 4993 οὐκ
2269 4941 2434 5003 ἔστιν,
2465 4940 2577 4992 ἀλλ’
2608 4939 2730 4992 οὐδὲ
2775 4935 2836 4992 τὸ
2865 4940 3034 5010 ὄνομα
3061 4942 3230 5012 αὐτῆς
3257 4944 3391 5012 ἡμῖν
3435 4944 3733 5010 ὑπολέλειε

2130 5047 2280 5084 πται.
2327 5031 2414 5094 Ὠς
2439 5032 2483 5084 δ’
2519 5031 2584 5083 ἂν
2624 5031 2821 5102 εἰδείης
2854 5033 3187 5102 σαφέστερον
3231 5033 3370 5104 ὑπὲρ
3394 5026 3468 5087 ὧν
3499 5027 3734 5106 σχετλιαί

2132 5122 2365 5194 άζομεν,
2408 5123 2475 5177 δι’
2518 5123 2715 5190 ὀλίγων
2768 5141 2847 5177 σοι
2891 5123 2990 5195 τὴν
3040 5126 3342 5196 τραγῳδίαν
3384 5115 3729 5200 ἐκθήσομαι·’

2130 5211 2310 5270 ’Ἦσάν
2337 5228 2494 5278 τινες,
2527 5216 2575 5267 οἱ
2604 5216 2694 5268 τὸν
2732 5215 3151 5287 αίδεσιμὼτατον
3207 5218 3476 5272 Ἐλλάδιω
3501 5220 3704 5290 δυσμε-

2131 5307 2237 5369 νῶς
2262 5306 2396 5377 πρὸς
2416 5305 2448 5376 ή
2456 5307 2560 5376 μᾶς
2581 5306 2724 5377 ἔχειν
2744 5308 3203 5379 καταμηνύοντες,
3230 5310 3478 5382 καὶπρὸς
3501 5312 3707 5376 πάντας

2134 5396 2406 5462 διεξιέναι,
2438 5398 2514 5460 ὡς
2545 5398 2659 5451 τῶν
2705 5399 2976 5468 μεγίστων
3019 5400 3166 5471 αὐτῷ
3213 5402 3398 5455 κακῶν
3443 5403 3612 5467 αἴτιος
3638 5399 3706 5475 ἦν

2137 5487 2267 5554 ἐγώ.
2312 5487 2427 5540 Οὐκ
2456 5487 2750 5559 ἐπειθόμην
2777 5490 2889 5552 τοῖς
2929 5489 3259 5560 λεγομένοις,
3290 5493 3428 5564 πρὸς
3473 5495 3707 5566 ἐμαυτὸν

2137 5577 2229 5629 καὶ
2256 5575 2353 5648 τὴν
2392 5577 2450 5630 ὲν
2480 5580 2589 5642 τοῖς
2615 5581 2931 5650 πράγμασιν
2957 5579 3212 5653 ἀλήθειαν
3243 5582 3473 5658 βλέπων.
3539 5587 3626 5652 Ὠς
3649 5585 3709 5642 δδ

534 5762 610 5836 (1)
648 5761 856 5818 Joanne
888 5757 1230 5816 Lcwenklaio
1268 5758 1584 5828 interprete.
1617 5789 1684 5797 —
1711 5757 1785 5811 Ex
1819 5758 1904 5813 ed.
1936 5773 2024 5812 au.

2131 5758 2222 5824 es,
2258 5768 2296 5812 ι.
2333 5759 2419 5827 ιιι,
2452 5759 2572 5812 eis.
