4092 6368
393 297 522 352 1001

1591 287 1976 345 ΕΡΙΞΤΟῙΛΕ.
2014 318 2083 328 -
2116 285 2328 341 EPIST.
2381 287 2421 341 l.

3494 285 3513 337 ι
3525 271 3636 338 (ιοὲί

392 404 544 475 παρὰ
571 405 788 458 πάντων
816 403 1111 474 ὁμοφώνως
1153 400 1221 453 τὰ
1255 401 1393 455 αὑτά
1443 401 1578 472 πρὸς
1603 403 1749 472 ἡμᾶς
1777 403 1960 472 ἀπηγ-

2072 413 2205 451 esse.
2262 397 2373 467 Ego
2415 411 2544 451 vero
2594 397 2722 462 illis,
2776 412 2895 467 qua:
2933 397 3264 458 dicerentur,
3313 398 3469 450 fidem
3522 411 3634 450 non

392 497 630 565 γέλλετο,
672 497 767 550 καί⁵
810 493 1093 547 συνέϐαινε
1130 495 1250 554 ταῖς
1291 493 1499 562 φήμαις
1532 493 1598 545 τὰ
1639 493 1958 562 πράγματα,

394 586 625 655 πρέπειν
645 582 830 653 ᾠήθην
850 581 924 653 μὴ
950 581 1210 652 περιϊδεῖν
1233 581 1603 650 ἀθεράπευτον
1623 581 1721 649 τὴν
1743 580 1963 650 ἄρριζον

394 677 488 733 καὶ
519 674 818 742 ἀφύτευτον
857 675 1060 742 ταύτην
1090 672 1426 742 δυσμένειαν.
1469 672 1558 724 Διὸ
1586 675 1679 724 καὶ
1707 671 1841 742 πρὸς
1867 671 1964 742 τὴν

397 769 494 837 σὴν
523 765 825 828 ἐπιστείλας
853 765 1182 829 θεοσέϐειαν,
1232 765 1326 816 καὶ
1356 763 1581 826 πολλοὺς
1608 763 1798 828 ἄλλους
1839 764 1966 826 τοὺς

393 859 725 929 δυναμένους
774 856 1142 928 συμϐαλέσθαι
1189 873 1240 909 τι
1293 855 1428 926 πρὸς
1474 855 1534 908 τὸ
1588 855 1965 926 προκείμενον,

397 950 490 1001 ἐπὶ
519 949 613 1019 τὴν
644 947 874 1020 σπουδὴν
903 946 1102 1017 ταύτην
1133 945 1502 1018 παρώρμησα.
1537 947 1644 1000 Ka‘t
1675 947 1842 1010 τέλος,
1867 947 1966 1016 τὴν

402 1043 618 1112 μνήμην
640 1038 732 1092 τοῦ
765 1039 1174 1110 μακαριωτάτου
1203 1037 1408 1108 Πέτρου
1439 1037 1588 1105 παρά
1612 1035 1968 1106 Σεϐαστηνοῖς

399 1131 628 1202 πρώτως
657 1130 929 1198 ἀγομένην
957 1129 1291 1191 ἐπιτελέσας,
1320 1128 1414 1180 καὶ
1441 1127 1539 1190 τὰς
1569 1127 1808 1198 συνήθως
1840 1129 1966 1198 παρ’

398 1221 575 1274 αὑτῶν
604 1219 1021 1289 ἐπιτελουμένας
1049 1218 1158 1271 τῶν
1203 1219 1374 1287 ἁγίων
1405 1217 1694 1288 μαρτύρων
1726 1219 1966 1288 μνήμας,

397 1313 490 1364 τὸν
527 1313 686 1364 αὑτὸν
728 1312 918 1382 χρόνον
963 1311 1428 1380 συνδιαγαγόντων
1469 1311 1683 1382 ἐκείνῃ·
1739 1312 1832 1364 ἐπὶ
1871 1310 1970 1380 τὴν

400 1401 636 1473 ἐμαυτοῦ
683 1403 842 1456 πάλιν
897 1403 1218 1472 Ἐκκλησίαν
1264 1402 1622 1473 ὑπέστρεφον.
1673 1401 1780 1454 Καί
1831 1419 1970 1464 τινος

403 1493 741 1564 μηνύσαντος
779 1494 918 1546 κατά
964 1493 1058 1563 τὴν
1084 1493 1298 1563 ὀρεινὴν
1330 1492 1490 1546 αὑτὸν
1516 1495 1728 1563 ἐνορίαν
1766 1491 1970 1560 διάγειν

403 1585 696 1655 μαρτύρων
732 1583 1082 1638 ἐπιτελοῦντα
1129 1583 1371 1653 μνήμας,
1414 1581 1482 1636 τὰ
1521 1582 1620 1652 μὲν
1657 1581 1847 1654 πρῶτα
1873 1583 1971 1651 τῆς

396 1674 518 1729 όδοῦ
547 1674 792 1746 εἰχόμην,
840 1675 1272 1746 εὐπρεπέστερον
1320 1671 1459 1728 εἶναι
1491 1674 1690 1745 κρίνων
1735 1674 1826 1727 ἐπὶ
1874 1676 1971 1745 τῆς

401 1766 788 1836 μητροπόλεως
839 1765 1092 1835 γενέσθαι
1143 1765 1242 1835 τὴν
1291 1749 1596 1836 συντυχίαν.
1659 1765 1756 1827 Ὣς.
1789 1765 1845 1818 δέ
1888 1783 1972 1829 τις

398 1856 506 1907 τῶν
559 1855 796 1925 γνησίων
845 1856 985 1914 κατά
1030 1856 1266 1927 σπουδήν
1303 1873 1406 1926 μοι
1453 1855 1834 1925 συντετύχηκε,
1875 1856 1970 1908 καὶ

397 1947 699 2018 ἀρρωστεῖν
749 1947 912 2000 αὑτὸν
956 1945 1408 2000 διεϐεϐαιώσατο·
1456 1944 1769 2000 καταλιπὼν
1811 1945 1866 1996 ἐν
1893 1944 1970 2014 τῷ

397 2036 545 2106 τόπῳ
565 2038 625 2090 τὸ
655 2037 860 2107 ϐχημα,
885 2039 942 2090 ἐν
975 2031 1018 2106 ᾧ
1046 2037 1196 2107 παρά
1229 2038 1330 2107 τῆς
1351 2037 1602 2106 τοιαύτης
1626 2035 1970 2106 κατελήφθην
2015 2044 2020 2049 “

398 2128 608 2198 φήμης,
649 2127 798 2197 ἵππῳ
826 2127 887 2179 τὸ
921 2127 1123 2198 μεταξὺ
1154 2127 1366 2196 διῆλθον
1398 2127 1690 2196 διάστημα,
1723 2125 1974 2196 κρημνῶ-

397 2203 501 2278 δες
529 2217 622 2268 καὶ
663 2217 842 2285 ὀλίγου
870 2217 1168 2287 ἀπόρευτον
1195 2219 1314 2279 ταῖς
1351 2216 1714 2287 τραχυτάταις
1741 2216 1969 2280 ἀνὸδοις.

397 2303 508 2359 Ἦν
557 2308 612 2359 δὲ
657 2307 1047 2361 πεντεκαίδεκα
1100 2311 1320 2378 σημεῖα,
1365 2303 1448 2372 οἷς
1494 2309 1554 2360 τὸ
1598 2309 1656 2360 ἐν
1699 2307 1775 2378 τῷ
1822 2307 1971 2377 μέσῳ

397 2398 733 2468 διεμετρεῖτο
769 2398 1064 2477 διάστημα.
1094 2399 1312 2453 Τούτων
1345 2400 1410 2453 τὰ
1453 2401 1550 2469 μὲν
1583 2402 1646 2453 ἐκ
1689 2401 1865 2465 ποδὸς,
1903 2400 1972 2456 τὰ

397 2490 456 2542 δέ
480 2490 566 2542 διὰ
605 2489 700 2543 τοῦ
728 2491 895 2544 ἵππου
929 2491 1080 2562 μόλις
1119 2491 1360 2556 διελθὼν,
1396 2492 1631 2562 ὄρθριος,
1684 2492 1836 2564 μέρει
1866 2493 1972 2546 τινὶ

399 2579 494 2632 καὶ
518 2579 621 2652 τῆς,
635 2580 828 2644 νυκτὸς
853 2581 1314 2652 συγχρησάμενος,
1347 2583 1486 2635 κατά
1508 2583 1605 2653 τὴν
1629 2583 1850 2654 πρώτην
1874 2583 1972 2654 τῆς

396 2671 610 2741 ἡμέρας
634 2657 785 2747 ᾤ’ραν
834 2673 1129 2742 ἐφίσταμαι
1178 2676 1290 2736 τοῖς
1337 2673 1783 2743 Ἀνδουμοκίνοις.
1817 2673 1972 2727 Οῦτω

399 2762 508 2832 γὰρ
552 2759 878 2832 ὀνομάζεται
913 2763 974 2815 τὸ
1015 2764 1238 2834 χωρίον,
1294 2766 1351 2818 ἐν
1395 2757 1439 2832 ᾧ
1484 2761 1550 2836 ἦν
1597 2765 1973 2835 ἐκκλησιάζων

399 2853 606 2915 ἐκεῖνος
634 2853 771 2922 μετὰ
793 2852 967 2905 ἀλλων
997 2855 1307 2907 ἐπισκόπων
1335 2854 1447 2908 δύο.
1484 2857 1730 2908 Ἀπωθεν
1759 2856 1815 2908 δὲ
1840 2873 1970 2910 κατ·

399 2942 597 3006 ιδὸντες
638 2942 696 3006 ἐξ
739 2943 961 3014 αὐχένος
1003 2944 1144 3007 τινδς
1188 2945 1578 3015 ὑπερκειμένου
1632 2945 1731 3015 τῆς
1781 2946 1973 3017 κώμης

398 3033 496 3104 τήν
520 3035 578 3086 ἐν
604 3034 681 3104 τῷ
705 3034 957 3105 ὑπαίθρῳ
987 3035 1086 3104 τῆς
1111 3036 1404 3106 ἐκκλησίας
1443 3037 1765 3108 συνδρομὴν,
1810 3036 1973 3107 βάδην
1999 3066 2042 3123 C

397 3125 490 3178 τὸν
531 3124 734 3195 μεταξὺ
761 3125 1045 3195 διήλθομεν
1075 3127 1256 3191 τόπον,
1298 3129 1362 3180 ἐκ
1391 3127 1548 3190 ποδός
1596 3145 1656 3179 τε
1697 3128 1974 3199 προϊόντες

404 3215 515 3284 ἐγὼ
550 3216 641 3269 καὶ
671 3218 704 3285 ἡ
757 3216 872 3285 μετ’
905 3216 1037 3286 ἐμοῦ
1083 3218 1316 3278 συνοδία,
1357 3217 1452 3270 καὶ
1488 3218 1615 3281 τοὺς
1662 3219 1856 3280 ἵππους
1888 3217 1976 3270 διὰ

399 3304 577 3374 χειρὸς
611 3304 979 3374 ἐφελκόμενοι.
1028 3306 1188 3358 Ὥστε
1229 3306 1428 3375 φθάσαι
1465 3305 1598 3376 ὁμοῦ
1647 3307 1715 3358 τὰ
1760 3305 1854 3358 δύο
1885 3323 1978 3375 γε-

399 3394 604 3455 νέσθαι,
638 3393 844 3446 ἐκεῖνόν
891 3411 950 3446 τε
983 3395 1048 3447 ἐκ
1090 3396 1189 3466 τῆς
1232 3395 1524 3465 ἐκκλησίας
1559 3397 1649 3448 ἐπὶ
1673 3397 1772 3465 τὴν
1803 3397 1977 3450 οὶκίαν

403 3485 760 3556 ὑποστρέψαι,
791 3487 884 3539 καὶ
919 3489 952 3555 ή
963 3489 1067 3556 μᾶς
1103 3487 1394 3556 πλησιάσαι
1423 3487 1500 3558 τῷ
1524 3489 1825 3560 μαρτυρίῳ.
1853 3491 1976 3558 Μη-

400 3573 592 3644 δεμιᾶς
625 3575 682 3628 δὲ
713 3578 1007 3647 γενομένης
1049 3578 1335 3647 ἀναϐολῆς,
1365 3577 1616 3648 ἐπέμφθη
1645 3579 1771 3648 παρ’
1821 3579 1977 3649 ήμῶν

399 3668 428 3720 ὁ
467 3667 720 3737 μηνύσων
755 3667 900 3739 αὑτῷ
937 3668 1034 3739 τὴν
1067 3669 1401 3740 παρουσίανο
1434 3670 1530 3722 mi.
1562 3671 1757 3740 μικροῦ
1796 3671 1977 3738 διαγε-

399 3758 613 3824 γονότος
635 3759 1020 3830 διαστήματος,
1041 3761 1069 3811 ὁ
1099 3761 1206 3831 ὑπη
1216 3761 1368 3832 ρετού
1377 3779 1536 3832 μενος
1563 3761 1710 3831 αὑτῷ
1733 3761 1975 3824 διάκονος

402 3848 690 3918 συνέτυχεν
719 3851 872 3921 ἡμῖν,
911 3851 968 3904 ὃν
1013 3851 1464 3923 παρεκαλέσαμεν
1495 3851 1582 3906 διὰ
1630 3852 1826 3922 τάχους
1875 3869 1976 3922 μη-

398 3935 578 4001 νῦσαι,
640 3936 780 3990 ὥστε
827 3939 920 3991 ἐπὶ⁹
969 3940 1131 3992 πλέον
1171 3939 1320 4009 αὑτῷ
1365 3940 1760 4009 συνδιαγαγείν,
1801 3941 1887 4010 ἐφ’
1932 3934 1977 4008 ᾧ

397 4044 457 4078 τε
489 4028 680 4098 καιρὸν
711 4030 912 4099 εὑρεῖν,
942 4032 1076 4100 πρὸς
1107 4031 1166 4084 τὸ
1202 4031 1366 4102 μηδὲν
1395 4031 1748 4102 περιοφθῆναι
1781 4032 1888 4084 τῶν
1916 4033 1976 4085 ἐν

398 4119 533 4186 ἡμῖν
565 4117 954 4188 ἀθεράπευτον.
1009 4121 1161 4175 Μετὰ
1203 4121 1358 4174 τοῦτο
1402 4120 1513 4189 ἐγὼ
1565 4122 1662 4190 μὲν
1693 4122 1976 4192 ἐκαθήμην

400 4209 540 4260 κατά
589 4210 648 4262 τὸ
697 4210 979 4284 ὕπαιθρον,
1013 4213 1298 4282 ἀναμένων
1349 4213 1440 4266 τὸν
1481 4213 1847 4277 είσκαλοῦντα,
1883 4214 1976 4266 καὶ

399 4300 738 4371 προεκείμην
786 4303 1013 4373 ἄκαιρον
1065 4303 1242 4372 θέαμα
1288 4306 1400 4367 τοῖς
1462 4303 1786 4373 ἐπιδημοῦσι
1837 4304 1975 4356 κατά

2066 491 2329 545 habebam
2365 504 2380 542 :
2413 498 2472 542 ut
2514 489 2603 558 qui
2647 498 2700 543 et
2737 490 2976 559 ipsarum
3008 505 3190 543 rerum
3222 489 3509 544 veritatem
3551 487 3636 542 in-

2065 589 2268 636 tuerer.
2297 582 2363 633 At
2391 596 2514 635 cum
2545 580 2613 634 ab
2641 582 2895 636 omnibus
2922 583 3111 636 eadem
3144 581 3331 636 cedent
3360 579 3508 635 velut
3539 593 3636 632 ore

2067 673 2226 727 nobis
2271 673 2738 736 renuntiarentur,
2776 689 3010 744 cumque
3040 675 3354 729 rumoribus
3381 676 3512 743 ipsa:
3543 685 3632 725 res

2065 764 2443 828 convenirent,
2470 764 2663 819 decere
2698 780 2784 817 me
2813 766 3137 829 statuebam,
3170 777 3230 818 ut
3258 781 3326 819 ne
3357 764 3632 819 hostilita-

2068 866 2173 908 tem
2219 855 2359 909 hanc
2410 855 2713 908 incuratam
2767 856 3113 925 negligerem,
3166 855 3463 924 prmsertim
3511 868 3634 924 quae

2069 945 2302 998 necdum
2351 947 2563 1001 radices
2613 946 2798 1001 firmas
2849 948 3069 1015 egisset.
3128 948 3312 1016 Itaque
3364 955 3510 1000 tuam
3565 947 3631 998 ad

2068 1037 2344 1104 pietatem,
2379 1038 2688 1107 multosque
2713 1038 2848 1092 alios
2878 1039 3097 1107 scriptis
3135 1039 3348 1102 litteris,
3375 1039 3466 1108 qui
3495 1053 3630 1091 cou-

2072 1128 2212 1183 l‘erre
2241 1130 2400 1184 nobis
2435 1129 2639 1200 aliquid
2664 1130 2730 1184 ad
2765 1131 2867 1185 hoc
2915 1131 3218 1185 institutum
3254 1139 3495 1197 possent,
3528 1144 3637 1182 mo-

2070 1221 2162 1274 nui
2197 1221 2334 1274 hanc
2362 1229 2420 1274 ttt
2456 1221 2512 1274 in
2555 1236 2743 1275 curam
2787 1221 3196 1277 incumberctis.
3232 1219 3470 1276 Tandem
3511 1235 3634 1274 cum

2072 1311 2389 1364 memoriam
2457 1312 2760 1367 beatissimi
2822 1311 3002 1374 Petri,
3061 1329 3182 1382 qua:
3240 1320 3354 1365 tum
3403 1311 3636 1380 primum

2071 1402 2334 1456 celebrari
2357 1409 2534 1472 empta
2563 1410 2726 1467 esset,
2752 1403 2894 1471 apud
2920 1401 3249 1457 Sebastenos
3282 1401 3634 1471 peregissem.

2080 1494 2374 1563 itidemque
2407 1494 2737 1564 reliquorum
2789 1493 2908 1547 fidei
2948 1495 3184 1555 testium,
3232 1494 3322 1563 qui
3355 1504 3414 1546 ut
3449 1492 3637 1548 eodem

2071 1598 2196 1638 cum
2227 1583 2387 1638 Petro
2418 1585 2670 1638 vixerunt
2698 1593 2958 1654 tempore.
2990 1585 3062 1637 ita
3091 1585 3352 1639 celebrari
3382 1599 3489 1638 una
3512 1599 3636 1637 cum

2075 1675 2192 1746 ipso
2221 1684 2622 1730 consueverunt
2654 1696 2666 1731 :
2700 1690 2966 1730 converso
3007 1675 3200 1730 itinere
3245 1689 3415 1729 meam
3452 1691 3538 1729 me
3570 1675 3637 1726 ad

2007 1735 2047 1789 Β
2077 1764 2374 1820 Ecclesiam
2409 1766 2756 1836 recipiebam.
2791 1765 2913 1820 llaec
2946 1781 3068 1820 cum
3093 1765 3455 1835 signiﬁcasset
3481 1764 3641 1818 nobis

2074 1857 2316 1926 quidam,
2363 1857 2562 1926 degere
2615 1855 2915 1910 llelladium
2963 1856 3016 1909 in
3064 1855 3307 1910 finitimis
3341 1854 3640 1918 montibus,

2074 1953 2484 2016 martyrumque
2518 1947 2836 2001 memoriam
2873 1961 3129 2016 peragere
3161 1965 3173 1999 :
3209 1947 3383 2016 primo
3421 1945 3642 2015 quidem

2075 2037 2324 2091 instituto
2355 2038 2408 2090 in
2445 2038 2640 2092 itinere
2670 2040 2981 2109 pergebam,
3014 2037 3158 2107 quod
3191 2038 3362 2106 magis
3399 2052 3522 2091 esse
3548 2035 3643 2090 de-

2074 2141 2205 2181 coro
2231 2139 2656 2182 consentaneum
2703 2136 2974 2197 putarem,
3018 2137 3078 2181 ut
3111 2129 3226 2197 ipsa
3262 2128 3314 2180 in
3356 2125 3638 2194 metropoli

2075 2217 2350 2271 hominem
2369 2219 2735 2274 convenirem.
2756 2219 2954 2273 Verum
2987 2219 3078 2273 tibi
3107 2226 3462 2289 cognatorum
3491 2218 3641 2288 quis-

2073 2311 2216 2379 piam
2258 2309 2383 2363 data
2431 2325 2596 2380 opera
2635 2326 2722 2366 me
2766 2312 3112 2377 accessisset,
3162 2320 3323 2380 atque
3362 2311 3639 2364 hominem

2074 2402 2300 2456 adversa
2322 2402 2630 2457 valetudine
2651 2403 2898 2458 laborare
2929 2418 3027 2472 pro
3059 2411 3209 2457 certo
3231 2403 3636 2456 confirmasset:

2075 2489 2264 2543 relicto
2296 2489 2494 2543 ibidem
2517 2503 2707 2552 curru,
2735 2491 2824 2544 ubi
2856 2492 3105 2544 nuntium
3133 2491 3279 2544 hunc
3302 2505 3638 2560 acceperam,

2077 2568 2219 2648 equo
2253 2580 2523 2649 reliquum
2576 2581 2790 2635 itineris
2837 2582 3178 2636 intervallum
3225 2581 3455 2644 confeci,
3509 2597 3642 2636 sane

2076 2685 2314 2739 praeceps
2355 2678 2410 2724 et
2438 2671 2580 2741 quod
2620 2673 2689 2725 ob
2737 2688 3000 2727 ascensus
3031 2673 3360 2741 asperrimos
3401 2681 3568 2742 prope
3610 2687 3642 2724 a

2073 2761 2232 2814 nobis
2266 2761 2541 2831 peragrari
2584 2776 2690 2814 non
2721 2769 2928 2829 posset.
2969 2760 3218 2832 Spatium
3261 2763 3460 2830 ipsum,
3495 2757 3642 2831 quod

2075 2853 2233 2908 nobis
2263 2852 2623 2907 emetiendum
2655 2861 2792 2917 erat,
2830 2853 3062 2908 habebat
3093 2853 3342 2907 milliaria
3375 2854 3442 2907 ad
3473 2855 3641 2922 quin-

2073 2943 2268 2997 decim.
2299 2943 2424 2998 Haec
2447 2944 2538 2999 ubi
2567 2947 2762 3014 partim
2788 2946 3016 3015 pedibus
3045 2946 3238 3014 partim
3261 2960 3401 3015 equo
3429 2953 3639 3007 vectus.

2076 3036 2165 3088 vix
2207 3036 2474 3089 mattttino
2511 3046 2770 3105 tempore,
2819 3044 2982 3105 atque
3027 3037 3189 3091 etiam
3237 3038 3417 3107 aliqua
3461 3039 3641 3092 noctis

2078 3133 2229 3194 parte
2257 3125 2635 3189 absolvissem,
2665 3128 2838 3196 prima
2863 3128 2968 3182 diei
3005 3128 3135 3182 hora
3157 3129 3267 3197 jam
3306 3129 3640 3184 Andumoci—

2075 3216 2162 3270 nis
2215 3231 2384 3271 eram.
2435 3216 2568 3271 Nam
2613 3218 2715 3272 hoc
2758 3220 2877 3273 loco
2924 3219 2998 3273 illi
3029 3231 3144 3274 erat
3191 3235 3406 3284 nomen,
3440 3221 3492 3274 in
3532 3237 3641 3290 quo
3683 3290 3688 3293 _

2077 3322 2201 3360 cum
2232 3308 2443 3362 duobus
2475 3310 2599 3364 aliis
2631 3311 2903 3378 episc0pis
2949 3311 3000 3364 iu
3048 3311 3328 3365 hominum
3358 3306 3511 3366 ctntu’
3540 3311 3643 3365 fro-

2075 3397 2262 3464 quenti
2312 3397 2761 3451 concionabatur.
2817 3398 3061 3469 Cumque
3118 3401 3304 3469 procul
3353 3415 3384 3455 e
3431 3401 3642 3455 tumulo

2075 3485 2332 3555 quodam,
2379 3489 2470 3555 qui
2513 3487 2632 3542 vico
2686 3488 3021 3556 immineret,
3071 3491 3354 3546 concionis
3405 3492 3508 3546 sub
3552 3492 3644 3547 dio

2075 3590 2402 3629 concursum
2455 3576 2839 3634 vidissemus:
2885 3581 3150 3650 gradatim
3205 3581 3462 3651 deinceps
3513 3598 3642 3653 pro-

2076 3665 2247 3734 gressi
2275 3681 2462 3722 sumus
2498 3668 2730 3737 pedites.
2763 3677 2871 3722 tam
2913 3670 3027 3739 ipse
3059 3687 3221 3742 quam
3256 3674 3481 3728 comites
3514 3676 3640 3734 mei.

2076 3769 2349 3825 manuque
2390 3765 2612 3813 nostros
2645 3774 2816 3828 equos
2855 3760 3220 3816 ductavimus.
3261 3761 3380 3829 Quo
3415 3764 3640 3829 factum,

2077 3851 2135 3897 ut
2178 3844 2366 3899 eadem
2423 3846 2700 3900 celeritate
2749 3847 2859 3900 duo
2920 3848 3237 3911 confierent,
3291 3851 3547 3905 nimirum
3584 3860 3644 3904 ut

2076 3935 2192 4005 ipse
2220 3935 2440 3990 domum
2481 3951 2512 3991 e
2547 3937 2810 3991 concione
2847 3937 3068 4003 rediret,
3104 3954 3169 3993 ac
3197 3955 3298 3992 nos
3342 3949 3641 4011 martyrum

2075 4024 2143 4078 ad
2175 4025 2352 4079 locum
2386 4025 2820 4094 perveniremus.
2854 4026 3040 4096 Neque
3069 4043 3222 4083 mora
3256 4029 3362 4082 ulla
3404 4031 3645 4097 interpo-

2076 4116 2179 4171 sita
2209 4115 2414 4170 missus
2461 4131 2491 4168 a
2526 4117 2683 4171 nobis
2722 4125 2826 4180 est,
2857 4118 2948 4186 qui
2984 4123 3272 4171 adventum
3314 4119 3362 4172 ei
3393 4129 3639 4173 nostrum

2076 4207 2379 4261 indicaret:
2413 4215 2466 4262 et
2497 4207 2661 4276 paulo
2706 4216 2830 4276 post
2857 4209 3105 4262 minister
3139 4210 3311 4278 ipsius
3343 4211 3394 4263 in
3427 4227 3528 4265 nos
3558 4213 3643 4279 iu-

2076 4297 2231 4362 cidit,
2285 4312 2447 4367 quem
2494 4299 2804 4368 rogavimus
2854 4307 2912 4352 ut
2959 4300 3206 4353 celeriter
3251 4299 3317 4353 ad
3363 4317 3485 4354 eum
3529 4317 3642 4355 rem

398 4391 496 4460 τὴν
524 4392 756 4446 σύνοδον.
800 4391 904 4446 Καὶ
949 4395 1138 4466 χρόνος
1169 4394 1436 4463 διεγένετο
1486 4395 1584 4446 οὑκ
1632 4394 1830 4461 ὀλίγος,
1879 4395 1972 4446 καὶ

2079 4387 2338 4452 deferret,
2361 4403 2470 4458 quo
2490 4388 2698 4444 diutius
2724 4389 2868 4458 apud
2898 4389 3073 4458 ipsum
3107 4390 3310 4444 versari
3334 4406 3639 4460 possemus,

399 4481 709 4549 νυσταγμος
757 4483 850 4534 ἐπὶ
885 4483 1112 4545 τούτοις,
1161 4483 1254 4535 καὶ
1287 4483 1505 4552 ἀκηδία,
1549 4484 1642 4536 καὶ
1690 4485 1719 4535 ὁ
1765 4486 1828 4537 ἐκ
1875 4485 1973 4555 τῆς

397 4570 517 4623 ὁδοῦ
572 4571 737 4634 κόπος
790 4573 1073 4626 ἐπιτείνων
1117 4573 1214 4644 τὴν
1246 4575 1495 4644 ἀκηδίαν,
1542 4576 1636 4628 καὶ
1675 4575 1736 4628 τὸ
1771 4574 1973 4639 θάλπος

401 4662 638 4731 ἰσχυρὸν,
673 4663 766 4714 καὶ
797 4663 846 4714 οἱ
887 4663 1022 4733 πρὸς
1059 4664 1204 4732 ἡμᾶς
1235 4663 1650 4727 ἀποϐλέποντες,
1687 4664 1781 4717 καὶ
1812 4664 1975 4734 ἀλλή-

399 4750 506 4814 λοις
535 4752 622 4804 διὰ
651 4752 756 4804 τῶν
805 4753 1078 4805 δακτύλων
1111 4754 1568 4818 ὑποδεικνύοντες.
1611 4756 1718 4807 Καὶ
1760 4756 1972 4808 ἆπαντα

399 4841 468 4893 τά
499 4840 722 4894 τοιαῦτα
769 4842 910 4894 οὑτω
959 4860 1046 4911 μοι
1099 4843 1268 4912 βαρέα
1317 4839 1405 4912 ἦν,
1457 4845 1532 4908 ὡς
1567 4843 1847 4912 ἀληθεύειν
1883 4845 1971 4896 ἐπ’

401 4931 536 5001 ἐμοῦ
562 4931 624 4984 τὸ
665 4931 759 4984 τοῦ
804 4933 1107 5003 Προφήτου,
1140 4936 1222 4986 ὅτι
1256 4955 1274 4985 ι
1320 4934 1638 5002 Ἦκηδίασεν
1667 4935 1752 4988 ἐπ’
1783 4935 1880 5006 ἐμὲ
1912 4936 1973 4988 τὸ

402 5021 621 5092 πνεῦμά
679 5039 801 5092 μου.
857 5042 875 5074 ι
924 5024 1034 5076 Καὶ
1076 5023 1211 5093 πρὸς
1257 5023 1600 5094 μεσημϐρίαν
1632 5025 1733 5095 ἤδη
1775 5025 1972 5094 προελ-ει

401 5110 599 5182 θούσης
639 5112 739 5182 τῆς
785 5112 934 5183 ὥρας
975 5111 1322 5182 ἐίσηνέχθην,
1373 5113 1540 5166 πολλά
1578 5114 1970 5185 μεταμεληθεὶς

402 5202 494 5254 καὶ
525 5204 622 5272 τῆς
657 5203 963 5273 συντυχίας,
1014 5203 1090 5266 ὡς
1128 5202 1346 5274 ἐμαυτῷ
1376 5204 1473 5275 τῆς
1507 5204 1726 5274 ἀτιμίας
1755 5204 1968 5275 ἐκείνης

403 5291 698 5362 παρασχὼν
725 5293 822 5363 τὴν
851 5294 1048 5348 αἰτίαν.

2076 4486 2132 4533 et
2163 4478 2624 4548 opportunitatem
2675 4480 2912 4549 aliquam
2951 4481 3214 4542 invenire.
3263 4496 3330 4536 ne
3368 4483 3500 4535 nihil
3533 4498 3642 4536 non

2077 4579 2326 4624 curatum
2376 4570 2790 4639 relinqueretur.
2857 4569 3166 4625 Secundum
3223 4571 3339 4624 hazc
3388 4571 3640 4626 sedebam

2077 4660 2330 4731 equidem
2353 4660 2457 4715 sub
2485 4661 2597 4724 dio,
2621 4670 2944 4728 exspectans
2975 4661 3231 4730 aliquem,
3259 4662 3349 4733 qui
3381 4678 3478 4717 nos
3501 4663 3643 4716 intro

2076 4759 2295 4806 vocaret
2338 4769 2351 4804 ε
2397 4751 2641 4820 adeoque
2690 4753 3002 4820 propositus
3063 4768 3212 4806 erant
3273 4754 3528 4806 omnibus
3586 4763 3644 4806 ut

2078 4839 2446 4910 importunum
2504 4841 2899 4910 spectaculum,
2951 4849 3216 4911 quotquot
3251 4852 3317 4896 eo
3370 4858 3645 4898 convene-

2076 4940 2219 4985 rant.
2273 4931 2388 4986 Non
2431 4932 2542 5001 jam
2594 4932 2850 5003 exiguum
2886 4935 3146 5001 temporis
3185 4935 3421 5002 spatiqu
3472 4935 3644 4988 inter—

2075 5032 2335 5088 cesserat,
2363 5031 2418 5078 et
2450 5023 2732 5079 nictabant
2763 5023 2930 5087 oculi,
2969 5030 3022 5077 et
3054 5024 3494 5092 consequebatur
3524 5028 3642 5094 quia

2075 5115 2199 5169 dam
2233 5121 2419 5183 torpor
2453 5122 2507 5167 et
2543 5129 2606 5167 cx
2637 5115 2832 5168 itinere
2867 5112 3110 5182 fatigatio
3139 5113 3445 5168 molestiam
3479 5129 3646 5184 attge-

2074 5205 2189 5267 bat,
2251 5205 2491 5274 itemque
2543 5212 2711 5258 azstus
2756 5194 3086 5266 vehemens,
3138 5209 3194 5256 et
3245 5203 3492 5258 homines
3541 5219 3642 5256 nos

2074 5298 2369 5361 intuentes,
2406 5309 2616 5364 nosque
2644 5293 2830 5363 digitis
2856 5294 2996 5348 inter
3025 5310 3084 5348 se
3116 5301 3454 5349 ostentantes
3483 5312 3497 5346 :
3529 5295 3643 5349 lucc

404 5385 588 5452 igitur,
640 5386 854 5455 aliaque
894 5387 1206 5456 hujusmodi
1235 5389 1420 5441 omnia
1466 5396 1575 5442 tam
1625 5388 1758 5443 mihi
1809 5397 1965 5444 erant
1994 5390 2202 5459 gravia,
2235 5400 2291 5442 ut
2323 5389 2376 5443 in
2418 5405 2504 5442 mc
2530 5387 2678 5443 Vatis
2707 5389 2838 5442 illud
2904 5389 3126 5444 verbum
3173 5404 3299 5443 vere
3369 5400 3643 5458 compete-

402 5481 522 5526 ret:
560 5491 579 5522 ι
613 5471 903 5544 Obtorpuit
942 5477 996 5530 in
1071 5493 1156 5532 me
1201 5480 1427 5547 spiritus
1473 5494 1648 5533 meus.
1695 5497 1714 5530 ι
1794 5478 2034 5534 Instabat
2068 5480 2180 5548 jam
2219 5480 2492 5544 meridies,
2527 5487 2581 5534 ct
2615 5496 2700 5535 me
2728 5483 3076 5536 vehementer
3114 5495 3444 5551 congressus
3480 5479 3641 5548 hujus

401 5565 720 5634 pmnitebat,
753 5575 812 5621 ut
842 5571 934 5637 qui
983 5570 1226 5625 mihimet
1265 5571 1389 5627 talis
1427 5572 1737 5643 ignominia:
1776 5580 1968 5628 auctor
2003 5574 2356 5630 exstitissem.

476 5679 490 5707 ί
531 5677 670 5732 Psal.
705 5695 916 5743 CXLVII,
953 5678 1005 5733 7.

678 5772 910 5833 ΡΑτιιοι
997 5773 1109 5832 Gn.
1159 5773 1378 5835 XLVI.

3308 5779 3383 5836 32
