4092 6368
449 256 591 313 4005

1680 247 1735 302 S.
1775 244 2101 302 GllEGOBll
2138 244 2432 303 NYSSENI

3560 248 3699 304 1004

516 372 765 440 Cumque
824 368 1043 440 gravior
1093 367 1208 423 hate
1272 365 1403 420 mihi
1452 365 1728 421 accideret
1788 366 2011 435 injuria,

2188 369 2296 422 Καὶ
2324 366 2703 439 χαλεπώτερον
2744 368 2842 438 τῆς
2872 367 3022 438 παρά
3049 366 3158 421 τῶν
3186 367 3395 439 ἐχθρῶν
3424 385 3513 438 μοι
3543 385 3699 436 γενο-

450 475 613 531 quam
665 460 711 515 si
760 459 829 513 ab
876 458 1131 513 hostibus
1168 456 1411 527 profecta
1453 455 1669 520 fuisset,
1719 455 1838 525 ipsa
1885 454 2019 509 mihi

449 550 711 621 cogitatio
748 563 866 603 mea
916 547 1223 602 molestiam
1275 544 1592 608 exhibebat,
1641 558 1828 599 secum
1858 538 2021 596 modo

452 642 686 711 quedam
717 654 986 709 pugnans,
1037 646 1090 690 ct
1118 634 1446 689 sententiam
1495 649 1650 689 suam
1713 643 1933 688 mutans
1965 633 2020 685 in

450 731 684 788 consilio
733 730 961 785 sinistro
1001 726 1145 794 quod
1195 726 1544 779 instituisset.
1602 722 1704 778 Ubi
1748 738 1880 779 vero
1933 722 2022 777 vi‘x

455 823 675 877 tandem
719 819 877 874 nobis
933 817 1241 870 sacrarium
1293 824 1544 884 apertum
1599 821 1768 879 esset,
1800 814 2023 883 jamque

454 913 681 985 ingressi
716 912 1011 965 fuissemus
1042 910 1237 978 adyta;
1265 906 1459 975 vulgus
1485 905 1705 976 quidem
1737 905 2023 960 hominum

452 1005 746 1075 quominus
783 1001 1067 1064 introiret,
1110 997 1259 1051 aditu
1297 997 1711 1067 prohibebatur,
1763 1011 1883 1052 meo
1912 1011 2024 1051 me-

452 1110 577 1148 cum
611 1094 850 1146 intrante
884 1089 1158 1152 ministro,
1188 1086 1283 1157 qui
1332 1101 1500 1141 manu
1531 1101 1732 1156 corpus
1758 1102 1789 1142 e
1827 1086 2017 1140 labore

456 1185 741 1254 fatigatum
776 1180 1013 1234 fulciret.
1047 1177 1185 1231 Hinc
1215 1191 1338 1230 cum
1374 1176 1651 1230 hominem
1698 1175 2027 1244 compellas-

454 1288 603 1333 sem,
656 1279 712 1324 et
770 1266 1170 1337 aliquantulum
1225 1265 1531 1329 stetissent,
1589 1272 1921 1334 exspectans
1970 1270 2030 1317 ut

351 1398 365 1409 -
456 1362 877 1433 sedercjuberet
914 1368 972 1414 ut
996 1357 1131 1412 nihil
1155 1357 1348 1411 horum
1378 1355 1600 1424 accidit,
1629 1370 1931 1412 conversus
1962 1355 2028 1409 ad

455 1456 659 1526 gradus
710 1453 978 1524 quosdam
1024 1451 1215 1520 procul
1258 1449 1384 1504 inde
1422 1449 1673 1512 dissitos,
1729 1448 1785 1503 in
1837 1463 2029 1505 eorum

458 1563 568 1601 uno
596 1543 876 1609 consideo,
904 1553 959 1597 et
987 1540 1232 1610 nunquid
1256 1549 1506 1594 amanter
1535 1541 1914 1595 humaniterve
1947 1541 2031 1594 di-

458 1650 649 1693 cturus
678 1644 824 1693 esset
870 1634 1050 1699 nobis,
1083 1633 1170 1687 vel
1217 1632 1410 1686 saltem
1454 1632 1763 1701 superciliis
1792 1639 2031 1685 annulu-

459 1747 576 1793 rus,
610 1728 888 1799 opperior.
920 1724 1123 1780 Verum
1147 1723 1331 1778 omnia
1362 1730 1557 1777 contra
1583 1737 1735 1792 spem
1784 1732 2029 1783 nostram

460 1836 713 1879 evenere.
747 1816 880 1872 Nam
916 1815 1197 1873 silentium
1236 1822 1567 1867 nocturnum
1601 1821 1740 1877 erat,
1769 1820 1824 1868 et
1856 1812 2030 1867 tristi-

462 1914 539 1967 tia
568 1911 815 1983 quaedam
867 1907 1097 1978 tragica,
1128 1911 1182 1959 et
1231 1911 1444 1974 stupor,
1496 1914 1550 1959 et
1606 1906 1660 1958 in
1713 1904 2030 1958 universum

464 2005 617 2060 nulla
648 2018 750 2057 vox
779 2008 861 2055 est
892 1998 1127 2069 prolata.
1176 1994 1424 2065 Denique
1464 2010 1574 2050 non
1605 1995 1862 2065 exiguum
1894 2004 2061 2047 temv

466 2097 619 2168 poris
667 2094 1016 2148 intervallum
1068 2091 1228 2159 quasi
1282 2090 1441 2160 nigra
1488 2089 1544 2142 in
1594 2093 1756 2140 nocte
1802 2085 2030 2140 silenter

463 2187 802 2257 exigebatur.
831 2183 913 2238 Ad
953 2199 1015 2238 ea
1049 2191 1165 2238 toto
1211 2184 1397 2238 animo
1437 2179 1747 2250 perculsus,
1786 2177 1931 2247 quod
1965 2192 2033 2231 ne

465 2275 923 2349 vulgarihquidem
953 2290 1090 2330 voce
1125 2290 1227 2330 nos
1271 2274 1612 2344 dignaretur,
1652 2287 1750 2341 per
1794 2270 1881 2324 illa
1936 2271 2033 2324 ho-

467 2374 673 2426 minum
707 2372 758 2423 in
791 2384 893 2424 usu
923 2368 1229 2437 frequentia
1277 2366 1461 2429 verba,
1493 2364 1696 2434 quibus
1727 2362 1814 2417 vel
1854 2361 2034 2416 obiter

465 2464 660 2516 saltem
695 2460 947 2529 excipere
994 2467 1208 2512 nosmet
1243 2456 1507 2518 solemus,
1538 2450 1846 2521 cujusmodi
1882 2458 2032 2515 sunt,

389 2583 399 2591 υ
469 2573 488 2603 α
533 2552 727 2606 Salvus
755 2548 1061 2603 advenisti:
1105 2567 1124 2598 ι
1160 2546 1267 2609 vel,
1299 2564 1319 2596 ι
1354 2543 1509 2599 Unde
1538 2543 1699 2598 nobis
1727 2540 1904 2597 ades?
1928 2555 2035 2610 qua

463 2647 533 2700 de
565 2643 777 2699 causa?
815 2640 1174 2712 quamobrem
1210 2639 1317 2692 huc
1362 2633 1716 2706 properasti?
1749 2631 2037 2686 taciturni-

465 2745 631 2790 tatem
660 2733 808 2787 illam
841 2730 971 2784 mihi
1008 2728 1163 2798 quasi
1192 2724 1467 2797 quandam
1499 2726 1625 2780 vitae
1651 2722 1793 2793 apud
1828 2719 2036 2776 inferos

466 2827 756 2896 imaginem
791 2822 1184 2892 pr0ponebam.
1217 2817 1558 2887 Quamquam
1593 2815 1698 2869 hoc
1727 2813 2036 2882 exemplum

467 2936 536 2975 ne
566 2917 784 2989 quidem
812 2928 1079 2984 usurpare
1102 2911 1392 2965 debebam.
1418 2906 1629 2962 Etenim
1657 2904 1801 2974 apud
1829 2902 2038 2958 inferos

466 3023 663 3078 magna
695 3017 781 3063 est
810 3005 1099 3074 aequalitas
1130 3002 1180 3055 in
1219 2999 1534 3054 conditione
1552 2996 1816 3057 omnium,
1840 2995 2037 3063 quippe

469 3100 562 3156 ubi
595 3099 728 3153 nihil
776 3110 990 3160 eorum,
1032 3110 1152 3164 qua:
1201 3106 1367 3160 supra
1423 3100 1625 3142 terram
1663 3096 1831 3141 totam
1889 3085 2037 3138 illam

466 3194 594 3247 vitae
623 3191 874 3244 humanae
897 3185 1217 3255 tragmdiam
1245 3183 1507 3246 etl‘ieiunt,
1533 3176 1710 3233 turst
1741 3174 2038 3245 quidquam

471 3280 681 3335 afferat.
726 3278 860 3331 Nam
895 3275 1068 3346 gloria
1114 3267 1589 3342 quemadmodum
1615 3273 1769 3320 vates
1818 3264 2039 3333 quidam

472 3372 736 3442 loquitur,
764 3384 870 3423 una
900 3381 1023 3420 cum
1065 3363 1380 3418 hominibus
1425 3375 1534 3415 non
1570 3356 1890 3414 descendit:
1944 3353 2040 3410 sed

470 3462 720 3533 cujusvis
769 3458 1009 3513 hominis
1068 3455 1250 3508 anima
1297 3450 1507 3505 relictis
1552 3449 1641 3513 iis,
1688 3463 1810 3518 quae
1840 3447 1892 3500 in
1939 3445 2042 3500 hac

472 3554 584 3606 vita
633 3555 971 3619 expetuntur
1020 3562 1050 3599 a
1089 3545 1364 3614 plerisque
1401 3554 1617 3597 summo
1662 3537 1842 3594 studio
1881 3544 2039 3607 petu-

473 3643 662 3706 lautia,
696 3642 940 3708 inquam,
973 3647 1025 3691 et
1069 3633 1344 3704 superbia,
1379 3640 1434 3685 et
1483 3632 1663 3691 fastu,
1714 3628 1942 3696 simplex
1988 3633 2043 3680 et

474 3733 624 3785 mimi
659 3731 866 3797 absque
901 3737 1165 3796 apparatu
1189 3723 1255 3776 ad
1291 3720 1499 3777 inferos
1529 3734 1651 3774 sese
1686 3718 1918 3781 confert,
1966 3716 2043 3771 ita

476 3836 536 3880 ut
560 3824 693 3878 nihil
743 3834 924 3876 rerum
955 3822 1012 3875 in
1064 3820 1164 3872 hac
1195 3817 1303 3871 vita
1338 3817 1696 3870 molestarum
1743 3811 2041 3882 quidquam

479 3918 600 3972 istis
630 3914 826 3986 negotii
861 3912 1136 3967 exhibeat.
1166 3907 1296 3964 Utut
1333 3922 1421 3962 res
1463 3921 1584 3962 sese
1636 3904 1854 3967 habeat,
1908 3900 2044 3955 mihi

476 4008 698 4077 quidem
727 4012 874 4060 certe
904 4004 1017 4067 illa,
1049 4016 1170 4071 qum
1210 4008 1323 4054 tum
1357 3996 1696 4058 accidebant,
1730 3994 1813 4048 vel
1868 3992 2038 4047 iul‘er-

478 4115 607 4160 nus,
637 4097 722 4153 vel
756 4095 1091 4164 caliginosus
1114 4106 1325 4153 carcer,
1349 4090 1432 4142 vel
1467 4087 1571 4141 alia
1594 4085 1840 4155 quaedam
1870 4082 2045 4137 trisnis

480 4190 693 4246 oﬂicina
720 4201 892 4256 ῃωιιαι
942 4182 1263 4237 videbantur
1314 4194 1476 4234 esse:
1549 4176 1851 4246 praesertim
1919 4188 2042 4227 cum

484 4294 696 4333 mecum
726 4278 844 4345 ipse
892 4271 1306 4343 perpenderem,
1339 4268 1561 4338 quantis
1590 4266 1645 4320 in
1693 4263 1851 4317 bouis
1883 4276 1912 4315 a
1942 4276 2043 4329 pa-

2124 459 2290 529 μένης
2324 458 2551 530 ὕϐρεως,
2596 461 2625 512 6
2654 460 2785 528 ἐμός
2820 476 2887 529 με
2918 459 3173 530 λογισμὸς
3215 459 3361 527 ἠνία,
3397 459 3700 529 μαχόμενος

2120 550 2316 620 τρόπον
2343 549 2466 603 τινὰ
2486 550 2621 621 πρὸς
2641 551 2856 613 ἐαυτὸν,
2891 549 2986 602 καὶ
3019 547 3436 620 μεταγινώσκων
3466 551 3522 601 ἐν
3548 549 3703 601 ὑστεο

2123 642 2377 714 ροῦουλίᾳ
2404 642 2547 713 ὑπὲρ
2584 635 2659 696 ὧν
2694 641 2973 713 προέθετο.
3018 642 3107 705 Ὣς
3130 642 3177 694 δ’
3202 637 3293 694 οὖν
3328 641 3481 711 μόλις
3508 641 3698 711 ἠνοίγη

2122 734 2252 802 ἡμῖν
2277 732 2348 785 τά
2377 733 2673 802 ἀνάκτορα,
2698 732 2792 785 καὶ
2817 730 2927 785 τῶν
2956 731 3163 785 ἀδύτων
3187 731 3336 793 ἐντὸς
3367 730 3663 800 ἐγενόμεθα
3682 746 3697 761 ο

2121 823 2172 874 οἱ
2226 821 2325 892 μὲν
2386 821 2570 875 πολλοὶ
2633 819 3068 890 ἀπεκλείσθησαν
3123 821 3223 890 τῆς
3274 822 3478 875 εἰσόδου
3499 837 3513 851 ·
3570 821 3598 873 6
3643 820 3702 873 δὲ

2124 911 2254 982 ἐμὸς
2280 912 2593 982 συνεισῆλθε
2626 912 2889 975 διάκονος,
2934 912 2992 975 ὃς
3031 914 3098 984 τῇ
3125 913 3271 983 χειρὶ⁴
3308 912 3367 965 τὸ
3407 912 3569 981 σῶμα
3597 912 3701 964 ὑπ-

2125 1005 2307 1076 ήρειδε
2344 1004 2653 1074 πεπονηκὸς
2692 1006 2757 1057 ἐκ
2777 1003 2869 1058 τοῦ
2896 1004 3087 1061 κόπου.
3131 1003 3273 1072 Ἐγὼ
3308 1004 3366 1058 δὲ
3394 1003 3704 1075 προσειπὼν

2125 1096 2299 1166 αὐτῷ,
2345 1096 2442 1151 καὶ
2490 1096 2578 1149 ἐπ’
2623 1095 2803 1164 ὀλίγον
2854 1094 3086 1159 σταθεὶς,
3134 1095 3274 1149 ὥστε
3329 1112 3417 1165 μοι
3450 1095 3705 1163 γενέσθαι

2126 1187 2439 1258 προτροπὴν
2481 1188 2561 1250 εἰς
2608 1185 2900 1257 καθέδραν,
2933 1185 3006 1249 ὡς
3032 1186 3183 1238 οὐδὲν
3231 1186 3432 1239 τούτων
3475 1186 3703 1254 ἐγίνετο,

2127 1279 2219 1331 ἐπί
2262 1295 2406 1342 τινος
2431 1278 2540 1331 τῶν
2569 1275 2852 1348 πόρρωθεν
2880 1275 3095 1347 βάθρων
3122 1276 3439 1348 διατραπεὶς
3468 1277 3708 1329 ἀνεπαυ-

2130 1368 2331 1439 σάμην,
2364 1367 2648 1438 ἀναμένων
2693 1368 2743 1419 εἰ
2790 1367 2898 1437 ἄρα
2940 1383 2994 1419 τι
3041 1365 3328 1435 φθέγξαιτο
3379 1365 3513 1436 πρὸς
3560 1366 3707 1435 ἡμᾶς

2129 1458 2374 1529 εὐμενὲς,
2405 1458 2441 1529 ῆ
2469 1475 2522 1510 τι
2555 1455 2951 1526 φιλάνθρωπον,
2992 1455 3024 1525 ἢ
3050 1457 3167 1518 ταῖς
3196 1453 3327 1523 γοῦν
3364 1453 3562 1525 ὀφρύσι
3581 1455 3704 1507 ’λοι-

2131 1550 2231 1604 πον
2272 1549 2622 1604 ἐπινεύσειεν.
2683 1549 2821 1601 Ἀλλ’
2868 1549 2964 1601 ἀπ’
3012 1547 3270 1600 ἐναντίων
3318 1549 3384 1617 τῇ
3423 1547 3597 1599 ἐλπίδι
3637 1545 3709 1599 τά

2133 1645 2328 1698 πάντα.
2359 1642 2547 1712 Σιωπὴ
2582 1642 2690 1713 γὰρ
2726 1637 2794 1711 ἦν
2826 1641 2887 1693 τὸ
2918 1640 3026 1693 ἀπὸ
3068 1639 3257 1692 τούτου
3281 1639 3583 1708 νυκτερινὴ,
3613 1638 3707 1690 καὶ

2132 1734 2401 1805 κατήφεια
2442 1732 2701 1804 τραγικὴ,
2744 1733 2840 1786 καὶ
2887 1730 3113 1802 θάμϐος,
3163 1730 3257 1784 καὶ
3295 1729 3574 1800 ἔκπληξις,
3615 1730 3708 1782 καὶ

2131 1820 2398 1891 παντελὴς
2424 1820 2657 1890 ἀφωνία,
2690 1820 2783 1872 καὶ
2825 1819 3013 1889 χρόνος
3039 1819 3140 1871 οὑκ
3172 1819 3231 1869 ἐν
3259 1816 3441 1888 μικρῷ
3483 1816 3705 1885 διαστή-

2135 1928 2265 1983 ματι
2304 1910 2555 1982 καθάπερ
2583 1912 2640 1965 ἐν
2669 1909 2895 1980 μελαίνῃ
2942 1907 3096 1962 νυκτί
3140 1909 3208 1962 δι’
3256 1908 3486 1978 ἡσυχίας
3530 1923 3710 1977 παρα-

2130 2002 2456 2074 τεινόμενος.
2555 2000 2697 2069 Ἐγὼ
2757 2000 2815 2053 δέ
2875 1999 3085 2063 τούτοις
3152 1998 3549 2067 ὲναποπλαγεὶς
3612 1997 3710 2068 τὴν

2130 2094 2388 2157 διάνοιαν,
2444 2093 2534 2146 διὰ
2587 2092 2648 2145 τδ
2695 2091 2829 2162 μηδὲ
2874 2090 2971 2160 τῆς
3018 2090 3206 2159 κοινῆς
3245 2090 3405 2143 αὑτὸν
3457 2088 3710 2159 ἐθελῆσαι

2137 2180 2454 2254 μεταδοῦναι
2482 2180 2684 2250 φωνῆς,
2719 2179 2806 2233 διὰ
2848 2178 2956 2231 τῶν
2982 2177 3482 2249 κατημαξευμένων
3508 2177 3709 2230 τούτων

2132 2274 2232 2342 τὴν
2259 2272 2544 2343 συντυχίαν
2575 2271 3013 2341 ἀφοσιουμένων·
3039 2264 3149 2322 οἷον
3176 2270 3257 2332 τὸ,
3294 2288 3314 2320 ι
3354 2264 3429 2322 Εὖ
3471 2269 3644 2337 ἥκεις,
3674 2268 3708 2337 ἢ

2135 2361 2296 2416 πόθεν
2344 2362 2527 2431 ἥκεις
2573 2361 2607 2430 ἢ
2664 2359 2803 2429 ὑπὲρ
2832 2357 3012 2423 τίνος;
3039 2358 3072 2429 ἢ
3104 2360 3183 2420 τίς
3214 2358 3248 2428 ή
3269 2357 3367 2426 τῆς
3403 2356 3704 2427 παρουσίας

2137 2453 2372 2524 σπουδή;
2411 2472 2427 2505 ι
2462 2453 2559 2521 τὴν
2582 2451 2812 2522 ἡσυχίαν
2841 2449 3055 2519 ἐκείνην
3081 2448 3182 2518 τῆς
3204 2449 3262 2500 ἐν
3284 2447 3410 2519 ᾅδου
3436 2449 3711 2517 διαγωγῆς

2136 2545 2432 2615 ἐποιούμην
2462 2544 2663 2597 εἰκόνα.
2713 2540 2928 2599 Μᾶλλον
2959 2540 3016 2593 δὲ
3048 2537 3441 2607 καταγινώσκω
3462 2538 3555 2591 τοῦ
3583 2539 3714 2591 ὑπο-

2134 2631 2444 2701 δείγματος.
2509 2629 2597 2682 Ἐν
2632 2628 2757 2699 ᾇδου
2804 2627 2911 2698 γὰρ
2957 2627 3201 2696 ἰσονομία
3250 2625 3439 2695 πολλὴ,
3490 2626 3715 2696 μηδενὸς

2135 2718 2243 2772 τῶν
2276 2718 2413 2788 ὑπὲρ
2447 2717 2552 2788 γῆς
2586 2716 2682 2786 τὴν
2716 2715 2845 2785 περί
2875 2715 2966 2768 τὸν
3010 2714 3124 2785 βίον
3157 2715 3464 2785 τραγῳδίαν
3487 2714 3716 2785 ἐργαζο-

2140 2808 2336 2880 μένων,
2373 2807 2588 2878 ἐκείνην
2632 2805 2729 2876 τὴν
2770 2805 3043 2876 διαγωγὴν
3079 2804 3431 2874 διοχλοῦντος.
3482 2806 3559 2858 Οὐ
3606 2805 3715 2876 γὰρ

2139 2900 2580 2969 συγκαταϐαίνει,
2632 2898 2774 2952 καθά
2826 2915 2989 2970 φησιν
3046 2898 3074 2950 6
3123 2898 3435 2968 Προφήτης,
3469 2899 3581 2959 τοῖς
3622 2897 3718 2950 ἀν-

2140 2990 2374 3063 θρώποις
2405 2994 2438 3059 ή
2466 2989 2591 3055 δόξα
2612 3006 2625 3020 ν
2657 2988 2791 3041 ἀλλά
2825 2986 3198 3042 καταλιποῦσα
3239 2989 3272 3058 ή
3305 2987 3534 3040 ἑκάστου
3565 2987 3712 3057 ψυχὴ

2100 3074 2209 3158 ζτά
2250 3079 2346 3133 νῦν
2377 3078 2785 3150 σπουδαζόμενα
2830 3080 2944 3140 τοῖς
2992 3076 3224 3139 πολλοῖς,
3265 3075 3419 3145 ὑδριν
3451 3074 3595 3143 λέγω
3620 3075 3715 3129 καὶ

2146 3172 2522 3243 ὑπερηφανίαν
2549 3171 2642 3223 καὶ
2682 3169 2869 3239 τύφον,
2894 3168 3038 3238 ἀπλῆ
3074 3169 3169 3221 καὶ
3194 3167 3563 3228 ἀκατάσκευος
3593 3167 3715 3218 ἐπιε-

2143 3261 2401 3334 χωριάξει
2442 3263 2556 3324 τοῖς
2588 3260 2757 3323 κάτω,
2803 3258 2878 3322 ὡς
2926 3257 3089 3329 μηδὲν
3134 3257 3243 3310 τῶν
3273 3257 3400 3327 τῇδε
3428 3252 3717 3329 μοχθηρῶν

2141 3355 2236 3409 καὶ
2292 3352 2421 3424 παρ’
2471 3351 2696 3414 ἐκείνοις
2745 3345 2902 3403 εῖναι.
2961 3348 3108 3420 Πλὴν
3157 3347 3270 3401 ἀλλ’
3322 3346 3445 3416 ἐμοὶ
3496 3345 3630 3417 ᾅδης
3677 3343 3713 3414 ἢ

2140 3445 2507 3514 δεσμωτήριον
2551 3441 2806 3509 ἀφεγγὲς,
2839 3440 2873 3509 ἢ
2909 3439 3036 3493 ἀλλο
3086 3454 3139 3490 τι
3197 3435 3511 3507 σκυθρωπὸν
3553 3434 3717 3487 κολα-

2144 3537 2361 3607 στήριον
2408 3534 2579 3586 ἐδόκει
2610 3533 2678 3586 τά
2719 3530 2961 3601 παρόντα
3002 3524 3166 3593 εῖναι,
3203 3525 3541 3596 λογιζομένῳ
3578 3526 3717 3579 ὅσων

2142 3628 2361 3696 ἀγαθῶν
2384 3623 2679 3694 ἐγενόμεθα
2704 3623 2856 3694 παρὰ
2881 3621 2988 3675 τῶν
3013 3619 3263 3691 πατέρων
3285 3618 3442 3689 ήμῶν
3462 3617 3714 3686 διάδοχοι,

2143 3719 2239 3773 καὶ
2283 3713 2372 3773 οἷα
2420 3716 2733 3787 διηγήματα
2769 3716 2880 3776 τοῖς
2934 3710 3051 3782 μεθ’
3102 3711 3248 3781 ήμᾶς
3298 3706 3715 3777 καταλείψομεν.

2145 3811 2209 3864 Τί
2253 3808 2309 3862 δέ
2361 3808 2504 3876 λέγω
2558 3805 2666 3858 τῶν
2735 3803 2983 3873 πατέρων
3038 3802 3138 3871 τὴν
3186 3796 3532 3870 ἀγαπητικὴν
3583 3795 3719 3867 πρὸς

2141 3901 2405 3970 ἀλλήλους
2435 3897 2647 3968 σχέσιν;
2686 3893 3007 3964 Θαυμαστὸν
3056 3892 3165 3962 γὰρ
3196 3889 3368 3954 οὐδὲν,
3399 3887 3719 3958 ἀνθρώπους

2142 3992 2300 4054 ὄντας
2361 3993 2418 4044 ἐν
2461 3988 2709 4059 ὁμοτίμῳ
2756 3989 2823 4055 τῇ
2868 3985 3047 4052 φύσει,
3100 3982 3266 4053 μηδὲν
3313 3981 3515 4034 ἐθέλειν
3544 3978 3720 4032 πλέον

2143 4082 2385 4151 ἀλλήλων
2434 4082 2596 4150 ἔχειν,
2640 4077 2776 4130 ἀλλά
2827 4078 2894 4147 τῇ
2945 4072 3411 4144 ταπεινοφροσύνῃ
3458 4069 3720 4140 ἀλλήλους

2143 4173 2390 4244 ἡγεῖσθαι
2441 4168 2645 4222 ἐαυτῶν
2698 4165 3003 4236 ὑπερέχειν.
3064 4162 3201 4216 Ἀλλ’
3248 4163 3422 4215 ἐκεῖνο
3481 4158 3718 4230 μάλιστά

2148 4279 2249 4331 μου
2294 4260 2394 4330 τῆς
2434 4256 2668 4318 διανοίας
2711 4252 3037 4323 καθήπτετο,
3068 4252 3150 4304 ὅτι
3196 4252 3225 4304 6
3266 4251 3444 4319 πάσης
3492 4247 3720 4310 κτίσεως

482 4371 664 4424 tribus
691 4368 933 4435 acceptis
959 4376 1316 4419 successores
1349 4360 1473 4412 facti
1506 4358 1790 4419 fuerimus,
1822 4363 1877 4409 et
1909 4368 2038 4424 qua-

2148 4348 2442 4416 Δεσπότης,
2475 4346 2505 4398 6
2547 4341 2836 4413 μονογενὴς
2882 4338 3033 4405 Υἱὸς,
3081 4339 3111 4391 6
3154 4336 3230 4391 ὢν
3271 4338 3329 4391 ἐν
3360 4339 3472 4399 τοῖς
3500 4335 3721 4398 κόλποις

482 4462 565 4515 les
590 4460 823 4527 posteris
875 4455 1222 4510 narrationes
1250 4453 1318 4507 de
1364 4451 1521 4504 nobis
1570 4448 1811 4502 relicturi
1854 4446 2046 4500 simus.

482 4549 624 4616 Quid
656 4548 835 4600 dicam
872 4545 940 4599 de
967 4556 1180 4599 summa
1211 4540 1416 4595 amoris
1448 4536 1752 4601 affectione,
1785 4547 1895 4602 qua
1928 4544 2051 4586 sese

485 4650 676 4693 mutuo
714 4645 892 4706 patres
930 4633 1107 4688 nostri
1151 4627 1653 4698 complectebantur
1676 4624 1699 4676 ’ἔ
1726 4616 1877 4676 Nihil
1905 4626 2053 4676 certe

485 4730 615 4786 miri
653 4737 757 4791 cst.
785 4741 880 4779 eos
909 4726 1000 4793 qui
1033 4723 1144 4777 sint
1175 4719 1421 4774 homines
1444 4718 1498 4770 in
1526 4726 1741 4775 natura,
1777 4712 1937 4778 cujus
1958 4723 2054 4779 per

489 4822 672 4878 otnnia
701 4834 797 4888 par
833 4827 917 4871 est
954 4816 1218 4884 dignitas,
1255 4809 1400 4863 nolle
1439 4806 1638 4876 potiori
1674 4801 1887 4858 caeteris
1930 4813 2055 4854 esse

486 4916 630 4973 loco.
682 4908 777 4964 sed
821 4907 1157 4966 existimare,
1211 4909 1400 4957 mutuo
1449 4912 1547 4952 nos
1593 4895 1793 4950 debere
1839 4896 2057 4945 nosmet

487 5001 795 5057 humilitate
823 5010 1104 5067 superare.
1135 4992 1426 5047 Enimvero
1447 4988 1682 5041 maxime
1713 4984 1777 5039 ad
1809 4982 2054 5036 animum

488 5094 625 5147 mihi
657 5091 959 5153 accidebat,
983 5089 1257 5142 universae
1289 5092 1553 5137 creatura:
1586 5078 1898 5138 Dominum,
1933 5073 2059 5128 uni-

489 5198 686 5251 genatn
719 5182 872 5234 illum
910 5178 1134 5239 Filium,
1160 5176 1252 5245 qui
1285 5180 1369 5228 est
1396 5173 1451 5225 in
1475 5168 1689 5226 sinibus
1714 5164 1892 5221 Patris
1920 5202 1936 5226 ,
1961 5162 2056 5232 qui

489 5271 702 5325 exstitit
752 5270 907 5325 initio
961 5282 1164 5329 rerum,
1216 5265 1310 5334 qui
1360 5261 1570 5317 exstitit
1619 5259 1673 5311 in
1716 5256 1889 5310 forma
1937 5252 2055 5316 Dei,

489 5362 587 5431 qui
616 5361 870 5416 universa
895 5366 1070 5429 gestat
1090 5358 1257 5410 verbo
1288 5352 1545 5424 potentiae
1579 5364 1714 5409 suae,
1748 5346 1893 5400 hunc
1927 5358 2058 5412 ergo

494 5468 600 5507 non
632 5452 685 5505 in
736 5452 841 5504 hoc
875 5451 1050 5506 soluat
1084 5447 1353 5515 abjecisse
1399 5460 1481 5507 se,
1510 5440 1653 5512 quod
1689 5454 1782 5509 per
1837 5448 2057 5489 carnem

492 5541 652 5612 quasi
708 5540 1082 5611 peregrinatus
1143 5537 1214 5595 dt
1260 5539 1315 5591 in
1378 5535 1614 5588 lmmana
1665 5536 1897 5583 natura:
1962 5524 2056 5578 sed

493 5632 641 5704 quod
665 5632 826 5687 etiam
863 5628 1193 5699 proditorem
1220 5625 1416 5681 JuJam
1446 5639 1541 5680 ore
1571 5635 1673 5679 suo
1707 5619 1934 5692 prOpius
1986 5614 2052 5668 ad

2146 4437 2240 4491 τοῦ
2289 4435 2520 4507 Πατρὸς,
2553 4436 2582 4486 6
2633 4434 2690 4485 ἐν
2733 4431 2875 4501 ἀρχῇ
2928 4428 3023 4492 ὣν,
3065 4427 3094 4479 ό
3135 4426 3192 4478 ἐν
3226 4428 3405 4496 μορφῇ
3438 4422 3573 4477 Θεοῦ
3615 4423 3719 4476 ὑπ-

2151 4527 2349 4596 άρχων,
2386 4525 2413 4575 6
2440 4523 2509 4575 τὰ
2542 4520 2833 4590 σύμπαντα
2876 4518 3054 4587 φέρων
3090 4514 3168 4584 τῷ
3200 4515 3404 4584 ῥήματι
3431 4512 3531 4582 τῆς
3564 4511 3723 4565 δυνά-

2155 4633 2297 4687 μεως
2317 4612 2503 4679 αὑτοῦ,
2519 4612 2617 4664 οὑκ
2646 4612 2703 4663 ἐν
2737 4609 2908 4676 τούτῳ
2940 4607 3098 4676 μόνον
3124 4604 3482 4658 ἐταπείνωσεν
3509 4602 3718 4665 ἐαυτὸν,

2153 4707 2210 4757 ἐν
2236 4701 2313 4773 τῷ
2344 4701 2433 4755 διὰ
2479 4697 2677 4770 σαρκὸς
2708 4694 3041 4764 ἐπιδημῆσαι
3082 4695 3147 4762 τῇ
3181 4692 3498 4763 ἀνθρωπίνῃ
3528 4690 3718 4758 φύσει·

2153 4792 2292 4846 ἀλλά
2320 4790 2413 4843 καὶ
2443 4790 2533 4841 τὸν
2579 4784 2841 4856 προδότην
2870 4781 3063 4855 ἐαυτοῦ
3121 4781 3316 4836 Ἰούδαν
3345 4780 3423 4850 τῷ
3466 4779 3577 4849 ἰδίῳ
3604 4778 3724 4832 στό-

2159 4899 2306 4953 ματι,
2353 4880 2440 4933 διά
2486 4877 2790 4947 φιλήματος
2841 4872 3269 4944 προσεγγίζοντα
3314 4869 3584 4939 δέχεσθαι,
3627 4868 3725 4923 καὶ

2156 4971 2409 5027 εἰσελθὼν
2442 4971 2521 5033 εἰς
2548 4969 2644 5039 τὴν
2672 4967 2847 5021 οὶκίαν
2872 4966 3115 5036 Σίμωνος
3149 4966 3242 5018 τοῦ
3274 4962 3496 5033 λεπροῦ,
3534 4960 3596 5013 τὸ
3647 4958 3722 5029 μὴ

2158 5062 2447 5134 φιληθῆναι
2493 5058 2621 5129 παρ’
2657 5058 2842 5121 αὑτοῦ,
2870 5057 2946 5119 ὡς
2978 5054 3377 5126 φιλάνθρωπος,
3425 5052 3719 5115 ὀνειδίζειν.

2170 5153 2310 5221 Ἐγὼ
2341 5151 2398 5204 δὲ
2440 5148 2563 5203 οὗτε
2608 5150 2728 5201 ἀντὶ¹
2755 5147 2849 5201 τοῦ
2891 5147 3094 5219 λεπροῦ
3138 5144 3418 5214 ἐλογίσθην
3437 5162 3451 5174 ·
3482 5143 3561 5212 τῷ
3587 5142 3724 5205 τίνι;

2170 5248 2232 5299 ὐ
2271 5244 2389 5308 τίς;
2429 5242 2541 5313 Τὴν
2582 5239 2841 5308 διαφορὰν
2890 5240 3068 5309 εὑρεῖν
3113 5238 3212 5289 οὑκ
3257 5236 3385 5305 ἔχω.
3425 5232 3515 5303 Τῷ
3564 5229 3729 5283 πόθεν

2159 5333 2591 5404 καταϐεϐηκότι;
2625 5332 2796 5384 Ὅπου
2830 5329 3110 5399 κείμενος;
3136 5327 3263 5394 Είγε
3290 5325 3361 5378 τὰ
3397 5323 3490 5376 τοῦ
3525 5322 3728 5390 κόσμου

2161 5427 2347 5498 βλέποι
2376 5442 2458 5488 τις
2486 5425 2696 5476 τούτου.
2728 5422 2790 5474 Εἰ
2826 5420 2925 5491 μὲν
2953 5418 3061 5487 γὰρ
3092 5417 3159 5473 τὰ
3188 5417 3283 5485 τῆς
3314 5414 3514 5485 σαρκὸς
3545 5408 3732 5477 ἐξετά-

2161 5520 2243 5583 ζοι
2290 5535 2394 5581 τις,
2446 5514 2694 5570 τοσοῦτον
2729 5512 2856 5573 ἴσως
2903 5506 3205 5576 ἀνεπαχθὲς
3248 5507 3364 5558 ἐστι
3411 5504 3609 5570 λέγειν,
3645 5501 3731 5554 ὅτι

2161 5612 2394 5682 ὁμότιμα
2433 5608 2519 5661 ἐπ’
2563 5603 2885 5675 ἀμφοτέρων
2926 5600 2982 5654 τὸ
3028 5598 3240 5667 εὐγενὲς
3290 5597 3378 5650 καὶ
3426 5592 3724 5661 ἐλεύθερον.
