4092 6368
291 425 419 481 ιοθε

1473 411 1857 468 EPISTOLJE.
1891 441 1959 451 -
1985 407 2204 464 EPIST.
2254 409 2295 462 Ι.

3404 412 3424 464 ί
3437 410 3545 466 οοο

290 540 350 593 Et
379 537 435 589 δὲ
475 535 574 604 τὴν
619 531 794 602 ἀληθῆ
827 548 911 594 τις
953 530 1239 600 ἒπιζητοίη
1291 530 1390 598 τῆς
1438 528 1615 597 ψυχῆς
1649 528 1862 579 ἐλευθε-

1981 540 2146 593 νειιηι
2204 524 2307 578 sub
2344 521 2526 578 osculi
2557 523 2740 591 specie
2805 524 3152 578 accedentem
3217 525 3542 582 admiserit'

295 631 402 701 ρίαν
435 644 496 679 τε
538 627 633 680 καὶ
665 624 962 692 εὐγένειαν,
1012 623 1208 692 ἐπίσης
1251 621 1425 674 δοῦλοι
1464 619 1561 688 τῆς
1596 618 1869 689 ἁμαρτίας

290 719 603 790 ἀμφότεροι.
639 716 834 786 ἐπίσης
869 713 962 767 τοῦ
1007 713 1253 784 αἴροντος
1297 713 1394 774 τάς
1438 713 1712 780 ἁμαρτίας
1758 709 1872 760 δεό-

297 807 459 879 μεθα·
512 805 671 868 ἄλλος
719 805 886 868 ἐστὶν,
935 803 964 853 ὁ
1007 801 1084 870 τῷ
1122 801 1238 871 ἰδίῳ
1275 801 1464 869 αἵματι
1500 799 1593 868 τρῦ
1641 797 1869 850 Θανάτου

295 901 379 952 καὶ
441 897 546 950 τῶν
613 894 896 966 ἁμαρτιῶν
953 893 1104 962 ἡμᾶς
1154 891 1603 960 λυτρωσάμενος,
1664 887 1722 950 ὃς
1779 886 1874 938 καὶ

295 987 615 1056 ἐξηγόρασεν
653 985 821 1054 ἡμᾶς,
856 983 947 1036 καὶ
985 980 1362 1051 ὑπερηφανίαν
1403 978 1522 1030 τινὰ
1571 976 1712 1029 κατά
1760 975 1870 1028 τῶν

295 1077 758 1148 ὲξαγορασθέντων
815 1076 914 1127 οὐκ
961 1073 1290 1136 ἐπεδείξατο,
1326 1071 1551 1140 νεκροὺς
1600 1071 1678 1130 εἰς
1726 1068 1868 1139 ζωὴν

293 1167 741 1236 ἀνακαλούμενος,
789 1167 817 1216 ὁ
855 1165 1034 1216 πᾶσαν
1070 1161 1364 1232 ἐξιώμενος
1416 1160 1728 1230 ἀρρωστίαν
1775 1160 1869 1211 καὶ

295 1259 474 1329 ψυχῶν
499 1259 598 1314 καὶ
625 1258 913 1328 σωμάτων.

1969 613 2227 682 quodque
2257 613 2478 667 domum
2513 613 2712 680 leprosi
2744 611 2985 668 Simonis
3027 615 3328 684 ingressus,
3371 621 3547 676 eidem

1975 721 2075 773 pro
2104 719 2318 758 summa
2345 705 2687 757 immanitate
2718 718 2817 757 sua
2844 705 3158 773 exprobret,
3181 710 3327 776 quod
3356 714 3548 766 osculo

1973 811 2080 848 nou
2115 793 2308 849 fuisset
2344 805 2625 864 exceptus.
2658 794 2769 865 Ego
2801 810 2931 849 vero
2965 810 3031 849 ne
3059 812 3159 866 pro
3189 799 3406 866 leproso
3427 804 3551 870 qui-

1974 887 2097 941 dem
2148 901 2268 941 sum
2322 885 2566 940 habitus.
2618 887 2688 938 At
2745 887 2839 956 qui
2881 887 2996 950 vir,
3051 903 3081 940 a
3131 891 3283 958 quo?
3326 890 3550 961 Nequeo

1974 987 2122 1033 certe
2161 978 2461 1047 quidquam
2494 979 2833 1033 discriminis
2879 979 3143 1035 invenire.
3178 981 3335 1036 Unde
3366 985 3412 1036 is
3457 984 3552 1038 de-

1975 1069 2266 1124 scenderat
2288 1071 2310 1123 ?
2335 1069 2438 1124 Ubi
2469 1069 2714 1137 abiectus
2747 1069 2863 1140 ipse
2895 1071 3200 1140 jacueram,
3239 1076 3284 1128 si
3328 1075 3549 1144 quidem

1976 1159 2255 1215 mundana
2289 1160 2414 1230 quis
2445 1161 2746 1216 intueatur.
2783 1161 2920 1216 Nam
2952 1179 3071 1233 quae
3102 1166 3287 1220 carnis
3323 1176 3470 1232 sunt,
3502 1168 3552 1221 si

1975 1253 2100 1322 quis
2133 1253 2399 1320 exploret,
2449 1251 2688 1308 fortasse
2728 1263 2941 1308 tantum
2983 1256 3090 1310 dici
3146 1258 3353 1328 absque
3388 1259 3552 1313 mole-

293 1354 394 1406 stia
425 1352 758 1422 cujusquam
787 1356 992 1419 potest,
1018 1363 1200 1417 parem
1260 1346 1550 1415 utriusque
1612 1344 1938 1416 dignitatem
1970 1361 2124 1409 esse,
2180 1361 2286 1414 qua
2338 1346 2718 1410 nobilitatem,
2763 1363 2870 1417 qua
2917 1349 3334 1418 ingenuitatem.
3385 1352 3452 1404 At
3503 1354 3550 1406 si

295 1459 476 1499 veram
551 1443 677 1512 quis
749 1441 918 1496 animi
992 1448 1102 1492 tam
1156 1438 1575 1507 ingenuitatem,
1625 1452 1790 1505 quam
1825 1437 2170 1490 nobilitatem
2223 1436 2506 1505 inquirat,
2554 1438 2752 1507 aequali
2801 1440 3014 1495 ratione
3078 1441 3288 1508 peccati
3359 1457 3553 1495 smnus

290 1546 522 1606 uterque
552 1535 698 1590 servi
725 1552 740 1586 :
767 1533 966 1602 aequa-Ii
997 1535 1211 1586 ratione
1250 1539 1472 1600 peccata
1504 1530 1748 1586 tollentis
1778 1528 2130 1599 indigemus;
2204 1530 2345 1583 alius
2413 1537 2516 1594 est,
2571 1531 2666 1600 qui
2719 1533 2944 1601 preprio
2990 1532 3260 1602 sanguine
3320 1547 3418 1586 nos
3483 1533 3554 1586 de

295 1639 468 1685 morte
512 1627 870 1698 peccatisque
940 1627 1228 1695 persoluto
1271 1625 1444 1693 pretio
1493 1623 1762 1688 redemit;
1834 1623 1929 1692 qui
1969 1633 2246 1679 mercatus
2278 1631 2514 1686 estnos,
2549 1639 2727 1692 neque
2758 1631 2942 1677 tamen
2985 1625 3092 1677 ulla
3136 1625 3406 1679 adversus
3437 1639 3554 1678 ein-

290 1732 410 1792 ptos
438 1721 507 1774 ab
533 1734 658 1774 sese
697 1716 957 1787 superbia
1003 1731 1138 1771 usus
1190 1721 1302 1777 est.
1344 1714 1438 1788 qui
1489 1720 1736 1766 mortuos
1798 1711 1852 1765 in
1894 1711 2060 1766 vitam
2092 1712 2417 1766 revocavit:
2457 1712 2550 1783 qui
2587 1726 2808 1767 omnem
2840 1719 2896 1767 et
2919 1713 3234 1767 animorum
3306 1721 3360 1769 et
3427 1729 3553 1768 cor-

290 1827 486 1885 porum
519 1810 854 1865 debili-tatem
888 1806 1126 1864 sanavit.

373 1904 522 1958 Ἑπεὶ
557 1899 650 1957 οὖν
677 1906 708 1957 ὁ
743 1901 865 1955 καθ’
895 1901 1052 1972 ἡμῶν
1097 1901 1262 1968 τύφος
1291 1900 1380 1953 καὶ
1409 1900 1436 1950 ὑ
1466 1900 1564 1969 τῆς
1593 1899 1877 1970 ὑπερηφα-

2048 1894 2186 1950 Cum
2227 1893 2395 1963 igitur
2425 1893 2656 1958 insignis
2685 1893 2775 1947 ille
2803 1895 3064 1950 adversus
3111 1911 3210 1952 nos
3260 1897 3452 1965 fastus,
3497 1911 3554 1958 et

292 1998 408 2060 νίας
435 1996 598 2064 ὅγκος
624 1993 822 2066 μικροῦ
843 1994 954 2046 δεῖν
982 1991 1059 2061 τῷ
1089 1993 1326 2062 οὐρανίῳ
1353 1990 1476 2060 ὕψει
1512 1990 1875 2060 στενοχωρού-

298 2104 451 2156 μενος
479 2082 568 2157 ἦν,
602 2085 735 2156 ὓλην
769 2085 825 2137 δέ
863 2100 982 2136 τινα
1013 2084 1106 2136 xui.
1140 2081 1391 2152 ἀφορμὴν
1426 2081 1564 2151 πρὸς
1590 2081 1688 2150 τὴν
1722 2082 1881 2136 νόσου

292 2179 542 2250 οὐδεμίαν
570 2177 775 2247 ἑώρων.
801 2177 924 2230 ὅθεν
947 2174 1290 2244 συγγνωστὸν
1319 2174 1525 2241 γίνεται
1551 2173 1611 2225 τὸ
1639 2171 1877 2224 τοιοῦτον

296 2271 485 2334 πάθος,
520 2270 612 2322 ἐπὶ
643 2269 752 2322 τῶν
794 2271 858 2322 ἐκ
911 2264 1287 2338 περιστάσεὼς
1323 2281 1468 2327 τινος
1511 2263 1714 2331 ταύτην
1747 2263 1878 2314 ἀναο

295 2360 679 2430 λαμϐανόντων
706 2360 805 2429 τὴν
836 2358 1008 2422 νόσον,
1039 2357 1171 2408 ὅταν
1204 2355 1237 2424 ἢ
1285 2355 1464 2422 γένος,
1506 2354 1538 2424 ἦ
1576 2353 1873 2416 παίδευσις,

298 2451 330 2520 ἢ
357 2449 680 2520 ἀξιωμάτων
705 2446 944 2518 ὑπεροχὴ
971 2446 1042 2498 τά
1075 2445 1377 2516 χαυνότερα
1403 2443 1509 2513 ἤθη
1536 2443 1874 2512 διαφυσήσῃο

295 2542 393 2592 οὐκ
430 2536 573 2609 εἶχον
606 2539 754 2601 ὅπως
790 2536 1024 2608 ἐμαυτὸν
1047 2528 1330 2606 ’ἀτρεμεῖν
1375 2533 1700 2602 νουθετήσω,
1749 2531 1880 2584 διοι-

296 2632 492 2700 δούσης
523 2648 611 2700 μοι
642 2629 778 2701 πρὸς
803 2629 899 2700 τὴν
929 2627 1150 2696 ἀλογίαν
1185 2627 1293 2679 τῶν
1325 2625 1624 2694 γινομένων
1671 2623 1879 2676 ἔνδοθεν

298 2722 394 2792 τῆς
427 2721 671 2792 καρδίας,
703 2721 798 2772 καὶ
828 2720 952 2781 τοὺς
976 2718 1121 2788 ὑπὲρ
1158 2717 1257 2786 τῆς
1283 2715 1560 2785 ὑπομονῆς
1585 2713 1879 2782 λογισμοὺς

296 2813 684 2880 διαπτυούσης.
720 2808 851 2865 Ὅτε
896 2811 991 2863 καὶ
1031 2809 1261 2878 μάλιστα
1302 2807 1392 2860 τὸν
1445 2806 1586 2859 θεῖον
1632 2804 1878 2874 ἠγάσθην

311 2901 651 2966 Ἀπόστολον,
692 2901 865 2965 οὕτως
911 2900 1154 2970 ἐναργῶς
1195 2900 1287 2952 τὸν
1335 2897 1598 2966 ἐμφύλιον
1649 2899 1706 2949 ὲν
1745 2898 1878 2964 ἡμῖν

294 2993 666 3065 διαγράφοντα
711 2992 981 3060 πόλεμον,
1031 2991 1258 3057 λέγοντα
1309 2986 1447 3042 εἷναί
1492 3006 1613 3042 τινα
1660 2989 1718 3040 ὲν
1767 2991 1879 3051 τοῖς

302 3084 487 3155 μέλεσι
527 3085 688 3153 νόμον
732 3081 1025 3152 ἁμαρτίας,
1068 3082 1159 3133 τὸν
1213 3079 1758 3150 ἀντιστρατευόμενον
1801 3077 1880 3149 τῷ

297 3176 451 3245 νόμῳ
495 3174 586 3226 τοῦ
637 3174 772 3236 νοὸς,
819 3173 911 3224 xui.
963 3171 1219 3223 ποιοῦντα
1269 3170 1528 3231 πολλάκις
1574 3169 1750 3239 ἐαυτῷ
1786 3170 1878 3222 τὸν

300 3269 424 3319 νοῦν
457 3264 794 3335 αἰχμάλωτόν
827 3281 885 3315 τε
919 3263 1013 3315 καὶ
1044 3263 1371 3332 ὑποχείριον.
1404 3260 1616 3330 Ταύτην
1658 3259 1879 3330 ἐμαυτῷ

302 3359 515 3426 βλέπων
536 3358 643 3410 τῶν
664 3357 756 3410 δύο
781 3356 1056 3426 λογισμῶν
1081 3355 1178 3426 τὴν
1199 3355 1256 3418 ἐξ
1285 3354 1528 3406 ἐναντίου
1553 3353 1877 3422 παράταξιν,

300 3450 394 3503 τοῦ
425 3468 484 3502 τε
522 3449 938 3520 χαλεπαίνοντος
968 3448 1102 3515 πρὸς
1142 3445 1238 3516 τὴν
1281 3447 1345 3498 ὲκ
1371 3445 1472 3514 τῆς
1505 3443 1880 3515 ὑπερηφανίας

303 3543 479 3612 ὓϐριν,
527 3540 746 3595 καὶτοῦ
792 3540 853 3592 τὸ
891 3536 1116 3591 διοιδοῦν
1162 3535 1646 3597 καταστὲλλοντοςο
1693 3533 1880 3604 ἐπειδὴ

300 3634 444 3687 κατὰ
467 3635 600 3687 Θεοῦ
633 3633 791 3704 χάριν
817 3634 916 3685 οὑκ
942 3631 1244 3701 ἐκράτησεν
1274 3631 1307 3700 ἡ
1335 3630 1534 3700 χείρων
1567 3629 1727 3699 ῥοπὴ,
1760 3628 1880 3680 τότε

301 3723 438 3793 πρὸς
475 3722 638 3777 αὑτὸν
668 3721 819 3776 εἷπον
853 3718 994 3787 ἐγώ·
1049 3738 1066 3769 ι
1121 3719 1211 3789 Μὴ
1259 3719 1366 3788 ἄρα
1405 3718 1457 3770 τί
1492 3735 1571 3770 σοι
1603 3717 1710 3769 τῶν
1752 3718 1882 3787 περὶ

298 3813 402 3883 τὴν
447 3811 742 3882 θεραπείαν
771 3810 864 3863 τοῦ
902 3810 1151 3880 σώματος
1195 3805 1641 3875 σπουδαζομένων
1673 3807 1738 3875 τῇ
1775 3822 1879 3856 πα-

307 3904 496 3974 ρουσίᾳ
530 3919 629 3971 μου
672 3902 991 3972 βλάπτεται,
1036 3900 1129 3952 καὶ
1174 3896 1482 3963 ὑπεξελθεῖν
1513 3897 1659 3948 ἐστιν
1699 3894 1882 3948 εὔκαι-

303 4013 430 4066 ρον;
470 4014 486 4044 ι
521 3992 628 4047 Τοῦ
654 3993 709 4046 δὲ
735 3993 979 4056 είπόντος
1022 3991 1094 4061 μὴ
1125 3990 1346 4061 χρῄζειν
1366 3989 1458 4043 τοῦ
1487 3987 1880 4057 θεραπευθῆναι

299 4089 364 4140 τὸ
403 4087 583 4158 σῶμα,
635 4083 786 4138 εἶπόν
832 4101 982 4147 τινας
1037 4083 1226 4152 λόγους
1275 4081 1697 4152 θεραπευτικοὺς
1747 4079 1883 4148 πρὸς

299 4181 486 4241 αὑτὸν,
537 4179 611 4240 ὡς
654 4173 764 4230 οἷόν
791 4195 850 4231 τε
900 4173 987 4248 ἦν.
1039 4176 1307 4229 Κάκείνου
1345 4175 1412 4227 δι’
1447 4173 1641 4242 ὀλίγων
1686 4173 1748 4225 τὸ
1791 4172 1884 4224 ἐπὶ

300 4270 521 4332 πολλοῖς
565 4268 862 4340 ἀδικήμασι
904 4268 1002 4338 τὴν
1034 4266 1154 4320 καθ’
1187 4267 1346 4337 ἡμῶν
1392 4266 1539 4337 ἔχειν
1583 4265 1758 4334 λύπην
1801 4270 1884 4318 ὲν-

301 4360 642 4429 δειξαμένου,
695 4360 866 4412 ταῦτα
909 4359 1044 4429 πρὸς
1101 4358 1261 4411 αὑτὸν
1308 4359 1690 4430 ἀπεκρινάμην
1743 4359 1880 4426 ἐγώο

307 4472 330 4502 ι
374 4453 501 4504 Ὅτι
529 4455 583 4504 ἐν
616 4450 922 4522 ἀνθρώποις
952 4449 1150 4519 πολλὴν
1181 4449 1292 4518 ἔχει
1321 4449 1548 4518 δύναμιν
1580 4450 1714 4518 πρὸς
1743 4449 1885 4502 άπά-

301 4561 406 4612 την
432 4543 493 4596 τὸ
523 4541 714 4612 ψεῦδος
733 4560 746 4573 ’
772 4542 833 4595 τὸ
857 4543 912 4595 δὲ
940 4541 1080 4594 θεῖον
1127 4543 1406 4613 κριτήριον
1435 4542 1527 4593 τὸν
1570 4542 1628 4607 ἐξ
1671 4542 1885 4612 ἀπάτης

302 4633 716 4706 παραλογισμὸν
755 4634 814 4686 ού
859 4633 1230 4702 προσδέχεται.
1275 4631 1428 4703 Ἐμοὶ
1461 4633 1518 4686 δὲ
1542 4633 1761 4685 τοσοῦτο
1794 4634 1884 4686 πέ-

302 4728 492 4781 ποιθεν
535 4729 590 4778 ὲν
625 4729 736 4789 τοῖς
769 4727 902 4795 api);
929 4725 992 4777 σὲ
1035 4726 1351 4796 πράγμασιν
1383 4728 1416 4796 ἡ
1454 4726 1774 4795 συνείδησις,
1807 4725 1882 4787 ὡς

299 4818 562 4888 εὔχεσθαι
588 4817 696 4870 τῶν
743 4816 842 4886 μὲν
874 4814 1046 4868 ἄλλων
1077 4815 1356 4885 ἁμαρτιῶν
1391 4815 1640 4883 γενέσθαι
1671 4831 1758 4884 μοι
1784 4815 1882 4883 τὴν

305 4909 691 4981 συγχώρησιν·
742 4911 790 4961 εί
838 4908 895 4959 δέ
949 4924 1000 4960 τι.
1058 4908 1198 4960 κατά
1252 4907 1344 4959 σοῦ
1404 4907 1716 4977 πέπρακταί
1769 4924 1880 4974 μοι,

299 5003 467 5055 τοῦτο
512 5005 689 5072 μεῖναι
733 5003 813 5064 εἰς
859 5001 920 5054 τί)
965 5000 1206 5069 διηνεκὲς
1248 5000 1652 5070 ἀσυγχώρητον,
1698 5018 1715 5050 )
1753 4999 1884 5066 Σχε-

302 5095 531 5157 τλιάσας
553 5093 608 5146 δὲ
635 5092 712 5162 τῷ
737 5093 898 5161 λόγῳ,
935 5093 1116 5145 οὑκέτι
1149 5091 1508 5162 προστεθῆναι
1541 5091 1638 5153 τὰς
1666 5079 1891 5143 ἀποδείέ

305 5183 422 5247 ξεις
449 5187 561 5247 τοῖς
583 5182 889 5254 εἰρημένοις
921 5182 1154 5248 ἐδέξατο.
1184 5183 1328 5251 ’Ὥρα
1355 5177 1423 5252 ἦν
1454 5181 1652 5233 πλείων
1687 5182 1719 5250 ἢ
1746 5181 1885 5233 κατά

303 5275 411 5342 τὴν
444 5275 640 5343 ἕκτηνο
671 5275 766 5327 καὶ
793 5275 853 5326 τὸ
893 5274 1112 5343 λουτρὸν
1139 5273 1431 5343 εὐπρεπὲς,
1475 5273 1568 5325 καὶ
1611 5273 1668 5324 ἐν
1710 5289 1886 5341 παρα-

307 5367 483 5434 σκευῇ
523 5366 555 5433 η
587 5363 846 5425 ἑστίασις,
878 5365 971 5416 καὶ
1007 5363 1282 5417 Σάϐϐατον
1322 5364 1354 5431 ἡ
1382 5362 1585 5432 ἡμέρα,
1616 5362 1710 5414 καὶ
1745 5379 1886 5431 μαρ-

303 5455 491 5524 τύρων
552 5455 706 5523 τιμή.
769 5456 879 5506 Καὶ
947 5453 1108 5506 πάλιν
1174 5456 1203 5506 ὁ
1256 5454 1499 5522 μαθητὴς
1551 5452 1644 5504 τοῦ
1708 5452 1884 5519 Εὑαγι

304 5545 497 5613 γελίου
527 5544 642 5606 πῶς
677 5548 923 5614 μιμεῖται
956 5547 1047 5600 τὸν
1085 5545 1178 5599 τοῦ
1215 5543 1545 5612 Εὐάγγελίου
1575 5544 1880 5612 Δεσπότηνς

305 5637 341 5687 ὁ
400 5634 498 5704 μὲν
553 5635 689 5704 μετὰ
751 5635 994 5688 τελωνῶν
1046 5637 1137 5690 καὶ
1179 5635 1516 5707 ἁμαρτωλῶν
1571 5634 1763 5688 ἐσθίων
1794 5635 1886 5688 καὶ

398 5818 419 5849 ²
451 5815 610 5877 Rom.
648 5831 744 5881 vn,
771 5815 862 5869 23.

1974 1984 2252 2053 superbia:
2285 1983 2602 2052 magnitudo
2634 1999 2824 2053 parum
2853 1986 3070 2040 abesset
3107 1988 3239 2056 quin
3271 1991 3485 2047 ccelestai
3521 2010 3556 2048 a

1977 2076 2318 2130 sublimitate
2345 2090 2454 2128 non
2488 2083 2779 2143 caperetur
2808 2093 2820 2130 :
2853 2091 3089 2147 cumque
3117 2080 3397 2134 materiem
3429 2084 3554 2137 nul-

1975 2167 2109 2232 lam,
2174 2165 2380 2218 nullam
2425 2166 2772 2221 occasionem
2822 2169 3014 2223 [inorbo
3071 2168 3199 2224 huic
3269 2171 3553 2241 praebitam

1977 2272 2284 2323 cernerem,
2313 2257 2518 2327 quibus
2540 2273 2608 2312 ex
2637 2258 2802 2314 rebus
2843 2260 2956 2314 haec
2992 2261 3158 2316 animi
3210 2266 3555 2332 perturbatio

1978 2349 2197 2404 veniam
2229 2349 2426 2404 mereri
2453 2350 2762 2415 consuevit,
2815 2351 3030 2421 quoties
3077 2353 3248 2424 aliqui
3302 2364 3558 2412 tenentur

1977 2440 2085 2494 hoc.
2121 2441 2322 2496 morbo
2348 2441 2581 2512 quadam
2609 2456 2674 2495 ex
2704 2441 3144 2509 circumstantia,
3171 2445 3430 2518 nimirum
3463 2449 3557 2502 ubi

1982 2534 2064 2588 vel
2095 2549 2288 2602 genus,
2320 2535 2404 2591 vel
2429 2533 2730 2596 institutio,
2761 2535 2844 2588 vel
2877 2529 3203 2606 dignitatum
3240 2542 3556 2608 pra’stantia

1980 2639 2162 2679 mores
2208 2624 2634 2680 leviusculorum
2677 2626 2956 2680 hominum
3005 2627 3157 2682 inﬂat
3189 2647 3207 2682 ε
3244 2631 3556 2700 nesciebam

1979 2731 2090 2786 quo
2117 2726 2274 2787 pacto
2303 2717 2570 2786 meipsum
2600 2718 2893 2782 erudirem,
2945 2719 3021 2772 uti
3055 2729 3256 2775 memet
3304 2723 3559 2776 contine-

1982 2822 2094 2861 rem
2122 2824 2136 2871 ;
2166 2806 2312 2876 quod
2330 2807 2548 2863 animus
2580 2807 2714 2864 mihi
2739 2809 2809 2862 ob
2835 2809 3184 2864 insolentiam
3219 2826 3408 2869 eorum
3436 2827 3560 2882 qua:

1982 2898 2314 2962 acciderent,
2370 2898 2603 2953 interius
2655 2898 3065 2967 intumesceret,
3099 2910 3154 2955 et
3193 2902 3556 2972 cogitationes

1980 3004 2174 3045 omnes
2199 2989 2266 3043 de
2305 2989 2596 3043 tolerantia
2632 2998 2934 3059 respueret.
2969 2993 3148 3062 Atque
3181 2995 3282 3049 hoc
3303 3002 3558 3064 tempore

1981 3082 2066 3135 vel
2110 3081 2346 3152 maxime
2389 3081 2637 3135 divinum
2685 3083 2836 3136 illum
2881 3082 3206 3152 Apostolum
3250 3086 3554 3144 admiratus

1984 3187 2127 3236 sum,
2157 3172 2248 3241 qui
2281 3181 2391 3225 tam
2432 3172 2634 3226 illustri
2678 3173 2889 3228 ratione
2920 3174 3122 3229 bellum
3154 3175 3296 3229 intra
3339 3192 3442 3231 nos
3467 3178 3554 3232 ci-

1907 3244 1950 3301 C
1984 3266 2088 3320 vile
2119 3263 2447 3334 depinxerit,
2468 3279 2593 3318 cum
2618 3265 2696 3318 ait
2728 3279 2852 3320 esse
2881 3266 3177 3335 quamdam
3207 3268 3259 3321 in
3291 3269 3554 3324 membris

1989 3355 2195 3409 nostris
2235 3355 2407 3424 legem
2440 3356 2674 3426 peccati,
2709 3357 2867 3426 quasi
2898 3360 3084 3428 copias
3113 3374 3246 3414 suas
3291 3361 3560 3429 objicien-

1983 3452 2092 3499 tem
2122 3445 2226 3516 legi
2259 3446 2478 3512 mentis,
2503 3447 2814 3516 smpiusque
2843 3457 3079 3503 mentem
3130 3449 3234 3506 sibi
3286 3451 3556 3518 captivam

1990 3535 2334 3600 reddentem,
2379 3553 2444 3591 ac
2483 3553 2640 3592 suam
2678 3539 2732 3592 in
2781 3547 3100 3608 potestatein
3150 3541 3485 3611 redigentem
3511 3543 3555 3598 '.

1985 3626 2317 3696 Hujusmodi
2344 3644 2470 3682 cum
2497 3630 2553 3684 in
2580 3646 2667 3685 me
2693 3630 2926 3686 duarum
2967 3634 3363 3702 cogitationum
3412 3636 3560 3689 velut

1985 3718 2313 3772 instructam
2347 3720 2609 3788 utrinque
2661 3737 2728 3776 ex
2761 3723 2992 3778 adverso
3029 3725 3200 3780 aciem
3250 3741 3554 3790 cernerem,

1985 3823 2217 3877 quarum
2251 3810 2422 3863 altera
2454 3812 2692 3880 graviter
2721 3813 2885 3867 ferret
2919 3815 3065 3866 illam
3088 3830 3118 3868 a
3143 3816 3396 3884 superbia
3432 3833 3559 3886 pro-

1989 3899 2190 3954 fectam
2223 3903 2477 3970 injuriam
2502 3942 2518 3963 ,
2554 3904 2726 3956 altera
2765 3903 2816 3956 id
2849 3905 2995 3973 quod
3026 3905 3357 3960 intumuerat
3393 3922 3560 3976 paca-

1987 4001 2072 4047 ret
2101 4011 2114 4046 :
2151 4003 2508 4063 posteaquam
2545 3994 2639 4049 Dei
2673 3995 2942 4049 bencticio
2973 3997 3204 4050 victoria
3246 4013 3355 4051 non
3383 4000 3558 4067 potie-

1985 4081 2148 4135 batur
2179 4081 2232 4134 id
2265 4083 2410 4151 quod
2445 4086 2499 4136 in
2543 4083 2699 4152 pejus
2735 4094 3014 4139 momento
3065 4101 3167 4140 suo
3217 4086 3556 4156 impellebat,

1987 4180 2100 4225 tum
2136 4172 2352 4226 deinum
2382 4175 2470 4228 sic
2497 4190 2623 4228 cum
2655 4175 2962 4244 compello:
3002 4175 3140 4229 Num
3169 4177 3302 4246 quid
3339 4193 3554 4245 eorum,

1986 4278 2107 4332 qua:
2143 4264 2208 4316 ad
2234 4263 2486 4332 corporis
2517 4263 2594 4316 tui
2619 4279 2810 4318 curam
2849 4266 3141 4333 pertinent,
3199 4276 3427 4338 propter
3461 4271 3560 4324 ad-

1985 4365 2205 4408 velzluul
2244 4370 2423 4407 meum
2463 4354 2736 4408 omittitur
2786 4369 2911 4408 cum
2970 4357 3323 4413 incommodo
3349 4369 3464 4427 tuo,
3500 4373 3560 4418 ut

1989 4461 2089 4498 nos
2117 4445 2266 4499 exire
2300 4445 2374 4500 sit
2401 4446 2814 4514 opportunum?
2840 4445 2921 4499 Ad
2970 4463 3093 4518 quae
3136 4464 3260 4502 cum
3293 4451 3548 4519 dixisset,

1991 4553 2098 4589 non
2147 4553 2270 4591 esse
2330 4537 2433 4590 sibi
2483 4551 2623 4605 opus
2670 4538 2961 4592 curatione
3012 4540 3283 4608 corporis,
3346 4545 3559 4613 subjeci

1991 4628 2156 4683 verba
2211 4629 2484 4696 quaedam,
2528 4629 2728 4697 quibus
2778 4645 2980 4700 aegrum
3039 4631 3276 4690 hominis
3311 4635 3559 4691 animum

1986 4736 2086 4790 pro
2116 4719 2263 4774 virili
2297 4735 2567 4775 curarem.
2615 4720 2867 4791 Cumque
2911 4724 3102 4792 paucis
3157 4726 3250 4781 ille
3299 4743 3359 4783 se
3396 4729 3557 4785 nobis

1986 4811 2154 4866 irasci
2186 4821 2410 4881 propter
2439 4813 2638 4868 multas
2673 4813 2906 4881 injurias
2941 4816 3290 4881 ostendisset,
3323 4834 3555 4887 respon-

1987 4905 2042 4958 di
2065 4919 2199 4974 ego:
2242 4924 2258 4954 ς
2289 4903 2633 4959 Mendacium
2666 4905 2809 4959 inter
2844 4905 3094 4961 homines
3120 4906 3188 4960 ad
3213 4907 3462 4964 fraudem
3490 4926 3556 4967 ac

1990 4996 2365 5066 deeeptionem
2415 4998 2524 5050 vim
2576 4997 2778 5052 habere
2833 5013 3230 5067 permagnam;
3285 5016 3470 5056 verum
3501 5006 3559 5058 in

1989 5087 2082 5141 Dei
2116 5087 2328 5156 judicio
2372 5103 2485 5142 non
2537 5103 2702 5158 posse
2752 5087 2965 5144 fraudis
3020 5089 3316 5147 falsitatem
3377 5095 3557 5150 locum

1992 5179 2216 5232 habere.
2300 5177 2432 5234 Meae
2496 5195 2630 5234 vero
2689 5181 3043 5235 conscientiae
3113 5189 3266 5236 tanta
3331 5196 3417 5240 est
3501 5187 3558 5241 in

2006 5270 2091 5325 his
2161 5270 2431 5325 adversus
2497 5278 2550 5324 te
2611 5271 2844 5341 negotiis
2895 5271 3244 5339 confidentia,
3312 5285 3372 5330 ut
3427 5293 3558 5332 exo-

1987 5372 2129 5431 ptem
2155 5363 2388 5416 aliorum
2423 5363 2648 5431 quidem
2679 5364 2814 5417 mihi
2837 5363 3160 5419 delictorum
3197 5367 3410 5422 veniam
3427 5384 3560 5425 con-

1991 5457 2222 5524 tingere,
2255 5465 2310 5509 at
2338 5456 2383 5510 si
2414 5456 2544 5525 quid
2566 5465 2756 5512 contra
2778 5466 2833 5512 te
2862 5461 3132 5524 commisi,
3155 5463 3258 5518 hoc
3285 5473 3342 5518 ut
3365 5464 3417 5518 in
3441 5481 3560 5534 per-

1991 5557 2210 5615 petuum
2234 5561 2342 5600 non
2366 5548 2733 5601 condonatum
2764 5558 2996 5604 maneat.
3015 5569 3032 5601 ι
3072 5550 3222 5606 Hanc
3250 5553 3339 5608 ille
3355 5557 3558 5608 oratio—

1991 5652 2116 5692 nem
2153 5651 2276 5691 cum
2303 5636 2543 5706 graviter
2563 5637 2901 5710 molesteque
2925 5641 3159 5709 tulisset,
3191 5657 3300 5697 non
3329 5643 3559 5712 amplius
