4092 6368
539 407 676 464 1007

1779 395 1834 461 s.
1881 393 2205 449 cnsconu
2259 393 2551 451 stsm

3660 404 3802 461 1098

538 529 665 584 addi
726 525 793 581 ad
847 540 910 579 ea
973 539 1093 594 qua:
1150 525 1409 576 dixissem
1445 514 1798 588 probationes
1845 513 2089 585 quasdan

2220 516 2406 581 πίνων,
2439 517 2755 585 ἀπελογεῖτο
2795 521 2904 582 τοῖς
2940 520 3312 583 ὀνειδίζουσιν,
3365 520 3442 585 ὼς
3484 521 3628 576 κατὰ
3678 524 3797 595 cpt}:

541 635 737 691 passus
760 625 866 674 est.
900 614 1063 670 Sexta
1093 613 1202 681 jam
1226 612 1359 666 hora
1384 612 1741 682 prmterierat,
1769 615 1823 662 et
1854 607 2107 662 balneum

538 714 817 781 eleganter
849 711 1175 762 instructum
1204 711 1343 766 erat,
1384 713 1440 757 et
1468 702 1835 772 apparabatur
1863 698 2107 766 epulum,

535 812 592 856 et
619 803 735 871 ipsa
759 801 877 854 dies
900 799 1196 852 Sabbatnm
1227 804 1367 857 erat.
1393 803 1449 848 οι
1465 801 1768 864 martyrum
1793 789 2107 847 celebratio.

539 890 664 945 llaec
694 903 914 944 rursum
940 885 1074 940 mihi
1101 886 1245 949 vide,
1274 900 1385 956 quo
1408 894 1569 955 pacto
1596 885 1904 955 discipulus
1934 883 2112 936 Evan-

510 979 660 1049 gelii
692 978 980 1032 Dominum
1007 975 1287 1046 Evangelii
1319 977 1585 1034 imitetur.
1617 976 1751 1031 Nam
1775 976 1865 1030 hic.
1887 976 2107 1045 quidem

516 1086 659 1131 cum
688 1068 995 1139 publicanis
1021 1082 1086 1121 ac
1114 1068 1498 1138 peccatoribus
1524 1068 1839 1131 comedens,
1871 1068 1952 1121 sic
1986 1083 2109 1122 sese

535 1161 799 1231 purgabat
837 1158 905 1213 ad
942 1160 1088 1225 illos,
1123 1160 1219 1230 qui
1254 1161 1356 1215 hoc
1402 1160 1451 1214 ei
1502 1161 1622 1214 loco
1665 1160 1850 1230 probri
1897 1159 2106 1229 objice-

532 1258 690 1312 rent,
734 1255 794 1303 ut
837 1248 1044 1303 diceret
1100 1248 1154 1302 id
1196 1263 1257 1304 se
1298 1264 1363 1303 ex
1416 1249 1650 1316 benigno
1695 1249 1932 1316 quodam
1976 1264 2106 1319 erga

533 1340 787 1393 homines
817 1338 999 1392 studio
1039 1339 1240 1395 facere.
1277 1338 1341 1391 At
1372 1339 1461 1393 ille
1492 1338 1688 1408 piaculi
1720 1341 1841 1393 loco
1868 1339 2020 1393 ducit
2053 1350 2107 1393 et

533 1432 931 1501 inquinamenti
968 1430 1230 1485 adhibere
1273 1446 1375 1488 nos
1408 1445 1610 1486 mensa:
1642 1446 1756 1485 sua-
1794 1440 1919 1500 post
1951 1431 2105 1486 defa-

530 1526 846 1596 tigationem
894 1524 1042 1578 illam
1099 1533 1276 1576 ortam
1317 1539 1381 1579 ex
1440 1522 1684 1578 itinere:
1727 1532 1849 1593 post
1893 1532 2102 1577 tantum

528 1624 761 1677 aestum,
817 1616 871 1669 in
925 1631 1038 1683 quo
1088 1614 1394 1670 assidentes
1438 1615 1611 1685 ipsius
1641 1613 1707 1668 ad
1746 1615 1952 1669 ostium
2000 1615 2103 1669 sub

529 1708 622 1763 dio
643 1707 986 1762 torrebaumr
1020 1724 1033 1759 :
1067 1705 1425 1775 posttristem
1470 1706 1615 1759 illam
1644 1705 2102 1767 taciturnitatem,

528 1814 693 1868 quam
726 1798 934 1866 experti
962 1811 1206 1857 eramus,
1244 1805 1599 1865 posteaquam
1652 1795 1705 1848 in
1747 1804 2100 1865 conspectum

2215 608 2533 680 ανθρωπίαν
2597 608 2758 663 τοῦτο
2807 609 2998 663 ποιῶν.
3073 612 3132 665 '0
3187 613 3245 666 δὲ
3289 612 3422 680 ἄγος
3477 615 3654 685 κρίνει
3702 617 3794 671 καὶ

2218 701 2464 771 μίασμα,
2522 703 2622 772 τήν
2676 703 2770 757 ἐπὶ
2817 704 3097 776 τραπέζης
3153 705 3460 772 κοινωνίαν,
3516 708 3654 776 μετά
3703 708 3795 762 τὸν

2214 793 2381 846 κόπον
2430 795 2671 863 ἐκεῖνον,
2720 795 2780 849 δν
2829 797 2894 848 ἐκ
2946 795 3046 865 τῆς
3101 796 3408 868 ὁδοιπορίας
3458 798 3791 869 ὑπέστημεν·

2215 884 2353 954 μετά
2394 884 2456 938 τὸ
2512 885 2716 951 θάλπος
2758 887 2819 940 τὸ
2860 886 3129 952 τοσοῦτον,
3177 889 3235 940 ὲν
3268 880 3313 957 ᾧ
3364 889 3638 961 ὑπαίθριοι
3674 894 3797 953 ταῖς

2213 975 2406 1047 θύραις
2437 977 2602 1031 αὐτοῦ
2637 976 3137 1050 προσκαθεζόμενοι
3169 978 3626 1051 κατεφρύγημεν·
3655 982 3795 1051 μετά

2210 1067 2310 1136 τὴν
2344 1067 2671 1141 σκυθρωπὴν
2713 1070 2929 1140 ἐκείνην
2959 1072 3278 1140 κατήφειαν,
3308 1072 3376 1142 ἢν
3410 1073 3467 1125 ὲν
3492 1072 3794 1142 ὀφθαλμοῖς

2210 1160 2371 1212 αὐτοῦ
2405 1160 2686 1229 γεγονότες
2730 1161 3058 1231 ἀνέτλημεν·
3081 1162 3172 1214 καὶ
3206 1162 3592 1233 ἀποπέμπεται
3642 1167 3794 1234 ἡμᾶς

2209 1250 2370 1303 πάλιν
2419 1252 2511 1304 ἐπὶ
2556 1252 2615 1305 τὸ
2658 1252 2789 1306 αὺτὸ
2831 1253 3126 1324 διάστημα,
3171 1254 3257 1308 διὰ
3299 1256 3399 1325 τῆς
3440 1256 3611 1326 αὐτῆς
3642 1258 3790 1320 ὁδοῦ,

2206 1342 2688 1412 ταλαιπωροῐντας
2751 1345 2809 1396 ὲν
2842 1344 3178 1399 ἐκλελοιπότι
3222 1346 3322 1416 ἤδη
3354 1347 3448 1400 καὶ
3476 1365 3793 1402 καταπεπο-

2204 1432 2423 1502 νημένῳ
2469 1433 2547 1504 τῷ
2599 1434 2842 1503 σώματι·
2896 1435 3036 1488 ὥστε
3066 1437 3217 1507 μόλις
3254 1438 3402 1508 ἡμᾶς
3445 1440 3572 1509 περὶ
3610 1440 3791 1511 δείλην

2205 1523 2364 1592 ὀψίαν
2393 1523 2560 1577 πολλά
2586 1525 2672 1577 διὰ
2712 1528 2879 1595 μέσου
2929 1526 3426 1598 κακοπαθήσαντας
3460 1530 3791 1583 καταλαϐεῖν

2203 1614 2301 1684 τὴν
2323 1615 2588 1668 συνοδίαν.
2616 1617 2724 1669 Καὶ
2751 1616 2858 1689 γάρ
2888 1634 2941 1670 τι
2973 1619 3067 1671 καὶ
3087 1618 3244 1686 νέφος
3271 1621 3334 1673 ὲκ
3359 1620 3618 1684 λαίλαπος
3644 1622 3792 1675 κατά

2202 1702 2264 1754 τὸ
2298 1702 2490 1774 ἁθρόον
2515 1705 2573 1756 ἐν
2602 1704 2680 1774 τῷ
2714 1705 2836 1776 ἀέρι
2866 1707 3175 1776 γενόμενον,
3223 1708 3404 1761 αὐτῶν
3428 1710 3539 1763 τῶν
3577 1711 3790 1782 μυελῶν

2205 1796 2351 1864 ἡμᾶς
2381 1795 2564 1869 λάϐρῳ
2594 1797 2671 1867 τῷ
2706 1797 2897 1868 ὄμϐρῳ
2926 1798 3199 1856 καθίκετο.
3246 1802 3645 1873 ’Δπαράσκευοι
3676 1805 3788 1875 γὰρ

525 1893 649 1962 ejus
682 1905 1027 1947 veneramus.
1055 1888 1326 1944 Nimirum
1360 1904 1460 1944 nos
1491 1904 1685 1945 rursus
1705 1888 1772 1943 ad
1808 1888 1948 1943 idem
1975 1904 2089 1958 spa-

2203 1880 2343 1956 ἦμεν
2374 1887 2459 1939 διὰ
2485 1888 2545 1939 τὸ
2586 1888 2920 1957 ὑπερϐάλλον
2955 1888 3177 1953 θάλπος,
3216 1891 3291 1954 ὡς
3331 1872 3469 1963 πρὸς
3498 1892 3654 1945 ὑετοῦ
3682 1872 3787 1960 (pu-

525 1984 664 2037 tium
708 1982 1072 2038 emetiendum
1123 1979 1385 2043 dimittit,
1427 1990 1484 2033 ut
1540 1995 1637 2050 per
1680 1979 1924 2035 eamdem
1957 1979 2097 2031 viam

527 2082 743 2128 nosmet
788 2071 1177 2141 allligeremus,
1208 2086 1442 2140 corpore
1473 2071 1585 2139 jam
1614 2069 1829 2125 defecto
1860 2078 1913 2124 et
1944 2069 2096 2122 labo-

527 2166 684 2222 ribus
730 2174 1028 2219 macerato.
1067 2163 1187 2228 Quo
1233 2163 1470 2222 factum.
1523 2170 1582 2216 ut
1628 2163 1717 2215 vix
1765 2161 1869 2215 sub
1911 2175 2096 2213 serum

523 2258 727 2312 multas
753 2254 936 2315 medio
964 2256 1018 2310 in
1056 2255 1249 2310 itinere
1280 2253 1524 2324 perpessi
1565 2267 1841 2306 :ernmnas
1866 2251 2096 2306 comites

525 2357 747 2404 nostros
783 2362 1228 2417 assequcremur.
1277 2344 1408 2399 Nam
1445 2355 1498 2398 et
1532 2346 1707 2398 nubes
1741 2342 1991 2412 quasdam
2025 2358 2090 2396 ex

524 2440 740 2493 turbine
768 2438 952 2492 subito
980 2438 1034 2492 in
1066 2452 1193 2492 aere
1214 2445 1357 2501 orta,
1382 2435 1607 2505 copioso
1637 2434 1811 2488 imbre
1839 2433 1906 2487 ad
1945 2434 2095 2503 ipsas

523 2543 698 2599 usque
736 2528 1005 2585 medullas
1052 2535 1275 2583 nostras
1309 2528 1648 2597 penetrabat.
1690 2524 1904 2579 Etenim
1940 2534 2095 2595 tegn-

522 2621 724 2676 mentis
747 2619 818 2674 ob
848 2620 1126 2690 ingentem
1158 2626 1350 2674 aestum
1397 2618 1656 2672 instructi
1704 2632 1810 2670 non
1850 2631 2090 2681 eramus,

522 2705 584 2764 ni
634 2712 901 2767 adversus
959 2711 1200 2781 pluviam
1248 2719 1466 2765 nosmet
1515 2710 1732 2763 munire
1783 2722 2090 2777 possemus.

520 2802 1004 2858 Yerumenimvcro
1072 2816 1167 2872 per
1222 2800 1317 2855 Dei
1372 2802 1605 2871 gratiam
1657 2801 1814 2869 quasi
1886 2799 1978 2868 qui
2026 2814 2090 2853 ex

2200 1975 2390 2046 λακήν.
2435 1977 2580 2047 Πλὴν
2608 1977 2743 2031 ἀλλά
2776 1980 2918 2033 κατὰ
2959 1980 3095 2033 Θεοῦ
3124 1981 3305 2052 χάριν,
3338 1982 3413 2045 ὡς
3440 1984 3489 2036 οί
3521 1983 3629 2036 ἀπὸ
3655 1984 3787 2037 κλύ-

2198 2067 2364 2127 δωνος
2407 2066 2439 2136 ἢ
2490 2067 2747 2135 ναυαγίου
2796 2070 3213 2139 περισωθέντες,
3260 2070 3486 2139 ἄσμενοι
3524 2071 3622 2142 τὴν
3657 2089 3787 2126 συν·-

2198 2157 2346 2210 οδίαν
2396 2156 2556 2227 ἡμῶν
2604 2158 3009 2229 κατελάϐομενο
3049 2160 3143 2213 καὶ
3192 2160 3641 2232 ἀναπαυσάμενοι
3681 2163 3784 2233 τὴν

2197 2248 2368 2301 νύκτα
2420 2248 2555 2319 μετὰ
2605 2249 2874 2320 ἀλλήλων,
2910 2250 3109 2315 ζῶντες
3154 2252 3316 2322 μέχρι
3358 2252 3468 2305 τῶν
3497 2254 3783 2324 ἡμετέρων

2197 2339 2534 2411 διεσώθημεν
2595 2343 2778 2395 τόπων
2805 2358 2819 2372 ·
2880 2342 3036 2397 τοῦτο
3103 2344 3501 2415 προσλαϐόντες
3557 2347 3622 2398 ὲκ
3681 2347 3783 2414 τῆς

2204 2433 2515 2501 συντυχίας,
2553 2433 2633 2485 ὅτι
2681 2434 2897 2487 πάντων
2932 2435 3040 2488 τῶν
3079 2437 3342 2507 πρότερον
3391 2438 3710 2506 γεγονότων,
3743 2440 3779 2507 ἡ

2201 2522 2429 2590 ἔναγχος
2459 2523 2725 2593 γενομένη
2758 2523 2879 2575 καθ’
2914 2525 3071 2594 ήμῶν
3097 2525 3255 2597 ὕϐρις
3286 2526 3382 2598 τὴν
3436 2529 3658 2598 μνήμην
3687 2529 3782 2580 ἀν-

2197 2611 2480 2664 ενεώσατο.
2518 2614 2629 2667 Καί
2670 2633 2750 2669 τοι
2791 2616 3214 2686 ἀναγκαζόμεθα
3265 2617 3448 2672 λοιπὸν
3497 2620 3592 2672 καὶ
3636 2620 3781 2690 ὑπὲρ

2191 2699 2352 2768 ήμῶν
2394 2700 2780 2771 βουλεῦσασθαι
2801 2720 2814 2733 ⁸
2855 2704 3054 2775 μᾶλλον
3079 2705 3135 2758 δὲ
3181 2706 3321 2776 ὑπὲρ
3352 2706 3515 2760 αὐτοῦ
3544 2708 3775 2761 ἐκείνου.

2195 2789 2268 2840 Τὸ
2294 2790 2403 2860 γὰρ
2436 2792 2509 2862 μὴ
2534 2794 2875 2858 ἀνακοπῆναι
2912 2795 3009 2864 τὴν
3035 2794 3201 2848 αὑτοῦ
3225 2797 3542 2867 προαίρεσιν
3573 2798 3633 2849 ὲν
3662 2802 3778 2862 τοῖς

516 2903 842 2965 tempestate
888 2896 974 2950 vel
1018 2893 1309 2965 naufragio
1365 2893 1501 2950 salvi
1557 2899 1883 2955 evaserunt,
1923 2891 1995 2943 ita
2039 2897 2089 2944 et

2194 2881 2458 2953 πρότερον
2497 2885 2899 2954 γεγενημένοις.
2946 2888 3024 2950 εἰς
3053 2887 3257 2958 ταύτην
3279 2888 3444 2942 αὑτὸν
3482 2890 3655 2960 ήγαγε
3677 2890 3775 2943 τοῦ

518 2988 623 3057 ipsi
675 2987 906 3041 comites
958 2996 1184 3044 nostros
1229 3002 1426 3056 magna
1485 3000 1610 3038 cum
1665 2984 1851 3038 Iretitia
1900 2998 2089 3038 sumus

2192 2972 2363 3041 τύφου
2397 2974 2498 3046 τὴν
2532 2976 2815 3047 ἀμετρίαν.
2858 2978 3066 3030 Οὐκοῦν
3095 2979 3171 3042 ὡς
3212 2980 3277 3032 ἂν
3306 2981 3558 3045 κάκεῖνος
3578 2982 3775 3036 ἑαυτοῦ

518 3077 779 3133 assecuti.
820 3076 1069 3147 Cumque
1110 3092 1208 3147 per
1255 3085 1472 3131 noctem
1509 3076 1947 3145 quievissemus,
1981 3071 2089 3125 vivi

2193 3063 2401 3130 γένοιτο
2436 3064 2718 3135 κρείττων,
2751 3067 2887 3135 τάχα
2927 3084 2978 3119 τι
3019 3063 3284 3139 προσήκει
3319 3072 3411 3123 καὶ
3460 3072 3590 3142 παρ’
3615 3072 3774 3143 ἡμῶν

450 3152 453 3155 ’
514 3181 569 3226 et
599 3171 905 3231 incolumes
953 3186 1059 3223 una
1098 3184 1224 3223 cum
1252 3167 1375 3222 aliis
1408 3166 1475 3220 ad
1514 3176 1703 3221 nostra
1754 3179 1927 3233 usque
1969 3162 2087 3216 loca

2194 3155 2466 3222 γενέσθαι,
2511 3155 2587 3219 ὡς
2616 3156 2682 3209 ἂν
2714 3158 2860 3228 μάθῃ
2905 3159 3191 3229 ἄνθρωπος
3237 3161 3334 3227 ὣν,
3374 3163 3465 3215 καὶ
3516 3163 3775 3233 οὐδεμίαν
3851 3159 3861 3166 ’

518 3262 890 3330 pervenimus,
940 3261 1044 3317 hoc
1077 3268 1275 3330 printer
1314 3260 1418 3313 alia
1470 3258 1755 3313 consecuti
1796 3255 1936 3311 forte
1977 3254 2088 3309 l’or-

515 3361 673 3417 tuna,
708 3350 855 3421 quod
898 3364 1087 3404 eorum
1125 3348 1368 3405 omnium
1401 3363 1522 3417 quae
1562 3347 1718 3416 prius
1746 3343 2084 3406 acciderunt,

514 3422 632 3496 lucc
663 3441 931 3499 adversus
962 3455 1063 3494 nos
1096 3439 1152 3493 in
1188 3439 1295 3494 hoc
1336 3446 1580 3506 tempore
1609 3436 1847 3492 exercita
1885 3435 2087 3504 injuria

512 3533 835 3587 memoriam
869 3532 1172 3597 renovarit.
1199 3529 1462 3598 Adeoque
1491 3528 1795 3583 necessitas
1836 3526 1955 3604 ipsa
1986 3539 2087 3578 nos

508 3624 681 3694 cogit,
711 3632 772 3677 ut
805 3623 860 3678 in
893 3632 1172 3691 posterum
1203 3628 1260 3675 et
1292 3622 1396 3689 ipsi
1436 3627 1624 3672 nostra
1664 3631 1832 3672 causa
1866 3615 2083 3671 consilii

511 3714 794 3785 quidpiam
870 3713 1197 3783 capiamus,
1261 3712 1344 3767 vel
1423 3711 1606 3781 potius
1670 3710 1819 3765 illius
1910 3708 2087 3777 ipsius

517 3819 706 3858 causa.
750 3801 886 3856 Nam
933 3800 1079 3871 quod
1120 3800 1242 3870 ejus
1293 3800 1606 3853 institutum
1674 3799 1727 3852 in
1775 3799 1913 3862 illis,
1962 3812 2087 3866 qua:

511 3888 765 3945 accidere
809 3888 1004 3959 prius,
1058 3888 1378 3958 impeditum
1431 3903 1537 3943 non
1587 3887 1786 3950 fuerit,
1844 3887 1896 3941 id
1955 3901 2086 3941 vero

514 3984 790 4039 hominem
840 3992 951 4037 tam
1008 3981 1363 4036 immodicum
1436 3981 1501 4034 ad
1552 3979 1755 4034 fastum
1816 3979 2084 4048 provexit.

508 4076 877 4142 Quamobrem
935 4082 996 4129 ut
1060 4074 1243 4144 seipso
1306 4073 1564 4128 reddatur
1636 4072 1868 4135 melior,
1947 4086 2084 4126 eon-

507 4168 661 4243 venit
701 4167 887 4222 forsan
916 4180 948 4221 a
996 4166 1158 4221 nobis
1194 4180 1413 4236 quoque
1457 4165 1703 4221 nonnihil
1745 4164 1988 4233 suscipi,
2025 4172 2087 4220 ut

511 4271 573 4313 se
618 4257 893 4311 hominem
927 4271 1052 4311 esse
1081 4256 1300 4319 discat,
1367 4257 1466 4326 qui
1539 4256 1744 4310 nullam
1818 4255 2088 4310 adversus

507 4348 684 4402 eidem
739 4347 986 4401 addictos
1017 4348 1298 4402 sententiae
1318 4387 1332 4410 ,
1364 4347 1738 4417 dignitateque
1769 4362 1960 4415 pares,
1998 4347 2082 4400 vel

510 4437 725 4507 injuria:
776 4438 862 4492 vel
906 4437 1219 4508 ignominiaa
1281 4446 1610 4507 potestatem
1671 4436 1889 4491 habeat.
1941 4434 2082 4490 Ecce

2194 3248 2336 3301 κατὰ
2379 3247 2488 3300 τῶν
2528 3250 2843 3319 ὁμοφρὸνων
2881 3269 2940 3304 τε
2986 3253 3079 3306 καὶ
3133 3254 3412 3324 ὁμοτίμων
3455 3254 3663 3325 ὕϐρεώς
3709 3274 3770 3310 τε

2191 3340 2286 3392 καὶ
2315 3339 2539 3408 ἀτιμίας
2578 3340 2679 3411 τὴν
2725 3342 3007 3396 αὐθεντίαν
3052 3344 3210 3415 ἔχων.
3260 3346 3392 3399 Ἰδοὺ
3426 3347 3534 3418 γὰρ
3575 3347 3770 3416 ἀληθὲς

2190 3426 2328 3482 εἶναι
2356 3429 2606 3496 δεδόσθω,
2630 3432 2793 3502 (λέγω
2826 3434 2948 3488 καθ’
2976 3436 3254 3500 ὑπόθεσιν)
3279 3439 3608 3508 γεγενῆσθαι
3638 3438 3769 3508 παρ’

2190 3519 2325 3589 ἐμοῦ
2365 3538 2418 3573 τι
2460 3520 2703 3594 λυπηρὸν
2742 3524 2862 3578 κατ’
2893 3526 3100 3578 ἐκείνου
3126 3544 3139 3557 ·
3176 3530 3326 3579 ποῖον
3372 3529 3602 3597 συνέστη
3639 3528 3765 3581 καθ’

2188 3610 2343 3679 ήμῶν
2371 3611 2464 3665 ἐπὶ
2503 3616 2617 3676 τοῖς
2664 3615 2990 3685 γινομένοις,
3036 3616 3068 3686 ῆ
3112 3616 3529 3687 ὑπονοουμένοις
3573 3622 3768 3689 κριτή-

2192 3718 2337 3770 ριον;
2382 3703 2478 3766 Τίς
2523 3704 2798 3770 ἀπόδειξις
2838 3706 2936 3775 τὴν
2988 3706 3201 3759 ἀδικίαν
3253 3698 3557 3776 ἀπήλεγξές
3611 3710 3769 3772 Τίνες

2190 3792 2413 3855 κανόνες
2471 3794 2593 3847 καθ’
2645 3795 2805 3865 ήμῶν
2853 3796 3298 3864 ἀνεγνώσθησανς
3355 3798 3490 3851 Ποία
3548 3799 3766 3868 ἔννομος

2188 3884 2489 3938 ἐπισκόπου
2510 3886 2784 3955 ἀπόφασις
2809 3887 2907 3958 τὴν
2927 3888 3048 3942 καθ’
3072 3889 3228 3959 ἡμῶν
3247 3890 3426 3961 κρίσιν
3453 3891 3729 3961 ἐκύρωσεν
3747 3908 3763 3956 ;

2186 3977 2249 4029 El
2287 3975 2347 4029 δέ
2374 3993 2428 4030 τι
2470 3978 2563 4030 καὶ
2609 3979 2851 4047 ἐγεγόνει
2896 3979 3102 4031 τούτων
3144 3981 3404 4050 ἐννόμως,
3452 3982 3668 4045 πάντως
3696 3983 3766 4035 ἂν

2186 4067 2315 4138 περὶ
2342 4067 2434 4119 τὸν
2473 4066 2680 4137 βαθμὸν
2709 4070 2737 4121 ὁ
2761 4068 3006 4132 κίνδυνος
3039 4065 3126 4139 ἦν.
3179 4071 3375 4142 Ὕϐριν
3402 4071 3459 4124 δὲ
3498 4072 3635 4125 κατά
3654 4072 3768 4125 τῶν

2184 4158 2507 4230 ἐλευθέρων,
2550 4161 2644 4212 καῖ¹
2695 4160 2917 4231 ἀτιμίαν
2960 4163 3101 4214 κατά
3147 4163 3255 4215 τῶν
3285 4164 3583 4234 ὁμοτίμων,
3620 4166 3763 4216 ποῖοι

2182 4251 2410 4316 κανόνες
2466 4251 2863 4323 ἐνομοθέτησαν
2896 4271 2909 4318 ;
2944 4256 3131 4325 Κρῖμα
3175 4255 3381 4310 δίκαιον
3429 4256 3670 4325 κρίνατε,
3710 4257 3764 4307 oi

2184 4343 2320 4414 πρὸς
2351 4342 2483 4396 Θεὸν
2510 4343 2764 4413 ὁρῶντες,
2795 4346 2853 4397 ὲν
2881 4345 2987 4397 τίνι
3025 4346 3370 4412 συγγνωστὸν
3409 4346 3626 4415 ⁴ἡγεῖσθε
3662 4349 3764 4417 τὴν

2184 4434 2305 4486 καθ’
2327 4433 2482 4503 ἡμῶν
2503 4434 2725 4502 ἀτιμίαν
2747 4450 2760 4496 ;
2786 4434 2847 4487 El
2874 4435 3012 4488 κατά
3028 4435 3125 4506 τὴν
3149 4435 3444 4506 ἱερωσύνην
3467 4436 3526 4489 τὸ
3545 4436 3763 4504 ἀξίωμα

506 4529 691 4593 enim,
733 4542 923 4595 verum
967 4543 1089 4583 esse
1122 4528 1419 4598 largiamur
1451 4528 1667 4597 (dicam
1714 4527 1934 4597 quidem
1979 4526 2081 4581 sub

2192 4524 2441 4593 κρίνοιτο,
2468 4523 2556 4593 ἴση
2589 4524 2738 4594 παρά
2768 4523 2987 4577 συνόδου
3015 4525 3110 4577 καὶ
3152 4525 3251 4595 μία
3276 4525 3495 4592 γέγονεν
3520 4526 3763 4594 ἀμφοτέ-

506 4619 853 4689 eonditione)
886 4618 1235 4689 designatum
1272 4635 1304 4675 a
1346 4635 1433 4675 me
1460 4618 1719 4689 quiddam
1750 4634 1895 4685 esse,
1930 4617 2077 4688 quod

506 4718 653 4765 esset
684 4709 786 4780 ipsi
811 4710 1086 4779 ingratum
1114 4709 1509 4779 molestumque
1538 4728 1550 4764 :
1577 4710 1852 4779 quodnam
1882 4709 2076 4763 adrer-

506 4814 626 4855 snm
672 4814 774 4854 nos
815 4799 887 4854 ob
929 4814 994 4854 ea
1027 4813 1146 4869 qua-
1202 4800 1288 4854 vel
1337 4798 1484 4853 facta
1526 4808 1677 4865 sunt,
1711 4799 1792 4854 vel
1828 4814 1889 4853 ex
1941 4813 2076 4853 con-

500 4888 731 4959 jecturis
763 4890 1017 4952 collecta,
1047 4889 1318 4959 judicium
1341 4900 1426 4945 est
1446 4891 1759 4946 institutum
1785 4890 1808 4942 ?
1839 4904 1961 4959 quae
1996 4890 2075 4945 rei

505 4976 756 5046 probatio
786 4977 854 5033 de
897 4977 1048 5031 illata
1090 4978 1293 5047 injuria
1330 4992 1429 5033 nos
1464 4978 1875 5045 convicit?Qui
1908 4993 2078 5033 cano-

507 5084 606 5124 nes
635 5069 903 5126 adversus
933 5085 1036 5127 nos
1081 5070 1385 5140 producti?
1424 5069 1688 5137 Quianam
1736 5071 1976 5141 legitime
2009 5070 2078 5125 ab

504 5162 767 5230 episeopo
797 5162 1081 5216 enuntiata
1112 5162 1277 5218 verba
1348 5162 1677 5224 sententiam
1729 5171 1925 5229 contra
1975 5178 2076 5217 nos

505 5247 668 5300 latam
696 5251 1122 5319 approbaruut?
1151 5251 1306 5318 Quod
1334 5251 1380 5306 si
1412 5252 1543 5321 quid
1572 5252 1847 5321 ejusmodi
1895 5254 2074 5306 maxi~

503 5352 593 5391 me
635 5334 836 5392 factum
871 5349 975 5403 est,
1015 5344 1304 5411 etquidem
1334 5344 1610 5414 legitime:
1638 5345 1866 5398 omnino
1890 5353 2071 5399 tamen

505 5425 563 5480 in
595 5427 777 5498 aliquo
809 5431 1002 5485 saltem
1055 5434 1229 5503 gradu
1284 5444 1403 5489 erat
1435 5435 1761 5504 perieulum.
1808 5435 1877 5488 At
1915 5445 2071 5505 pctu-

493 5515 731 5595 ‘lantiam
753 5519 1019 5576 adversus
1044 5524 1309 5593 ingenuos
1335 5524 1603 5589 Immines,
1626 5536 1678 5579 et
1707 5526 2067 5596 ignominiam

503 5606 772 5665 adversus
802 5610 1070 5682 dignitate
1114 5630 1295 5685 pares,
1330 5616 1552 5685 quinam
1589 5633 1775 5686 quaeso
1825 5633 2068 5673 canones

504 5715 745 5770 unquam
774 5706 1245 5771 comprobarunt?
1271 5704 1523 5761 Judicate
1559 5707 1767 5776 justum
1795 5709 2065 5776 judicium

502 5805 601 5847 vos
624 5794 714 5863 qui
745 5791 912 5849 Deum
960 5795 1250 5865 respicitis,
1298 5799 1657 5866 quamobrem
1705 5799 1847 5853 hanc
1907 5800 2066 5854 nobis

2185 4633 2292 4685 ρων
2336 4613 2492 4683 ἡμῶν
2543 4616 2577 4683 ἡ
2636 4615 2926 4685 προνομία,
2963 4614 3163 4684 μᾶλλον
3214 4615 3271 4667 δὲ
3324 4617 3611 4686 ήφροντὶς
3658 4616 3762 4683 τῆς

2182 4706 2287 4759 τῶν
2319 4706 2511 4759 κοινῶν
2540 4704 2895 4775 διορθώσεως,
2938 4708 2997 4759 ὲν
3024 4706 3103 4776 τῷ
3130 4707 3192 4759 τὸ
3238 4706 3350 4760 ἴσον
3395 4707 3560 4777 ἔχειν.
3596 4708 3659 4761 El
3700 4705 3761 4759 δέ

2179 4816 2320 4861 τινες
2349 4799 2494 4868 ἡμᾶς
2522 4799 2759 4867 γυμνοὺς
2784 4798 2879 4851 τοῦ
2908 4798 3049 4852 κατὰ
3071 4797 3169 4868 τὴν
3194 4797 3493 4870 ίερωσύνην
3521 4797 3761 4868 ἀξιώμα·

2179 4906 2270 4951 τος
2296 4890 2380 4956 ἐφ’
2427 4890 2653 4952 ἑαυτοὺς
2696 4887 2962 4959 βλέποιεν,
2999 4888 3052 4941 τί
3079 4888 3172 4941 τοῦ
3214 4889 3402 4958 ἐτέρου
3433 4888 3614 4942 πλεῖον
3645 4887 3759 4957 ἔχει

2177 4980 2205 5030 ὁ
2233 4978 2448 5049 ἓτερος;
2480 4976 2668 5045 γένος;
2719 4977 3039 5040 παίδευσινς
3085 4977 3397 5048 ἐλευθερίαν
3444 4979 3580 5048 πρὸς
3632 4979 3757 5040 τοὺς

2176 5068 2431 5138 ἀρίστους
2455 5085 2515 5120 τε
2545 5069 2638 5121 καὶ
2664 5068 2980 5139 εὐδοκίμους
3005 5086 3019 5134 ;
3044 5069 3279 5138 γνῶσινς
3310 5071 3495 5123 Ταῦτα
3523 5072 3554 5140 ἢ
3585 5072 3642 5123 ὲν
3678 5070 3758 5140 τῷ

2178 5160 2276 5230 ἴσῳ
2318 5160 2411 5213 καὶ
2458 5161 2587 5231 παρ’
2615 5161 2744 5231 ἡμῖν
2790 5160 2934 5213 ἔστιν
2974 5161 3173 5232 εὑρεῖν,
3213 5160 3245 5231 ἢ
3295 5161 3510 5225 πάντως
3542 5163 3641 5213 οὐκ
3680 5160 3755 5212 ἐν’

2174 5251 2444 5304 ἐλάσσονι.
2482 5250 2643 5304 Ἀλλὰ
2692 5252 2918 5305 πλοῦτον
2946 5253 3125 5322 λέγεις
3170 5254 3260 5321 Μὴ
3287 5254 3500 5321 γένοιτο
3539 5255 3619 5315 είς
3659 5254 3757 5305 ἀν⁴

2180 5343 2356 5413 ἀγκην
2401 5342 2594 5407 ἐλθεῖν,
2627 5343 2795 5395 ταῦτα
2826 5342 2952 5412 περὶ
2993 5342 3157 5395 αὑτοῦ
3183 5341 3541 5414 διηγήσασθαι
3570 5342 3602 5412 ἢ
3628 5357 3757 5394 τοτ-

2179 5432 2335 5484 οὗτον
2380 5433 2540 5503 ἀρκεῖ
2581 5432 2741 5503 μόνον
2775 5433 2969 5495 εἰπεῖν,
2995 5432 3118 5494 ὅσος
3143 5427 3211 5502 ἦν
3246 5432 3308 5484 τὸ
3334 5432 3633 5503 καταρχὰς,
3662 5432 3759 5485 καὶ

2179 5523 2274 5577 νῦν
2300 5526 2422 5588 ὅσος
2466 5525 2701 5593 ἐγένετο,
2730 5526 2823 5577 καὶ
2849 5524 3169 5578 καταλιπεῖν
3201 5525 3381 5589 ἄλλοις
3420 5525 3759 5595 ἀναζητῆσαι

2177 5615 2275 5685 τῆς
2312 5615 2591 5683 αὐξήσεως
2635 5613 2727 5667 τοῦ
2761 5613 2989 5666 πλούτου
3020 5615 3117 5678 τὰς
3142 5615 3416 5685 ἀφορμὰς,
3466 5615 3560 5667 τοῦ
3595 5616 3757 5685 μέχρι

2177 5704 2268 5758 τοῦ
2300 5705 2565 5775 παρόντος
2595 5704 2688 5756 καὶ
2730 5703 2849 5755 καθ’
2894 5704 3129 5774 ἑκάστην
3167 5704 3363 5776 μικροῦ
3406 5706 3514 5758 δεῖν
3545 5706 3757 5776 ἡμέραν

2176 5796 2265 5850 διὰ
2296 5795 2402 5847 τῶν
2434 5794 2613 5847 καλῶν
2660 5795 3110 5866 ἐπιτηδευμάτων
3149 5798 3519 5867 αὐξανομένου
3559 5813 3618 5850 τε
3662 5805 3758 5857 καὶ
