4092 6368
356 361 376 414 1
387 359 492 416 009

1568 377 1927 463 EP'STOLAE
1975 412 2041 419 —
2070 380 2286 436 EPIST.
2327 384 2388 438 ll.

3470 401 3609 458 lOlD

353 492 709 576 τρεφομενου.
738 479 832 542 Τίς
875 476 967 536 οὖν
1007 485 1102 554 τῆς
1133 486 1251 539 καθ’
1284 489 1429 558 ἡμᾶς
1463 490 1670 562 ὕϐρεως
1700 496 1731 566 ὴ
1778 497 1928 562 ἐξου-

2035 494 2240 548 illatam
2274 498 2659 552 contumeliam
2693 502 2887 556 mereri
2920 505 3135 558 veniam
3169 506 3418 576 putetis?
3446 510 3604 576 Quod

351 566 464 668 σία,
495 569 543 620 εί
577 570 714 668 μήτε
746 571 932 668 γένους
975 577 1236 649 ὑπεροχὴ,
1273 582 1410 650 μήτε
1440 582 1746 654 ἀξιώματος
1777 607 1931 660 περι·

352 662 602 750 (λιυόινεισι,Δ
633 663 765 731 μήτε
813 662 1042 735 δύναμις
1100 671 1512 740 ὑπερϐάλλουσα
1561 676 1741 746 λόγῳ,
1803 682 1930 750 μήτ’

350 745 640 813 εὐεργεσία
671 765 752 812 τις
784 752 1200 822 προῦπὰρξασας
1235 757 1397 814 ὁπότε,
1431 760 1522 812 καὶ
1556 763 1603 814 εί
1638 745 1815 818 ταῦτα
1836 745 1925 836 ἦν,

353 838 445 886 καὶ
476 833 648 899 οὕτως
676 838 740 890 ἂν
767 840 828 892 τὸ
857 842 997 895 κατὰ
1025 843 1122 914 τὴν
1161 845 1316 916 ὓϐριν
1347 849 1442 901 ἐπὶ
1465 851 1574 903 τῶν
1604 833 1922 925 ἐλευθερῶν,

354 924 756 992 ἁσύγγνωστον.
805 932 1046 1001 Μηδενὸς
1092 935 1147 987 δὲ
1195 937 1399 992 τούτων
1428 940 1598 1005 ὄντος,
1633 944 1732 996 οὐκ
1773 924 1926 1017 οἶμαι

355 1014 531 1077 καλῶς
562 1015 833 1089 ἔχεινοτὴν
867 1023 1134 1094 τοσαύτην
1159 1025 1253 1078 τοῦ
1287 1027 1457 1097 τύφου
1485 1031 1636 1084 νόσον
1671 1014 1931 1100 περιϊδεῖν

354 1103 744 1174 ἀθεράπευτον.
798 1113 1072 1180 Θεραπεία
1127 1114 1183 1166 δέ
1240 1115 1352 1169 ἐστι
1399 1118 1460 1172 τὸ
1510 1120 1782 1175 ἐπικλῖναι
1833 1123 1930 1195 τὴν

355 1195 749 1265 ὑπερηφανίαν,
778 1201 870 1252 καὶ
902 1203 1193 1258 διαστεῖλαι
1221 1206 1310 1261 τὸν
1343 1208 1586 1263 διάκενον
1620 1213 1806 1281 ὄγκον,
1841 1235 1931 1288 μι-

2035 585 2080 639 si
2110 601 2176 640 ex
2211 587 2521 643 sacerdotio
2569 589 2807 659 dignitas
2837 596 3158 650 aestimanda
3202 602 3368 660 venit,
3419 617 3517 670 par
3547 612 3602 655 et

2035 676 2178 730 idem
2210 692 2239 729 a
2273 678 2494 748 Synodo
2517 694 2844 736 concessum
2870 686 3089 756 utrique
3117 691 3465 760 privilegium
3495 705 3602 759 est,

2032 770 2112 822 vel
2146 771 2326 838 potius
2355 787 2485 825 cura
2523 775 2930 831 emendationis
2968 781 3220 847 publicas,
3263 784 3427 854 idque
3453 786 3504 840 in
3535 802 3602 838 eo

2029 864 2174 930 quod
2199 862 2323 930 jure
2351 866 2469 932 pari
2501 866 2786 935 essejussi
2834 885 3050 924 smnus.
3083 873 3238 938 Quod
3283 875 3330 930 si
3363 878 3456 945 qui
3503 894 3604 932 nos

2028 961 2182 1006 extra
2225 954 2528 1009 sacerdotii
2575 959 2922 1027 dignitatem,
2980 980 3234 1019 seorsum
3273 970 3602 1036 quemlibet,

2030 1044 2233 1098 intueri
2271 1045 2461 1109 velint,
2517 1049 2649 1117 quid
2702 1053 2940 1121 amplius
2981 1055 3123 1110 alter
3167 1057 3327 1113 habet
3385 1059 3607 1114 allero‘P

2028 1147 2222 1201 genus.
2271 1135 2715 1202 institutionem,
2758 1141 3152 1212 ingenuitatem
3215 1148 3473 1201 collatam
3535 1151 3602 1204 ad

2029 1225 2515 1292 praestantissimos
2559 1238 2612 1282 et
2643 1232 2826 1287 claros
2875 1250 3116 1306 quoque,
3169 1239 3452 1293 scientiam
3480 1241 3503 1292 ’ἶ
3531 1241 3604 1293 Ea

355 1287 486 1356 κρὸν
515 1289 957 1356 διαπνευσθὲντος
986 1296 1078 1348 τοῦ
1109 1299 1248 1352 κατὰ
1273 1301 1364 1354 τὸν
1392 1302 1559 1371 τύφον
1589 1308 1925 1377 φυσήματος.

357 1317 485 1396 ἳιςῖυν
515 1317 957 1396 υιιέῗιῖδυσιῖεντος
986 1317 1078 1396 τοι)
1109 1317 1248 1396 κατα
1273 1317 1364 1396 τον
1392 1320 1559 1396 τ-υφον
1589 1317 1925 1377 φυσήματος.
2028 1329 2156 1369 vero
2188 1317 2270 1370 vel
2308 1320 2458 1387 paria
2489 1323 2713 1390 reperiri
2738 1336 2972 1393 possunt
2997 1328 3051 1381 in
3083 1330 3262 1392 nobis,
3297 1333 3377 1384 vel
3409 1333 3601 1386 saltem

385 1381 542 1442 υπως
574 1380 618 1432 δ’
648 1381 712 1432 ἂν
744 1382 950 1449 γένοιτο
981 1385 1158 1450 τοῦτο,
1190 1390 1308 1461 Θεῷ
1347 1393 1588 1464 μελήσει.

465 1411 541 1486 ξυθ
574 1411 712 1489 ‘_‘_‘"
752 1411 950 1489 ἶξνυξῖυ
981 1411 1158 1450 τουτο»
1190 1411 1308 1461 υεῳ
1347 1411 1588 1464 μελησει-
1705 1421 1713 1426 “
2035 1423 2142 1462 ιιοη
2183 1411 2413 1464 n'Iiuora.
2449 1411 2704 1468 Fortasse
2743 1415 2809 1470 de
2833 1417 3040 1472 divitiis
3077 1420 3269 1475 dicet?
3303 1419 3479 1474 Nolim
3512 1441 3596 1478 me

357 1477 499 1574 εξξεί,
539 1483 594 1528 ιιι
624 1477 735 1574 lli-PC
767 1477 834 1532 de
871 1479 1458 1548 iPSO'30mﬂlelllorcm-
1492 1487 1604 1542 Huc
1673 1492 1836 1547 mntlo
1900 1494 2082 1553 dicere
2129 1501 2386 1563 sulliciat,
2459 1513 2681 1572 quantae
2737 1506 2941 1561 fuerint
2995 1510 3101 1564 illa:
3179 1512 3359 1574 initio,
3411 1477 3588 1570 lautas

353 1569 518 1616 etiam
557 1567 891 1670 nobis-nunc
923 1586 1085 1626 esse:
1131 1585 1392 1642 przeterea
1433 1593 1536 1633 nos
1579 1581 1780 1648 quibus
1821 1588 2211 1645 occasionibus
2241 1607 2334 1646 eas
2403 1609 2542 1662 opes
2605 1597 3146 1664 amplitieaverimus,
3213 1564 3358 1670 quas
3412 1603 3595 1656 hacte-

357 1672 462 1763 nus
485 1670 536 1712 et
563 1661 783 1763 quidem
832 1676 997 1732 prope
1027 1667 1270 1734 quotidie
1301 1672 1585 1738 praeclaris
1641 1678 1935 1736 conatibus
1970 1672 2234 1753 augemus
2293 1691 2564 1756 quasique
2595 1689 2818 1753 alimus,
2851 1692 2973 1746 aliis
3019 1661 3442 1763 perquireodum
3508 1716 3591 1752 re-

358 1751 634 1853 linquere.
674 1753 981 1840 Quamnam
1029 1759 1196 1828 igitur
1234 1761 1326 1815 ille
1384 1771 1710 1833 potestatem
1756 1768 1921 1824 habet
1965 1751 2264 1828 inferenda!
2313 1751 2497 1830 ‘nobi-s
2531 1777 2766 1847 injuriae,
2803 1751 2847 1834 si
2882 1751 3034 1835 rutila
3073 1751 3186 1836 lucc
3219 1783 3434 1853 generis

357 1849 694 1945 praestantia,
725 1864 902 1918 neque
935 1852 1218 1934 dignitatis
1256 1857 1535 1926 splendor,
1577 1876 1756 1929 neque
1797 1864 1993 1918 eximia
2035 1867 2255 1923 dicendi
2297 1869 2398 1932 vis,
2433 1887 2611 1939 neque
2664 1872 3033 1928 beneﬁcentia
3097 1849 3249 1943 prius
3308 1891 3435 1945 erga
3503 1892 3590 1930 me

354 1936 669 1992 declarata?
700 1941 1141 2014 quandoquidem
1198 1949 1414 2003 etiamsi
1449 1951 1562 2005 htec
1595 1963 1804 2015 essent,
1875 1956 2236 2016 nihilominus
2285 1936 2594 2016 'condonari
2661 1979 2768 2017 non
2831 1964 2991 2019 debet
3039 1936 3278 2020 exercita
3329 1936 3589 2020 adversus

357 2033 606 2088 homines
659 2035 933 2104 ingenuos
999 2040 1319 2107 petulantia.
1373 2040 1575 2098 Verum
1616 2061 1757 2110 cum
1821 2048 1960 2102 nihil
2018 2051 2213 2105 borum
2265 2053 2375 2116 sit,
2427 2070 2534 2107 non
2577 2056 2816 2110 arbitror
2870 2066 3014 2112 recte
3057 2073 3159 2113 nos
3206 2057 3483 2121 facturos,
3539 2058 3584 2113 si

356 2131 564 2178 tantum
627 2127 806 2181 fastus
877 2130 1127 2183 morbum
1183 2133 1494 2187 incuratum
1550 2137 1907 2208 negligamus.
1947 2139 2136 2210 Neque
2168 2158 2298 2196 vero
2363 2145 2467 2198 alia
2505 2155 2684 2215 potest
2709 2162 2830 2201 esse
2880 2147 3116 2212 curatio,
3162 2163 3323 2217 quam
3393 2149 3439 2202 si
3494 2148 3590 2203 de-

349 2215 622 2306 primatur
671 2219 958 2306 superbia,
1004 2227 1058 2272 et
1120 2221 1298 2274 inanis
1353 2223 1444 2275 ille
1498 2222 1674 2278 fastus
1723 2235 2065 2292 coerceatur,
2122 2229 2404 2286 inﬂatione
2450 2241 2558 2286 tam
2634 2234 2775 2302 elata
2818 2235 3071 2289 nonnihil
3122 2215 3458 2306 eat—spirante.
3523 2236 3595 2293 Ut

353 2311 531 2358 autem
570 2304 620 2358 id
655 2305 766 2369 ﬁat,
789 2307 896 2363 Deo
917 2311 1307 2379 permit-timus,
1330 2313 1421 2366 cui
1453 2313 1592 2368 hanc
1615 2331 1731 2370 rem
1763 2331 1912 2372 cura:
1947 2319 2191 2374 futuram
2229 2337 2338 2376 non
2375 2323 2718 2380 dubitamus.

918 2647 1204 2702 ΕΠΙΣΤοΛ
1213 2651 1257 2702 Η
1289 2651 1360 2705 B'.

2606 2654 2937 2710 EPISTOLA
2979 2656 3044 2710 ΙΙ.

777 2802 1119 2872 Reprehendit
1157 2806 1355 2860 abusus
1391 2818 1515 2860 tunc
1548 2810 1801 2878 temporis
1835 2811 1890 2863 in
1927 2811 2437 2881 peregrinationibus
2460 2811 2527 2864 ad
2557 2811 2672 2866 loca
2707 2824 2895 2866 sancta
2926 2812 3126 2866 obvios.

549 2961 686 3029 Περὶ
712 2960 831 3015 τῶν
873 2962 1172 3016 ἀπιόντων
1201 2966 1287 3029 είς
1324 2965 1729 3035 Ἰεροσόλυμα.

2294 2969 2371 3022 De
2410 2969 2476 3022 iis
2516 2969 2607 3038 qui
2651 2968 2846 3022 adeunt
2874 2966 3210 3038 Jerosolyma
3236 2967 3313 3038 (-l)
3339 3009 3351 3022 .

436 3054 765 3124 Ἐπειδήπερ
795 3052 1084 3124 ἠρώτησας
1104 3096 1117 3116 ,
1161 3048 1206 3108 ὧ
1235 3057 1377 3126 φίλε,
1418 3056 1506 3110 διὰ
1545 3058 1639 3110 τοῦ
1671 3059 1930 3128 γράμμα-

354 3163 463 3207 τος,
500 3145 731 3215 πρέπειν
757 3144 942 3215 ᾠήθην
986 3146 1112 3215 περὶ
1161 3146 1377 3200 πάντων
1408 3165 1489 3200 σοι
1534 3147 1765 3217 καθεξῆς
1799 3149 1932 3202 ἀπο-

355 3235 663 3306 κρίνασθαι.
727 3235 867 3303 Ἐγὼ
897 3237 1023 3300 τοὺς
1059 3236 1204 3303 ἅπαξ
1242 3239 1653 3301 ἀνατεθεικότας
1706 3241 1931 3302 ἑαυτοὺς

352 3330 418 3396 τῇ
453 3326 630 3396 ὑψηλῇ
674 3327 937 3398 πολιτείᾳ,
977 3327 1156 3392 καλῶς
1186 3327 1330 3398 ἔχειν
1356 3331 1498 3399 φημὶ
1543 3330 1676 3400 πρὸς
1707 3331 1804 3393 τὰς
1835 3329 1928 3382 τοῦ

353 3418 683 3485 Εὑαγγελίου
713 3418 798 3471 διὰ
822 3418 1018 3482 παντὸς
1047 3419 1373 3473 ἀποϐλέπειν
1394 3421 1573 3488 φωνάς
1590 3438 1604 3452 ο
1631 3421 1725 3474 καὶ
1743 3419 1930 3490 ῶσπερ

353 3513 401 3565 οἱ
428 3510 506 3580 τῷ
533 3511 716 3564 κανόνι
741 3510 800 3562 τὸ
829 3511 1184 3582 ὑποκείμενον
1216 3511 1628 3576 ἅπευθύνοντες,
1662 3512 1802 3565 κατὰ
1833 3514 1931 3582 τὴν

355 3601 448 3652 ἐπὶ
475 3601 569 3654 τοῦ
599 3601 818 3663 κανόνος
869 3601 1078 3654 εὐθεῖαν
1122 3601 1191 3656 τὰ
1217 3601 1407 3655 σκολιὰ
1450 3603 1520 3656 τὰ
1541 3604 1598 3654 ἐν
1629 3603 1815 3674 χερσὶν
1853 3605 1933 3665 εἰς

353 3692 623 3761 εὐθύτητα
695 3693 1148 3762 μεταϐάλλουσιν·
1211 3692 1382 3755 οὕτως
1421 3696 1716 3764 προσήκειν
1765 3692 1931 3764 ἠγοῦ-

358 3799 455 3851 μαι
493 3776 604 3834 οἷόν
662 3799 784 3834 τινα
813 3782 1012 3834 κανόνα
1063 3781 1221 3851 ὀρθὸν
1271 3781 1365 3834 καὶ
1413 3781 1791 3850 ἀδιάστροφον,
1835 3781 1933 3850 τὴν

355 3869 714 3940 εὖαγγελικὴν
745 3869 888 3936 λέγω
919 3869 983 3940 δὴ
1027 3869 1323 3932 πολιτείαν,
1357 3869 1567 3934 τούτοις
1615 3869 1933 3923 ἐπιϐάλλον-

353 3979 473 4025 τας,
505 3961 624 4014 κατ’
652 3961 866 4032 ἐκείνην
897 3960 1032 4031 πρὸς
1055 3962 1145 4014 τὸν
1167 3961 1298 4014 Θεὸν
1322 3960 1739 4016 ἀπευθύνεσθαι.
1781 3961 1933 4012 Ἐπεὶ

355 4053 532 4105 τοίνυν
563 4052 668 4104 εἰσί
695 4068 839 4115 τινες
872 4051 980 4104 τῶν
1009 4051 1099 4104 τὸν
1145 4053 1352 4122 μονήρη
1388 4052 1482 4104 καὶ
1523 4051 1790 4114 ἰδιάζοντα
1821 4050 1933 4120 βίον

359 4144 806 4216 ἐπανῃρημένων,
853 4137 934 4206 οἷς
963 4145 1018 4196 ἐν
1049 4143 1202 4214 μέρει
1235 4142 1514 4206 εὐσεϐείας
1533 4143 1842 4212 νενόμισται
1872 4140 1935 4193 τὸ

357 4238 480 4299 τοὺς
518 4238 575 4288 ἐν
607 4235 999 4304 Ἰεροσολύμοις
1049 4234 1246 4297 τόπους
1297 4234 1443 4296 ίδεῖν,
1482 4236 1538 4287 ἐν
1566 4229 1646 4297 οἷς
1678 4233 1746 4286 τὰ
1791 4233 1929 4304 σύμ-

2106 3057 2243 3122 Quia
2298 3074 2384 3111 nte
2430 3057 2657 3126 rogasti,
2705 3057 2903 3120 amice,
2957 3071 3053 3124 per
3104 3055 3417 3126 epistolam,
3469 3056 3604 3111 mihi

2033 3148 2228 3202 ordine
2264 3147 2331 3200 de
2360 3147 2619 3200 omnibus
2656 3145 2754 3200 tibi
2792 3144 3232 3214 respondendum
3267 3145 3598 3199 existimavi.

2034 3241 2299 3310 Equidem
2343 3241 2438 3310 qui
2476 3241 2645 3295 semel
2682 3255 2743 3295 se
2782 3239 2964 3293 altiori
3008 3237 3224 3293 vivendi
3276 3240 3473 3292 rationi
3507 3240 3603 3292 de-

2033 3331 2310 3393 dicarunt,
2341 3346 2465 3383 cum
2497 3328 2577 3384 eis
2605 3327 2982 3398 praeclareagi
3010 3343 3232 3388 censeo.
3264 3327 3310 3382 si
3344 3336 3604 3398 perpetuo

2034 3420 2100 3474 ad
2141 3418 2416 3488 Evangelii
2466 3434 2629 3472 voces
2661 3417 3020 3481 inducantur,
3065 3430 3131 3470 ac
3175 3424 3458 3485 tanquam,
3502 3417 3600 3486 qui

2033 3511 2223 3580 regula
2276 3509 2538 3579 quidquid
2595 3509 2935 3580 prepositum
3001 3515 3087 3562 est
3147 3507 3429 3576 dirigunt,
3481 3507 3602 3576 ejus

2033 3601 2387 3667 rectitudine,
2435 3611 2681 3656 tortuosa
2717 3615 2840 3671 qua:
2882 3600 2936 3653 in
2974 3599 3230 3654 manibus
3263 3598 3486 3658 habent.
3535 3599 3602 3651 ad

2033 3694 2420 3749 rectitudinem
2451 3692 2735 3746 adducunt
2769 3709 2783 3748 :
2813 3693 2887 3744 ita
2917 3689 3212 3745 convenire
3253 3690 3514 3749 arbitror,
3545 3700 3604 3742 ut

2030 3786 2200 3840 veluti
2234 3785 2531 3855 quamdam
2564 3785 2804 3855 regulam
2853 3792 3057 3838 rectam
3089 3790 3142 3834 et
3180 3781 3600 3842 immutabilem,

2030 3879 2402 3948 evangelieam
2443 3879 2568 3932 dico
2608 3878 2876 3946 politiam,
2922 3876 3008 3929 his
3038 3875 3414 3935 admoventes,
3445 3871 3601 3940 juxta

2033 3969 2181 4021 illam
2220 3967 2286 4021 ad
2317 3968 2485 4021 Deum
2519 3967 2840 4036 dirigantur.
2883 3965 3020 4019 Cum
3064 3966 3248 4032 itaque
3285 3965 3394 4018 sint
3430 3963 3598 4031 aliqui

2032 4075 2098 4115 ex
2128 4060 2196 4115 iis
2225 4059 2319 4130 qui
2356 4059 2658 4114 solitariam
2701 4067 2755 4111 et
2795 4057 3067 4126 privatam
3120 4056 3286 4108 vitam
3326 4054 3430 4108 sibi
3465 4053 3610 4106 dele-

2033 4161 2253 4224 gerunt,
2289 4153 2384 4222 qui
2436 4153 2489 4204 iu
2526 4159 2681 4220 parte
2733 4149 2954 4218 pietatis
3003 4158 3209 4216 ponant
3246 4145 3604 4214 Jerosolymi-

2033 4251 2160 4299 tana
2203 4243 2326 4298 loca
2371 4243 2600 4309 vidisse,
2649 4242 2702 4294 in
2753 4240 2958 4310 quibus
3001 4239 3202 4292 indicia
3258 4237 3472 4292 Domini
3508 4237 3604 4290 ad-

359 4325 488 4379 ϐολα
523 4328 619 4394 τῆς
670 4326 758 4378 διὰ
789 4324 988 4394 σαρκὸς
1026 4323 1317 4394 ἐπιδημίας
1341 4322 1435 4376 τοῦ
1474 4323 1677 4393 Κυρίου
1717 4325 1929 4393 ὁρᾶται,

2039 4341 2235 4388 ventus
2267 4347 2364 4402 per
2405 4346 2627 4385 carnem
2655 4329 3097 4398 conspiciuntur,
3128 4329 3387 4396 praeclare
3420 4341 3479 4381 se
3516 4342 3604 4380 res

358 4415 537 4477 καλῶς
564 4415 629 4468 ἂν
657 4415 771 4486 ἔχοι
800 4416 935 4486 πρὸς
954 4415 1044 4468 τὸν
1071 4415 1271 4468 κανόνα
1297 4413 1513 4484 βλέπειν
1537 4430 1549 4442 '
1581 4415 1671 4467 καὶ
1697 4416 1934 4468 εἰσταῦτα

360 4507 605 4578 βούλεται
634 4510 666 4578 ἡ
696 4507 847 4577 παρά
873 4507 981 4560 τῶν
1022 4507 1251 4560 ἐντολῶν
1283 4507 1636 4577 χειραγωγία,
1679 4511 1850 4560 ποιεῖν
1878 4509 1936 4561 τὸ

357 4598 537 4668 ἔργον,
584 4598 658 4660 ὡς
701 4598 1031 4670 πρόσταγμα
1066 4599 1294 4670 Κυρίου.
1337 4601 1398 4652 Εἰ
1445 4599 1498 4652 δὲ
1549 4599 1652 4665 ἔξω
1685 4601 1799 4653 ἐστὶ
1827 4601 1935 4653 τῶν

357 4689 585 4744 ἐντολῶν
602 4690 698 4744 τοῦ
723 4691 1015 4756 Δεσπότου,
1041 4693 1138 4745 οὐκ
1152 4688 1269 4746 οἶδα
1289 4692 1341 4745 τί
1363 4696 1477 4746 ἐστι
1494 4694 1554 4746 τὸ
1575 4693 1929 4764 διατεταγμέ-

357 4802 445 4838 νον
470 4802 522 4836 τι
552 4783 726 4838 θέλειν
774 4788 947 4838 ποιεῖν
1006 4785 1166 4839 αὑτὸν
1206 4787 1400 4839 ἐαυτοῦ
1440 4786 1535 4838 τοῦ
1574 4786 1739 4839 καλοῦ
1770 4788 1930 4856 νόμον

357 4875 658 4945 γινόμενον.
688 4877 862 4930 Ὅπου
891 4878 1276 4948 προσκαλεῖται
1297 4878 1429 4947 πρὸς
1451 4879 1548 4948 τὴν
1572 4878 1930 4949 κληρονομίαν

357 4966 453 5036 τῆς
490 4966 765 5036 βασιλείας
793 4968 900 5022 τῶν
929 4968 1172 5038 οὐρανῶν
1203 4970 1231 5022 ὁ
1253 4969 1451 5040 Κύριος
1481 4971 1604 5032 τοὺς
1626 4969 1928 5039 εὐλογημέ-

356 5073 502 5121 νους,
531 5057 592 5110 τὸ
618 5058 872 5111 ἀπελθεῖν
916 5061 996 5122 είς
1041 5059 1384 5130 Ἰεροσόλυμα
1430 5061 1486 5112 ἐν
1515 5063 1626 5122 τοῖς
1652 5058 1929 5129 κατορθώ-

360 5166 525 5218 μασιν
553 5150 653 5203 οὐκ
681 5150 1090 5220 ἀπηρίθμησεν
1121 5151 1252 5204 ὅπου
1286 5151 1377 5203 τὸν
1408 5149 1756 5220 μακαρισμὸν
1777 5150 1928 5217 διαγ-

357 5242 558 5310 γέλλει,
597 5241 696 5314 τὴν
744 5242 998 5311 τοιαύτην
1045 5241 1279 5314 σπουδὴν
1315 5243 1377 5295 οὐ
1413 5241 1751 5312 περιέλαϐεν.
1778 5244 1843 5295 Ὃ
1874 5242 1930 5295 δὲ

362 5333 501 5402 μήτε
530 5334 797 5406 μακάριον
827 5337 988 5398 ποιεῖ,
1017 5335 1153 5405 μήτε
1184 5333 1319 5406 πρὸς
1348 5333 1447 5405 τὴν
1480 5333 1753 5404 βασιλείαν
1779 5332 1931 5388 εὔθε-

357 5440 472 5486 τον,
503 5424 624 5477 ἀντὶ
655 5425 800 5488 τίνος
833 5426 1208 5490 σπουδάζεται,
1246 5427 1274 5478 ὁ
1309 5425 1432 5478 νοῦν
1469 5425 1605 5494 ἔχων
1634 5424 1931 5493 ἐπισκεψά-

362 5514 492 5568 σθω.
549 5515 658 5569 Καὶ
699 5518 748 5568 εί
783 5517 881 5586 μέν
915 5517 1191 5586 ἐπωφελές
1221 5513 1288 5588 ἦν
1319 5517 1379 5569 τὸ
1409 5517 1709 5586 γινόμενον,
1737 5516 1835 5568 οὐκ
1861 5510 1928 5584 ἦν

357 5605 480 5658 οὐδὲ
505 5606 675 5670 οὕτως
710 5607 869 5661 καλὸν
923 5608 1071 5679 παρὰ
1113 5609 1221 5661 τῶν
1260 5608 1476 5662 τελείων
1509 5605 1923 5670 σπουδάζεσθαι.

2036 4425 2276 4487 habebit,
2315 4425 2362 4479 si
2406 4423 2471 4477 ad
2515 4422 2757 4492 regulam
2790 4423 2963 4490 ipsam
3007 4421 3389 4491 respiciamus,
3440 4417 3604 4487 idque

2033 4515 2079 4570 si
2134 4515 2262 4568 velit
2312 4526 2708 4584 praeceptorum
2754 4511 2974 4576 ductus,
3033 4518 3092 4564 ut
3144 4523 3283 4578 opus
3335 4505 3604 4562 faciamus

2033 4606 2192 4677 quasi
2239 4604 2559 4658 mandatum
2591 4602 2806 4657 Domini
2836 4617 2849 4654 :
2884 4603 2969 4656 sin
3001 4612 3196 4672 praeter
3229 4600 3443 4654 Domini
3467 4615 3604 4670 prae-

2035 4711 2191 4769 cepta
2241 4699 2293 4752 id
2355 4706 2614 4768 appareat
2671 4696 3070 4760 introductum,
3116 4695 3260 4750 haud
3316 4696 3433 4749 scio
3473 4694 3602 4762 quid

2041 4790 2134 4853 sit,
2167 4786 2313 4857 quod
2353 4785 2632 4856 praecipiat
2659 4786 2798 4841 velle
2829 4785 2958 4854 quid
2985 4785 3220 4854 aliquem
3269 4783 3468 4846 facere,
3510 4783 3602 4852 qui

2037 4894 2095 4933 se
2153 4877 2259 4932 sibi
2301 4878 2474 4947 legem
2521 4876 2648 4930 boni
2684 4875 2876 4930 fecerit
2932 4876 3132 4944 ipsum.
3180 4873 3279 4928 Ubi
3329 4872 3396 4926 ad
3452 4873 3603 4940 regni

2032 4970 2295 5024 caelorum
2331 4969 2701 5024 baereditatem
2745 4965 3188 5036 consequendam
3222 4973 3381 5019 vocat
3423 4963 3607 5016 Domi-

2032 5075 2140 5114 nus
2170 5059 2510 5122 benedictus,
2548 5056 2939 5127 profectionem
2985 5056 3038 5109 in
3079 5054 3417 5124 Jerosolyma
3465 5055 3608 5107 inter

2035 5159 2182 5205 recte
2215 5149 2378 5212 facta,
2413 5164 2534 5218 quae
2562 5162 2628 5201 eo
2652 5147 2911 5217 dirigant,
2937 5161 3048 5200 non
3077 5148 3424 5201 enumeravlt
3458 5163 3471 5200 :
3509 5144 3600 5214 uti

2035 5241 2429 5296 beatitudinem
2480 5239 2792 5302 annuntiat,
2840 5237 2946 5291 tale
3005 5236 3270 5298 studium,
3322 5236 3600 5304 talemque

2038 5346 2262 5399 operam
2317 5343 2425 5382 non
2479 5336 2566 5383 est
2615 5327 2954 5397 complexus.
2984 5326 3141 5392 Quod
3194 5333 3374 5381 autem
3428 5340 3607 5394 neque

2036 5420 2254 5474 beatum
2285 5418 2468 5480 eﬂicit,
2505 5431 2686 5486 neque
2725 5415 2792 5469 ad
2839 5431 3066 5486 regnum
3116 5414 3464 5471 conducibile
3494 5422 3605 5479 est,

2035 5523 2204 5581 quare
2233 5511 2288 5564 in
2321 5524 2386 5564 eo
2416 5507 2658 5563 studium
2697 5515 2752 5563 et
2791 5522 3013 5576 operam
3047 5507 3174 5577 poni
3206 5514 3474 5576 oporteat,
3507 5504 3602 5572 qui

2035 5611 2271 5658 mentem
2321 5602 2520 5665 habet,
2569 5601 2901 5658 consideret.
2953 5601 3114 5670 Atqui
3175 5600 3304 5656 licet
3355 5597 3409 5652 id
3461 5610 3603 5665 opus

429 5788 508 5856 (l)
528 5787 741 5843 Incerto
770 5787 1082 5857 interprete.
1101 5815 1150 5826 -
1187 5785 1285 5841 Ed.
1313 5784 1466 5855 1658,
1501 5785 1584 5854 Ill,
1613 5786 1734 5841 631.
1757 5781 1926 5840 -—Cf.
1956 5781 2220 5850 Gretseri,
2252 5781 2378 5839 Soc.
2407 5781 2560 5849 .lcsu,
2588 5780 2756 5847 Not-.e,
2779 5782 2846 5838 ad
2869 5782 3074 5838 calcem
3098 5781 3264 5849 hujus
3287 5774 3604 5835 voluminis.
