4092 6368
464 356 597 416 ιοιι

1704 361 1762 418 S.
1794 358 2128 418 GREGORII
2148 361 2451 420 NYSSENI’

3599 352 3746 432 tota

460 480 717 535 utilitalts
755 477 891 550 quid
918 470 1169 546 haberet,
1216 495 1287 537 ne
1338 481 1419 538 sic
1454 481 1675 553 quidem
1726 485 1957 539 honeste
2010 501 2041 540 ιι

2158 489 2309 544 Ἐπεὶ
2326 488 2383 542 δὲ
2402 488 2948 561 καταμανθανόμενον
2963 490 3030 544 δι’
3053 490 3339 560 ἀκριϐείας
3356 491 3416 545 τὸ
3432 492 3745 564 γινόμενον,

462 569 724 640 perfectis
775 570 960 625 studio
990 571 1216 643 dignum
1266 572 1443 626 videri
1488 575 1734 629 deberet.
1771 574 2046 641 Quoniam

462 670 645 717 autem
689 660 744 715 id
799 660 1006 717 factum
1062 664 1356 733 diligenter
1408 667 1804 730 esaminatum,
1861 670 2049 723 animo

464 752 855 807 detrimentum
908 753 1191 818 conciliat,
1247 753 1317 808 iis
1355 755 1449 823 qui
1484 756 1610 809 vitae
1665 765 1925 813 accurate
1952 759 2051 813 de-

462 846 653 917 gendae
680 845 1024 909 incumbunt,
1063 846 1228 916 longo
1263 846 1447 901 studio
1474 847 1759 919 indignum
1785 861 1865 905 est
1899 851 2049 905 :imo

463 938 703 993 maxime
736 937 1068 999 cavendum,
1110 946 1171 991 ιιι
1220 938 1356 992 nihil
1398 939 1466 993 ab
1497 954 1564 995 eo
1591 940 1914 1006 Itedaturis,
1951 942 2047 1013 qui

464 1029 769 1085 secundum
819 1029 989 1085 Deum
1042 1032 1209 1083 vitam
1259 1031 1503 1086 instituit
1563 1032 1855 1103 agendam.
1903 1033 2045 1101 Quid

464 1122 635 1192 igitur
682 1130 769 1177 est
816 1122 873 1176 in
932 1122 1029 1177 his
1073 1122 1221 1191 quod
1259 1122 1462 1177 laniat?
1509 1123 1712 1178 Sancta
1757 1134 1813 1180 et
1862 1129 2048 1197 gravis

464 1213 593 1267 vitae
638 1213 914 1268 institutio
954 1214 1147 1268 eadem
1180 1216 1441 1270 omnibus
1479 1222 1535 1270 et
1561 1216 1694 1271 viris
1742 1225 1799 1271 et
1831 1217 2050 1275 feminis

467 1308 747 1378 proposita
783 1315 888 1364 est.
917 1306 1224 1364 Peculiaris
1256 1320 1340 1364 est
1368 1310 1498 1363 vitae
1527 1309 1918 1380 philosophicm
1953 1311 2051 1363 lto-

467 1409 659 1456 nestas
716 1409 771 1455 et
816 1402 1244 1474 castitasz'qute
1292 1401 1348 1455 in
1384 1403 1493 1455 vita
1548 1417 1647 1457 sua
1709 1418 1885 1472 eaque
1939 1418 2048 1458 non

466 1498 640 1548 mista
670 1508 735 1548 ac
763 1496 993 1550 seorsim
1029 1502 1149 1549 acta
1191 1503 1635 1561 consummatur,
1660 1496 1735 1550 ita
1761 1505 1821 1551 ut
1853 1496 2053 1567 imper-

467 1585 635 1640 mista
671 1586 765 1649 sit,
798 1596 853 1641 et
891 1586 1119 1642 minime
1140 1586 1372 1642 confusa
1406 1595 1645 1642 natura:
1680 1604 1859 1659 neque
1893 1589 2052 1643 temi-

466 1684 559 1740 nis
598 1684 651 1737 in
680 1685 1022 1738 consortium
1064 1684 1334 1751 virorum,
1368 1699 1548 1755 neque
1574 1683 1713 1739 viris
1747 1683 1801 1737 in
1850 1683 2049 1739 mulie-

465 1790 589 1829 rum
645 1774 711 1827 ad
742 1774 941 1828 luenda
979 1776 1250 1830 castitatis
1283 1785 1336 1827 et
1376 1775 1681 1831 honestatis
1707 1774 1883 1829 ollicia
1912 1789 2051 1829 con-

465 1867 843 1921 tendentibus.
878 1866 947 1919 At
978 1852 1114 1921 vero
1136 1867 1351 1921 itineris
1385 1866 1718 1923 eonlicicndi
1746 1866 2051 1923 necessitas

466 1973 750 2029 nunquam
787 1974 894 2012 non
931 1958 1249 2029 diligentem
1284 1958 1338 2012 in
1370 1959 1457 2013 his
1476 1959 1842 2015 observandis
1875 1956 2045 2013 indif-

468 2051 758 2107 ferentiatn
788 2052 1034 2106 adducit.
1075 2050 1211 2106 Nam
1243 2058 1454 2105 tantam
1494 2052 1636 2106 viam
1671 2051 1898 2115 Iuntina,
1944 2053 2053 2106 nisi

466 2140 562 2212 qui
621 2155 740 2196 eam
793 2147 1106 2202 conservet,
1150 2140 1373 2203 habeat,
1430 2156 1756 2210 percurrere
1812 2144 2048 2213 nequit:

466 2242 584 2289 tum
602 2233 730 2305 quia
755 2242 976 2304 propter
1003 2234 1312 2288 naturalem
1342 2233 1775 2291 imbecillitatem
1797 2235 2052 2305 jumeuto

467 2325 800 2394 imponenda
831 2333 937 2388 est,
978 2324 1239 2392 illincque
1277 2323 1601 2393 deponenda
1631 2343 1644 2379 :
1680 2335 1793 2381 tum
1824 2327 1954 2397 quia
1992 2327 2047 2380 in

467 2417 887 2473 dimcultatibus
932 2415 1136 2471 tuenda
1182 2430 1247 2470 ac
1298 2416 1590 2473 servanda.
1625 2415 1903 2489 Quidquid
1949 2434 2049 2472 au-

467 2521 576 2567 tem
611 2526 926 2581 supponere
954 2512 1254 2581 possimus,
1293 2511 1412 2567 sive
1437 2516 1626 2565 notum
1657 2510 1844 2575 habet,
1874 2511 1966 2582 qui
1998 2512 2050 2565 ei

466 2608 693 2672 praestet
730 2600 1080 2670 obsequium.
1131 2600 1248 2657 sive
1279 2600 1707 2665 mercenarium,
1744 2600 1840 2671 qui
1869 2599 2051 2657 famu-

465 2690 633 2753 letur,
660 2706 727 2744 ex
764 2698 997 2760 utraque
1028 2701 1184 2761 parte
1217 2690 1366 2761 quod
1410 2690 1522 2755 ﬁet,
1554 2692 2049 2762 reprehensionem

465 2798 580 2838 non
605 2781 849 2853 ell'ugiet.
884 2783 1019 2837 Nam
1060 2782 1178 2837 sive
1216 2791 1449 2838 externo
1475 2797 1537 2838 se
1562 2784 1897 2851 committat,
1935 2784 2053 2840 sive

467 2873 779 2929 domestico
828 2874 1230 2942 acquiescens.
1306 2873 1661 2929 continentia:
1714 2874 1888 2944 legem
1940 2891 2050 2931 non

466 2972 782 3019 conservat.
833 2964 972 3018 Cum
1018 2972 1202 3018 autem
1251 2965 1306 3019 in
1353 2964 1504 3039 locis.
1532 2965 1643 3020 illis
1675 2963 2050 3022 Orientalibus

467 3055 771 3110 diversoria
810 3062 865 3111 et
916 3056 1175 3126 hospitia,
1228 3056 1507 3127 urbesque
1548 3058 1603 3119 in
1646 3057 1834 3115 multis
1878 3058 2048 3113 licen-

2152 584 2244 634 καὶ
2272 581 2507 653 ψυχικὴν
2562 583 2951 654 προστρίϐεται
3003 584 3209 653 βλάϐην
3246 586 3359 647 τοῖς
3399 583 3492 637 τὸν
3534 585 3741 657 ἀκριϐῆ

2152 674 2267 744 βίον
2326 675 2770 747 ἐνστησαμένοις,
2814 675 2915 727 οὐκ
2961 673 3075 727 ἔστι
3117 675 3216 744 τῆς
3251 676 3468 746 μακρᾶς
3503 677 3743 746 σπουδῆς

2150 768 2320 833 ἄξιον.
2354 767 2490 821 ἀλλά
2544 768 2645 838 τῆς
2680 767 2943 839 μεγίστης
2977 766 3247 836 φυλακῆς,
3279 766 3356 831 ὠς
3410 767 3601 839 μηδενί
3631 769 3749 822 τῶν

2151 858 2644 914 καταύλαπτόντων
2666 860 2695 913 ό
2712 858 2856 913 κατά
2876 859 3012 912 Θεὸν
3041 858 3424 930 προῃρημένος
3448 860 3550 930 ζῇν
3581 877 3740 931 περι-

2152 950 2410 1019 πείροιτοι
2466 949 2531 1002 Τί
2581 944 2674 1002 οὖν
2722 950 2871 1002 ἐστιν
2916 950 2976 1002 ὲν
3020 946 3231 1010 τούτοις
3264 946 3326 1000 τὸ
3354 946 3634 1017 βλάπτον;
3672 947 3744 1002 Ἡ

2152 1041 2323 1111 σεμνὴ
2358 1039 2601 1093 πολιτεία
2628 1041 2761 1093 πᾶσι
2805 1038 3111 1110 πρόκειται,
3143 1039 3237 1093 καὶ
3270 1038 3496 1111 ἀνδράσι
3531 1041 3626 1094 καὶ
3650 1057 3746 1109 γυ-

2150 1131 2348 1196 ναιξὶν,
2382 1131 2513 1185 ἰδιον
2559 1129 2653 1184 τοῦ
2684 1130 2825 1184 κατά
2865 1130 3185 1200 φιλοσοφίαν
3225 1130 3363 1199 βίου,
3408 1133 3442 1202 ἡ
3472 1131 3747 1202 εὐσχημο-

2154 1224 2288 1292 σύνη
2310 1240 2329 1254 σ
2376 1222 2513 1294 αὕτη
2551 1221 2609 1275 δὲ
2650 1224 2710 1275 ὲν
2747 1222 2827 1291 τῷ
2861 1222 3077 1294 ἀμίκτῳ
3112 1223 3206 1275 καὶ
3240 1222 3494 1288 ἰδιάζοντι
3519 1224 3618 1295 βίῳ
3641 1227 3747 1295 τῆς

2152 1315 2296 1387 ζωῆς
2343 1313 2725 1385 κατορθοῦται,
2761 1314 2839 1378 ὡς
2886 1315 3244 1386 ἀνεπίμικτον
3290 1316 3385 1369 καί
3437 1314 3746 1385 άσύγχυτον

2152 1405 2291 1463 εἶναι
2331 1408 2431 1481 τὴν
2470 1408 2654 1477 φύσιν,
2719 1408 2856 1479 μήτε
2901 1408 3011 1463 τῶν
3072 1408 3349 1477 γυναικῶν
3389 1412 3446 1463 ὲν
3488 1409 3741 1481 ἀνδράσι,

2155 1503 2294 1572 μήτε
2319 1500 2428 1555 τῶν
2478 1498 2690 1572 ἀνδρῶν
2746 1501 2806 1554 ὲν
2834 1500 3048 1570 γυναιξὶ
3077 1502 3216 1572 πρὸς
3247 1500 3315 1553 τά
3359 1518 3747 1573 παρατετηρη-

2156 1593 2295 1665 μένα
2322 1594 2420 1666 τῆς
2452 1594 2869 1665 εὐσχημοσύνης
2897 1593 3214 1666 ὁρμώντων.
3252 1594 3391 1647 Ἀλλ’
3431 1597 3464 1665 ἡ
3498 1595 3596 1666 τῆς
3613 1596 3745 1650 ὁδοι-

2154 1687 2353 1758 πορίας
2382 1687 2595 1759 ἀνάγκη
2625 1688 2711 1742 ἀεὶ
2739 1689 2837 1760 τὴν
2868 1691 2926 1742 ὲν
2955 1688 3167 1752 τούτοις
3186 1687 3472 1761 ἀκρίϐειαν
3493 1689 3749 1760 καὶπρὸς

2154 1777 2478 1850 ἀδιαφορίαν
2525 1778 2633 1833 τῶν
2686 1779 3232 1852 παρατετηρημένων
3278 1780 3437 1849 ἀγει·
3464 1781 3747 1851 ἀμήχανον

2155 1870 2264 1943 γάρ
2314 1872 2535 1940 γυναικί
2583 1872 2857 1942 τοσαύτην
2892 1872 3011 1926 ὸδδν
3073 1872 3412 1944 διαδραμεῖν,
3456 1874 3506 1926 εἰ
3542 1874 3615 1945 μὴ
3653 1874 3747 1926 τὸν

2154 1960 2489 2026 διασώζοντα
2528 1962 2662 2034 ἔχοι,
2704 1963 2801 2017 καί
2823 1963 2913 2018 διά
2934 1963 3034 2034 τὴν
3058 1964 3292 2035 φυσικὴν
3314 1963 3594 2019 ἀσθένειαν
3620 1966 3746 2018 ἀνα-

2152 2052 2359 2123 γομένη
2388 2053 2492 2107 ὑπὸ
2516 2052 2578 2107 τὸ
2615 2051 2934 2123 ὑποζύγιον,
2968 2053 3224 2108 κάκεῖθεν
3253 2052 3620 2124 καταγομένη,
3650 2055 3745 2106 καὶ

2150 2144 2209 2197 ὲν
2249 2145 2371 2207 ταῖς
2420 2143 2759 2215 δυσχερείαις
2803 2143 3323 2217 παρακρατουμένη.
3371 2144 3548 2215 Ὅπερ
3598 2143 3641 2196 δ’
3674 2144 3746 2197 ἂν

2151 2231 2500 2305 ύποθώμεθα,
2553 2235 2663 2288 εῖτε
2714 2233 2992 2306 γνώριμον
3025 2234 3139 2306 ἔχει
3185 2234 3278 2289 τδν
3310 2233 3409 2305 τὴν
3444 2234 3746 2305 θεραπείαν

2147 2325 2591 2398 ἀποπληροῦντα,
2623 2327 2735 2381 εἴτε
2768 2326 3038 2397 μισθωτὸν
3062 2326 3155 2382 τὸν
3180 2327 3280 2397 τὴν
3306 2326 3582 2382 διακονίαν
3600 2342 3743 2399 παρ-

2148 2421 2430 2492 εχόμενον,
2460 2422 2585 2476 καθ’
2647 2421 2907 2495 ἑκάτερον
2961 2421 3128 2493 μέρος
3189 2422 3250 2476 οὐ
3305 2420 3587 2491 διαφεύγει
3642 2422 3747 2491 τὴν

2154 2509 2361 2581 μέμψιν
2405 2509 2467 2562 τὸ
2517 2510 2838 2580 γινόμενον·
2897 2508 3022 2562 οὕτε
3073 2510 3181 2581 γάρ
3231 2508 3310 2581 τῷ
3361 2508 3495 2580 ξένῳ
3544 2511 3749 2579 ἑαυτὴν

2152 2600 2675 2673 προσαναπαύουσα,
2709 2598 2832 2653 οὕτε
2857 2599 2936 2670 τῷ
2972 2600 3108 2671 ἰδίῳ,
3139 2599 3231 2653 τὸν
3256 2601 3356 2672 τῆς
3389 2601 3753 2673 σωφροσύνης

2151 2692 2406 2762 φυλάττει
2440 2692 2623 2761 νόμον.
2664 2691 2786 2745 Τῶν
2808 2691 2866 2745 δὲ
2903 2690 3047 2745 κατά
3082 2692 3210 2756 τοὺς
3254 2690 3629 2756 ’Δνατολικοὺς
3652 2693 3738 2745 τόο

2151 2801 2287 2848 πους
2306 2782 2637 2855 πανδοχείων
2656 2782 2751 2837 καὶ
2772 2782 2977 2837 καταλυ
2984 2782 3170 2854 μάτων
3188 2824 3203 2848 ,
3224 2783 3321 2837 καὶ
3340 2783 3551 2838 πόλεων
3571 2782 3744 2838 πολλά

2150 2877 2248 2948 τὴν
2272 2876 2455 2932 ἄδειαν
2474 2876 2571 2930 καί
2591 2875 2728 2947 πρὸς
2741 2875 2801 2929 τὸ
2821 2876 2990 2930 κακὸν
3016 2876 3117 2947 τὴν
3136 2875 3460 2947 ἀδιαφορίαν
3482 2876 3738 2947 ἐχόντων.

2148 2965 2270 3030 πῶς
2298 2965 2452 3020 ἔσται
2505 2964 2731 3018 δυνατὸν
2756 2963 2845 3018 διά
2870 2964 3078 3017 καπνοῦ
3126 2964 3397 3038 παριόντα
3429 2964 3504 3037 μὴ
3540 2965 3738 3037 δριμυ-

2147 3058 2344 3130 χθῆναι
2375 3055 2475 3119 τὰς
2499 3055 2649 3124 δψεις
2675 3072 2690 3120 ;
2722 3054 2896 3107 Ὅπου
2926 3054 3216 3126 μολύνεται
3247 3055 3346 3126 μὲν
3371 3057 3529 3125 ἀκοὴ.
3568 3056 3731 3127 μολύ-

464 3147 600 3202 tiam
632 3157 686 3204 et
719 3148 785 3203 ad
820 3149 1025 3204 malum
1063 3149 1491 3207 indiderentiam
1519 3152 1782 3216 habeant,
1807 3152 1900 3223 qui
1927 3151 2047 3207 ﬁeri

2152 3164 2299 3201 νεται
2325 3143 2382 3200 δὲ
2411 3144 2707 3213 ὀφθαλμὸς.
2735 3142 3093 3214 μολύνεταιδὲ
3113 3140 3336 3216 καρδία,
3353 3141 3420 3197 δι’
3440 3142 3742 3214 ὀφθαλμῶν

465 3240 693 3309 poterit,
725 3246 786 3293 ut
824 3239 919 3309 qui
964 3255 1063 3309 per
1095 3237 1306 3295 fumum
1353 3240 1621 3307 ambulet,
1660 3255 1773 3296 non
1814 3255 2050 3312 exaspe-

465 3339 625 3386 retur
677 3330 896 3386 oculis?
955 3328 1061 3385 Ubi
1123 3331 1452 3401 inquinatur
1492 3330 1666 3394 auris,
1724 3331 2051 3400 inquinatur

467 3422 685 3482 oculus,
730 3420 1054 3491 inquinatur
1083 3427 1138 3474 et
1188 3435 1307 3483 cur,
1340 3436 1438 3490 per
1466 3421 1660 3476 oculos
1701 3427 1757 3474 et
1796 3420 2048 3473 auditum

465 3511 704 3567 nefanda
740 3510 1043 3581 excipiens.
1096 3512 1186 3579 qui
1243 3512 1358 3567 ﬁeri
1403 3512 1629 3582 poterit,
1665 3519 1726 3566 ut
1780 3526 1889 3565 non
1931 3509 2049 3564 atii-

466 3605 669 3669 ciatur,
697 3604 791 3674 qui
838 3603 1032 3659 affecta
1080 3604 1205 3659 loca
1245 3604 1697 3673 transgreditur?
1742 3602 1885 3670 Quid
1917 3617 2050 3658 vero

466 3696 632 3751 etiam
665 3697 788 3764 plus
815 3703 901 3751 cst
943 3695 1258 3762 habiturus,
1286 3695 1382 3765 qui
1426 3696 1546 3751 loca
1579 3696 1670 3750 illa
1706 3696 1841 3751 adit.
1888 3694 2046 3763 quasi

465 3800 603 3840 vero
633 3785 936 3839 etiamnum
983 3784 1249 3839 Dominus
1275 3785 1636 3854 corporaliter
1664 3784 1721 3839 in
1759 3784 1896 3838 locis
1935 3784 2047 3838 illis

466 3875 651 3944 degat,
691 3881 857 3945 atque
899 3890 928 3927 a
971 3875 1131 3931 nobis
1183 3874 1424 3930 abierit:
1458 3885 1555 3929 aut
1602 3875 1771 3930 veluti
1820 3882 2047 3931 sanctus

468 3966 709 4036 Spiritus
765 3966 906 4036 apud
952 3964 1447 4038 Jerosolymitanos
1494 3966 1758 4030 abundet,
1813 3966 1885 4020 ad
1945 3982 2053 4021 nos

466 4069 648 4114 autem
701 4060 945 4114 transire
1000 4074 1109 4113 non
1143 4060 1362 4129 possit?
1404 4058 1586 4130 Atque
1626 4059 1670 4114 si
1694 4073 1760 4114 ex
1812 4058 1883 4112 iis
1926 4073 2048 4128 quae

461 4151 886 4223 conspiciuntur
930 4150 1024 4208 Dei
1061 4152 1408 4219 praesentiam
1442 4151 1722 4221 conjicere
1761 4149 1910 4217 licet,
1948 4165 2049 4220 po-

466 4246 577 4300 tius
626 4245 684 4300 in
740 4247 965 4299 natione
1008 4243 1392 4315 Cappadocum
1447 4241 1618 4298 Deum
1671 4256 1884 4296 moram
1934 4248 2049 4294 tra-

464 4335 598 4392 here
633 4336 762 4407 quis
813 4335 1097 4393 statuerit,
1126 4349 1294 4404 quam
1328 4334 1384 4388 in
1429 4333 1675 4389 externis
1717 4333 1877 4389 locis.
1906 4332 2044 4387 Nam

2154 3238 2249 3291 ml.
2292 3238 2460 3308 ἀκοῆς
2506 3234 2770 3305 δεχομένη
2811 3234 2880 3289 τὰ
2921 3233 3099 3288 άτοπα
3118 3248 3134 3265 ’
3194 3232 3311 3295 πῶς
3336 3233 3490 3288 ἔσται
3515 3234 3744 3287 δυνατὸν

2156 3328 2383 3392 ἀπαθῶς
2434 3326 2723 3399 παρελθεῖν
2754 3328 2881 3391 τοὺς
2906 3326 3172 3397 ἐμπαθεῖς
3196 3326 3396 3391 τόπους
3420 3342 3435 3393 ;
3459 3326 3525 3380 Τί
3558 3327 3615 3382 δὲ
3644 3329 3741 3381 καὶ

2155 3418 2317 3471 πλέον
2348 3414 2459 3482 ἕξει
2507 3418 2536 3469 ό
2582 3417 2641 3469 ὲν
2692 3419 2805 3479 τοῖς
2836 3416 3021 3482 τόποις
3059 3418 3289 3482 ἐκείνοις
3325 3419 3634 3490 γενόμενος,
3659 3417 3745 3482 ὡς

2159 3512 2321 3582 μέχρι
2355 3508 2449 3562 τοῦ
2472 3508 2567 3563 νῦν
2593 3507 2918 3579 σωματικῶς
2944 3508 3038 3562 τοῦ
3068 3509 3276 3580 Κυρίου
3296 3511 3354 3563 ὲν
3374 3510 3603 3574 ἐκείνοις
3626 3512 3740 3574 τοῖς

2153 3601 2340 3664 τόποις
2384 3600 2682 3668 διάγοντος,
2718 3599 2876 3670 ἡμῶν
2913 3600 2970 3653 δὲ
2999 3599 3405 3669 ἀποφοιτῶντος
3432 3615 3445 3627 ο
3470 3600 3502 3668 ἢ
3532 3601 3606 3663 ὡς
3640 3596 3740 3653 τοῦ

2153 3691 2311 3760 ἁγίου
2346 3691 2661 3761 Πνεύματος
2705 3690 2858 3761 παρά
2883 3690 2993 3752 τοῖς
3032 3688 3480 3761 Ἱεροσολυμίταις
3518 3688 3743 3744 πλεονά-

2155 3784 2357 3849 ζοντος,
2381 3783 2515 3853 πρὸς
2533 3782 2591 3835 δὲ
2616 3782 2763 3852 ἡμᾶς
2781 3781 3029 3851 διαϐῆναι
3056 3781 3466 3845 ἀδυνατοῦντος
3492 3780 3603 3834 Καὶ
3629 3781 3738 3853 μὴν

2155 3877 2202 3928 εἰ
2228 3875 2377 3927 ἐστιν
2401 3876 2466 3927 ὲκ
2494 3872 2601 3927 τῶν
2626 3872 2988 3943 φαινομένων,
3023 3870 3158 3925 Θεοῦ
3203 3871 3507 3943 παρουσίαν
3529 3872 3736 3942 τεκμή-

2158 3964 2370 4036 ρασθαι,
2413 3963 2611 4033 μᾶλλον
2637 3962 2703 4017 ἄν
2722 3980 2808 4025 τις
2851 3963 2910 4015 ὲν
2934 3961 3009 4031 τῷ
3037 3961 3178 4016 ἔθνει
3220 3963 3327 4015 τῶν
3356 3961 3746 4015 Καππαδοκῶν

2152 4058 2245 4110 τὸν
2274 4056 2409 4109 Θεὸν
2431 4054 2739 4109 διαιτᾶσθαι
2772 4054 3061 4125 νομίσειεν,
3096 4053 3241 4124 ἥπερ
3274 4056 3329 4105 ἐν
3363 4055 3473 4116 τοῖς
3515 4052 3619 4119 ἔξω
3649 4052 3741 4106 τό·

2154 4161 2294 4208 ποις.
2325 4145 2463 4197 Ὅσα
2492 4143 2600 4213 γάρ
2631 4145 2777 4196 ἐστιν
2805 4142 2865 4194 ὲν
2899 4141 3110 4204 τούτοις
3154 4140 3533 4211 θυσιαστήρια.
3567 4139 3635 4192 δι’
3662 4134 3745 4193 ὧν

2152 4238 2213 4290 τὸ
2237 4237 2405 4308 ὄνομα
2428 4234 2523 4288 τοῦ
2546 4233 2764 4306 ,Κυρίου
2810 4231 3133 4299 δοξάζεται;
3182 4233 3282 4285 ούκ
3328 4232 3394 4286 ἀν
3431 4250 3513 4295 τις
3548 4231 3737 4285 τοσάδε

2154 4330 2335 4400 πάσης
2371 4328 2555 4399 σχεδὸν
2583 4327 2683 4397 τῆς
2721 4327 3043 4397 οἰκουμένης
3069 4324 3496 4396 ἐξαριθμήσαιτο
3545 4323 3738 4376 θυσιαο

465 4437 600 4496 qnct
647 4435 780 4481 sunt
818 4428 870 4481 in
911 4427 979 4481 iis
1012 4426 1232 4486 altaria,
1283 4440 1382 4494 per
1409 4439 1534 4494 quae
1581 4423 1795 4479 Domini
1844 4440 2045 4480 nomen

2155 4422 2370 4492 στήρια.
2422 4421 2652 4474 Ἔπειτα
2704 4419 2753 4470 εἰ
2808 4418 2904 4471 καὶ
2944 4413 3014 4488 ἦν
3055 4416 3233 4469 πλέων
3278 4420 3310 4486 ή
3341 4417 3500 4487 χάρις
3533 4415 3591 4467 ὲν
3622 4414 3740 4477 τοῖς

465 4513 814 4570 celebratur?
861 4511 970 4565 Nec
1020 4528 1152 4567 sane
1191 4513 1317 4581 quis
1377 4512 1548 4566 totius
1596 4511 1833 4567 fortasse
1893 4513 2047 4566 orbis

2161 4510 2508 4582 Ἰεροσόλυμα
2551 4509 2770 4573 τόποις,
2817 4508 2919 4561 οὐκ
2969 4506 3037 4560 ἂν
3078 4507 3417 4577 ὲπεχωρίαζε
3464 4508 3576 4569 τοῖς
3623 4506 3739 4556 ἐκεῖ

461 4605 696 4661 totidem
753 4612 1107 4660 enumeraret
1171 4604 1387 4657 altaria.
1458 4603 1661 4659 Deinde
1720 4604 1937 4659 etiamsi
1994 4605 2048 4658 in

2152 4601 2317 4666 ζῶσιν
2337 4604 2370 4672 ἡ
2401 4599 2661 4671 ἁμαρτία.
2687 4597 2802 4652 Νῦν
2834 4598 2935 4667 μέν
2974 4614 3057 4651 τοι
3084 4597 3186 4650 οὐκ
3211 4595 3361 4650 ἐστιν
3389 4593 3731 4665 ἀκαθαρσίας

464 4697 606 4753 locis
646 4695 1128 4766 Jerosolymitanis
1171 4697 1294 4764 plus
1341 4695 1544 4749 divina:
1582 4697 1773 4764 gratiae
1821 4697 2046 4759 inesset,

2152 4691 2305 4757 εἶδος,
2341 4692 2369 4745 δ
2401 4693 2474 4763 μὴ
2502 4691 2768 4760 τολμᾶται
2801 4691 2930 4760 παρ’
2954 4690 3156 4752 αὐτοῖς.
3199 4688 3307 4741 Καὶ
3337 4686 3616 4756 πονηρίαι,
3642 4684 3737 4738 καὶ

462 4791 577 4847 illic
600 4789 903 4845 viventium
941 4795 1230 4857 peccatum
1256 4802 1366 4841 non
1396 4795 1506 4841 tam
1536 4787 1797 4857 frequens
1823 4795 1878 4841 et
1924 4801 2050 4841 con-

467 4890 686 4939 suetum
730 4889 897 4937 esset.
933 4878 1054 4935 Jam
1105 4895 1241 4935 vero
1285 4880 1498 4933 nullum
1547 4888 1633 4934 est
1685 4879 2081 4935 immunditite

463 4990 657 5045 genus.
690 4973 837 5041 quod
870 4972 1014 5043 apud
1059 4986 1156 5027 eos
1203 4986 1310 5025 non
1348 4979 1738 5041 perpetretur:
1769 4986 1835 5024 ac
1887 4970 2044 5024 mali-

2152 4965 2387 5019 τοιοῦτον
2424 4964 2778 5036 ἐπιχωριάζει
2809 4963 2999 5028 κακὸν,
3027 4961 3167 5015 ὥστε
3199 4957 3450 5031 μηδαμοῦ
3481 4957 3738 5025 τοιαύτην

464 5067 576 5132 tite,
618 5065 909 5131 adulteria,
960 5062 1129 5127 furta,
1177 5063 1519 5128 idololatriae,
1564 5061 1850 5120 veneficia,
1904 5061 2043 5114 invi-

2152 5058 2471 5128 ἑτοιμότητα
2499 5053 2637 5109 εἶναι
2661 5056 2798 5127 πρὸς
2819 5055 2884 5108 τὸ
2903 5053 3169 5125 φονεύειν,
3199 5053 3322 5105 ὅσον
3341 5052 3399 5103 ὲν
3421 5050 3535 5111 τοῖς
3549 5049 3737 5109 τόποις

460 5156 568 5212 die
592 5164 648 5211 et
674 5157 877 5220 caades,
907 5170 972 5211 ac
1002 5161 1214 5208 tantum
1250 5154 1305 5206 in
1337 5153 1531 5222 primis
1562 5152 1764 5205 malum
1799 5151 1907 5204 illis
1930 5158 2040 5202 tam

2152 5150 2394 5213 ἐκείνοις,
2425 5149 2629 5219 θηρίων
2649 5149 2806 5219 δίκην
2830 5146 2909 5216 τῷ
2936 5146 3129 5216 αἵματι
3160 5144 3271 5197 τῶν
3291 5141 3580 5214 ὁμοφύλων
3616 5142 3738 5193 ἐπι-

461 5247 723 5317 frequens
751 5256 805 5302 et
833 5247 1118 5302 assiduum
1152 5252 1257 5306 est,
1289 5252 1348 5297 ut
1377 5257 1650 5313 nusquam
1685 5253 1831 5295 tanta
1865 5244 1937 5294 sit
1969 5242 2038 5295 ad

2152 5242 2447 5312 τρεχόντων
2481 5241 2743 5311 ἀλλήλων,
2773 5239 2983 5311 ψυχροῦ
3011 5237 3234 5309 κέρδους
3267 5236 3446 5308 χάριν.

461 5338 847 5393 trucidandum
882 5335 1281 5408 prmuptitudo,
1315 5342 1521 5404 quanta
1557 5333 1667 5387 illis
1706 5333 1841 5387 locis
1876 5332 2169 5398 inhabitat,
2248 5335 2338 5387 ubi
2413 5334 2652 5389 belluino
2729 5347 2879 5389 more
2923 5332 2978 5386 in
3060 5329 3387 5399 sanguinem
3437 5325 3738 5382 contriba-

460 5433 596 5490 lium
630 5440 820 5486 mutuo
851 5432 1169 5498 incurrunt,
1201 5429 1386 5501 frigidi
1418 5430 1552 5484 lucri
1592 5443 1783 5485 causa.

532 5526 638 5585 Ubi
663 5541 801 5595 ergo
825 5525 939 5580 haec
977 5525 1136 5589 ﬁunt,
1195 5538 1308 5593 quo
1354 5532 1678 5594 argumento
1737 5523 2035 5594 intelligas,

2219 5522 2395 5573 Ὅπου
2427 5521 2607 5574 τοίνυν
2634 5518 2810 5573 ταῦτα
2835 5516 3063 5586 γίνεται,
3094 5515 3259 5569 ποίαν
3287 5515 3566 5582 ἀπόδεξιν
3590 5516 3735 5588 ἔχεις

460 5620 570 5676 illis
600 5620 653 5672 in
687 5618 823 5673 locis
880 5619 1199 5689 ampliorem
1261 5626 1496 5687 gratiam
1534 5616 1707 5672 esse?
1761 5615 1870 5672 Sed
1919 5614 2036 5671 scio

2152 5612 2236 5669 τοῦ
2280 5612 2500 5667 πλείονα
2553 5611 2710 5683 χάριν
2759 5606 2898 5662 εἶναι
2950 5612 3009 5661 ὲν
3054 5609 3170 5669 τοῖς
3221 5608 3409 5671 τόποις
3465 5607 3733 5674 ἑκείνοιςς

460 5712 591 5784 quid
634 5710 766 5765 mihi
802 5710 956 5765 multi
988 5709 1253 5765 adversus
1284 5724 1372 5773 ea,
1396 5723 1519 5778 quae
1538 5708 1682 5762 dicta
1707 5714 1857 5773 sunt,
1889 5706 2032 5776 obji-

2155 5706 2295 5762 ’Δλλ’
2323 5699 2442 5760 οἶδα
2460 5703 2520 5757 τὸ
2543 5700 2955 5770 ἀντιλεγόμενον
2972 5698 3083 5753 τῶν
3098 5699 3310 5752 πολλῶν
3343 5698 3480 5769 πρὸς
3508 5699 3577 5751 τὰ
3604 5710 3731 5766 παρ’

459 5804 635 5860 ciant.
682 5802 853 5859 Aiunt
893 5802 1081 5858 enim:
1138 5801 1498 5874 quamobrem
1555 5800 1671 5855 haec
1734 5805 1927 5857 contra
1979 5806 2035 5853 te

2152 5798 2276 5870 ἐμοῦ
2322 5793 2606 5867 εἰρημένα.
2664 5790 2903 5860 Λέγουσι
2937 5791 3081 5858 γάρ’
3114 5787 3211 5843 Διά
3247 5788 3301 5842 τί
3325 5787 3498 5841 ταῦτα
3522 5787 3613 5842 καὶ
3640 5784 3737 5838 ἐπὶ

2151 4786 2407 4855 μοιχεῖαι,
2450 4782 2542 4835 καὶ
2592 4780 2812 4846 κλοπαὶ,
2860 4780 2951 4833 καὶ
2983 4778 3430 4849 εἰδωλολατρεῖαι,
3464 4777 3557 4829 καὶ
3596 4791 3738 4844 φαρ-

2151 4878 2394 4945 μακεῖαι,
2448 4874 2544 4928 καὶ
2589 4873 2796 4943 φθόνοι,
2852 4873 2947 4926 καὶ
2978 4873 3149 4943 φόνοι,
3196 4870 3291 4924 καὶ
3326 4868 3562 4940 μάλιστά
3586 4885 3649 4933 γε
3676 4868 3738 4921 τὸ
