4092 6368
343 434 481 490 1015

1574 434 1954 492 EPISTOLAZ'
1985 466 2053 474 --
2080 433 2295 491 EPIST.
2330 437 2394 492 ll.

3460 454 3599 508 10H

343 545 402 597 σὲ
423 543 582 597 αὐτὸν
609 547 708 598 οῦκ
741 545 1134 617 ὲνομοθέτησας
1158 566 1172 615 ;
1201 549 1264 601 Εἰ
1295 546 1403 618 γὰρ
1439 548 1600 618 μηδὲν
1629 543 1696 618 ἦν
1730 549 1918 612 κέρδος

2023 547 2181 600 etiam
2201 564 2308 601 non
2344 551 2632 606 :leccrnis?
2659 553 2712 607 Si
2741 555 2883 609 enim
2913 557 3119 613 nullum
3153 575 3330 632 operte
3361 567 3594 633 pi't'lilltll

339 634 419 704 τῷ
447 635 588 688 κατὰ
619 637 750 690 Θεὸν
801 638 1192 708 ὲκδημήσαντι,
1224 639 1344 692 ἀντὶ
1379 639 1473 692 τοῦ
1501 640 1750 707 γενέσθαι
1783 642 1918 702 ἐκεῖ,

342 724 480 793 ὑπὲρ
507 725 650 787 τίνος
683 725 858 796 μάτην
894 727 1130 798 ὑπέστης
1150 729 1248 798 τὴν
1263 728 1528 800 τοσαύτην
1551 729 1702 793 ὁδόν;
1738 730 1923 782 ’Λκου-

343 814 594 867 σάτωσαν
617 811 708 868 οὖν
739 818 840 887 τῆς
883 819 1020 888 ὑπὲρ
1049 819 1253 873 τούτων
1284 822 1414 889 παρ’
1440 820 1572 889 ἐμοῦ
1606 820 1918 888 ἀπολογίας.

355 903 506 972 Ἐμοὶ
529 905 616 956 διὰ
631 905 728 973 τὴν
747 906 988 976 ἀνάγκην
1013 906 1216 977 ταύτην
1243 908 1300 961 ὲν
1394 909 1492 978 ζῇν
1520 908 1752 978 ἐτάχθην
1773 909 1921 979 παρὰ

342 991 436 1043 τοῦ
470 993 876 1062 οίκονομοῦντος
905 995 1060 1064 ήμῶν
1076 996 1173 1066 τὴν
1206 995 1372 1065 ζωὴν,
1404 995 1620 1062 ἐγένετο
1641 997 1737 1067 τῆς
1759 998 1921 1064 ἁγίας

346 1081 564 1134 συνόδου
617 1083 954 1154 διορθώσεως
1003 1087 1184 1140 ἕνεκεν
1227 1088 1327 1158 τῆς
1357 1091 1497 1143 κατὰ
1530 1090 1628 1160 τήν
1661 1092 1920 1162 ’Δραὸίαν

359 1173 703 1242 Ἐκκλησίας,
741 1175 904 1246 μέχρι
933 1178 1040 1230 τῶν
1074 1181 1251 1233 τόπων
1293 1181 1568 1249 γενέσθαι.
1597 1182 1705 1234 Καὶ
1735 1184 1918 1253 ἐπειδὴ

346 1265 543 1334 ὅμορός
572 1267 761 1338 ἐστινὴ
793 1269 1018 1338 Ἀραϐία
1038 1273 1149 1334 τοῖς
1176 1272 1312 1324 κατὰ
1351 1272 1696 1342 Ἱεροσόλυμα
1711 1273 1918 1336 τόποις,

346 1355 713 1426 ὑποσχόμενος
741 1359 834 1411 καὶ
881 1360 1281 1431 συσκεψόμενος
1323 1366 1435 1424 τοῖς
1474 1365 1777 1434 προεστῶσι
1812 1369 1922 1430 τοῖς

344 1446 452 1499 τῶν
481 1448 652 1513 ἁγίων
695 1448 1135 1521 Ἱεροσολυμιτῶν
1189 1454 1543 1525 Ἐκκλησιῶν,
1569 1457 1656 1510 διὰ
1697 1457 1758 1509 τὸ
1783 1455 1922 1512 εἶναι

345 1537 522 1590 αὐτῶν
551 1540 608 1590 ὲν
638 1543 848 1610 ταραχῇ
884 1540 953 1594 τά
994 1543 1314 1613 πράγματα,
1343 1546 1435 1597 καὶ
1458 1546 1679 1616 χρῄζειν
1712 1547 1804 1599 τοῦ
1830 1565 1923 1617 με-

347 1631 665 1697 σιτεύοντος.
711 1636 938 1688 Ἔπειτα
963 1637 1043 1700 δὲ,
1098 1640 1190 1692 καὶ
1229 1640 1322 1692 τοῦ
1354 1641 1742 1695 εὐσεϐεστάτου
1771 1643 1922 1712 βασι-

344 1723 480 1787 λέως
502 1727 915 1796 παρασχομένου
937 1729 1032 1798 τὴν
1045 1729 1292 1783 εὐκολίαν
1308 1732 1533 1800 τῆςὸδοῦ
1556 1733 1644 1786 διὰ
1662 1735 1919 1805 δημοσίου

343 1815 664 1885 ὀχήματος,
719 1817 946 1887 οὐδεμία
1003 1822 1133 1890 ἡμῖν
1198 1823 1411 1892 ἀνάγκη
1467 1825 1684 1890 ἐγένετο
1747 1825 1919 1878 ταῦτα

344 1909 595 1978 πάσχειν,
627 1909 662 1963 ἃ.
695 1911 788 1965 καὶ
805 1913 896 1964 ἐπὶ
928 1911 1036 1965 τῶν
1061 1913 1232 1966 ἄλλων
1261 1917 1686 1985 κατενοήσαμεν.
1723 1917 1794 1970 Τὸ
1814 1917 1922 1988 γὰρ

344 1998 526 2069 ὄχημα
582 2001 710 2071 ἡμῖν
763 2003 884 2055 ἀντὶ
933 2003 1255 2073 Ἐκκλησίας
1299 2008 1392 2057 καὶ
1445 2007 1804 2078 μοναστηρίου
1833 2004 1922 2079 ἦν,

343 2090 430 2143 διὰ
456 2093 633 2163 πάσης
669 2093 768 2162 τῆς
813 2089 932 2146 ὀδοῦ
974 2095 1394 2164 σομψαλλὸντων
1421 2098 1638 2150 πάντων
1675 2099 1769 2152 καὶ
1799 2116 1922 2152 συν-

344 2181 710 2247 νηστευόντων
741 2181 818 2252 τῷ
867 2181 1069 2252 Κυρίῳ.
1130 2184 1202 2236 Τὸ
1254 2181 1345 2238 οῦν
1406 2186 1671 2256 ἡμέτερον
1720 2187 1924 2257 μηδένα

347 2269 742 2334 σκανδαλιζέτω
771 2290 782 2302 ·
825 2271 1022 2341 μᾶλλον
1043 2272 1100 2324 δὲ
1127 2272 1328 2344 πιθανὴ
1363 2275 1654 2346 γενέσθωή
1683 2277 1924 2347 συμϐου-

343 2358 433 2411 λία
462 2359 637 2430 ήμῶν,
662 2362 743 2414 ὅτι
765 2361 891 2431 περὶ
913 2356 988 2415 ὧν
1015 2363 1091 2433 τῷ
1121 2364 1384 2434 ὀφθαλμῷ
1408 2365 1769 2436 ὐπεϐάλομεν,
1798 2369 1924 2437 περὶ

342 2450 547 2504 τούτων
594 2454 686 2505 καλ⁸
734 2454 1192 2526 συμὸουλεύομεν.
1231 2456 1422 2525 Ἡμεῖς
1456 2457 1565 2528 γὰρ
1595 2458 1684 2510 τὸν
1725 2461 1924 2528 ὲπιφα·

342 2541 503 2595 νέκτα
553 2545 784 2614 Χριστὸν
838 2542 973 2599 εἶναι
1025 2547 1156 2600 Θεὸν
1191 2547 1440 2617 ἀληθινὸν
1492 2548 1922 2620 ὡμολογήσαμεν

345 2633 436 2683 καὶ
466 2635 592 2704 πρὶν
640 2636 731 2687 ἐπὶ
782 2637 872 2689 τοῦ
917 2637 1081 2690 τόπου
1109 2638 1381 2706 γενέσθαι,
1425 2639 1516 2691 καὶ
1555 2640 1695 2709 μετὰ
1727 2638 1920 2703 ταῦτα,

343 2723 466 2776 οὔτε
511 2725 609 2794 τῆς
676 2726 908 2790 πίστεως
959 2728 1372 2800 ἐλαττουμένης,
1421 2728 1544 2783 οὔτε
1581 2729 1717 2799 μετὰ
1750 2731 1923 2783 ταῦτα

345 2815 832 2886 προσαυξηθείσης.
849 2819 958 2871 Καὶ
985 2819 1081 2888 τὴν
1104 2820 1192 2872 διὰ
1216 2822 1318 2892 τῆς
1349 2822 1630 2893 Παρθένου
1650 2822 1922 2894 ὲνανθρὼ-

345 2923 510 2977 πησιν
539 2910 634 2960 καὶ
684 2908 788 2979 πρό
837 2911 932 2980 τῆς
986 2910 1232 2982 Βηθλεὲμ
1271 2915 1643 2984 ἠπιστάμεθα.
1679 2916 1787 2967 Καὶ
1824 2915 1922 2986 τὴν

348 3001 412 3051 ὲκ
440 3000 646 3069 νεκρῶν
676 3000 1036 3066 ἐξανάστασιν
1083 3005 1176 3056 καὶ
1227 3005 1333 3074 πρὸ
1367 3005 1461 3058 τοῦ
1493 3009 1778 3073 μνήματος
1809 3009 1924 3060 ἐπι-

349 3089 654 3159 στεύσαμεν
676 3107 692 3122 ο
731 3092 827 3144 καὶ
854 3092 952 3160 τὴν
986 3093 1066 3155 είς
1099 3093 1357 3158 οὐρανοὺς
1389 3095 1652 3148 ἀνάϐασιν
1684 3098 1778 3149 καὶ
1799 3097 1922 3167 δίχα

342 3180 438 3233 τοῦ
454 3182 514 3233 τὸ
535 3181 658 3253 ὅρος
691 3182 797 3235 τῶν
839 3182 1060 3235 Ἐλαιῶν
1097 3185 1253 3250 ἰδεῖν,
1275 3184 1450 3255 άληοῆ
1477 3181 1615 3237 εἶναι
1642 3187 1922 3257 ὡμολογή-

345 3290 536 3342 σαμεν.
573 3274 833 3327 Τοσοῦτον
872 3275 928 3326 δὲ
965 3273 1122 3344 μόνον
1158 3276 1222 3326 ὲκ
1257 3276 1353 3344 τῆς
1379 3277 1686 3348 ὁδοιπορίας
1710 3278 1922 3350 ὠφελή-

344 3366 409 3435 θη
421 3383 537 3436 μεν,
567 3368 686 3419 ὅσον
713 3370 769 3420 ὲν
791 3367 1072 3437 συγκρίσει
1102 3367 1323 3435 γνῶναι,
1359 3369 1439 3420 ὅτι
1459 3369 1527 3423 τά
1552 3369 1793 3440 ἡμέτερα
1816 3369 1923 3422 τῶν

343 3457 448 3521 ἔξω
479 3458 610 3510 πολὺ
662 3458 938 3529 άγαὶιτερά
968 3461 1132 3514 ἐστιν.
1180 3460 1342 3513 Ὅθεν
1384 3461 1431 3512 οἱ
1467 3459 1791 3531 φοϐούμενοι
1831 3462 1923 3514 τὸν

342 3548 566 3618 Κύριον,
596 3550 653 3602 ὲν
680 3544 760 3612 οἷς
781 3553 902 3603 ἐστε
931 3551 1135 3614 τόποις,
1164 3551 1411 3604 αἰνέσατε
1436 3552 1616 3606 αὐτόν.
1648 3553 1783 3605 Θεοῦ
1813 3552 1922 3624 γάρ

343 3641 746 3710 προσεγγισμὸν
789 3643 985 3712 τοπικὴ
1021 3642 1344 3712 μετάστασις
1380 3645 1436 3696 οὐ
1483 3644 1878 3716 κατεργάζεται
1905 3659 1920 3672 °

341 3733 456 3786 ἀλλ’
487 3734 728 3803 ὅπουπερ
763 3731 826 3785 ἂν
865 3729 952 3805 ᾖς,
982 3733 1116 3802 πρὸς
1156 3736 1213 3787 σὲ
1244 3735 1363 3806 ἣξει
1405 3739 1433 3789 ὁ
1462 3736 1613 3799 Θεὸς,
1647 3737 1740 3791 ἐάν
1772 3753 1835 3806 γε
1861 3738 1922 3790 τὸ

340 3825 440 3894 τῆς
463 3824 637 3893 ψυχῆς
662 3841 753 3876 σου
776 3823 1116 3891 καταγώγιον
1136 3825 1375 3878 τοιοῦτον
1397 3826 1615 3898 εὑρεθῇ.
1631 3827 1770 3880 ὥστε
1793 3829 1923 3880 ἐνοι-

342 3917 508 3986 κῆσαι
550 3917 640 3968 τὸν
695 3916 898 3987 Κύριον
927 3918 984 3968 ὲν
1012 3918 1093 3969 σοὶ
1131 3919 1226 3970 καὶ
1264 3919 1729 3991 ὲμπεριπατῆσαι.
1767 3921 1830 3973 ΕΞ
1863 3921 1920 3974 δὲ

342 4008 525 4078 πλήρη
580 4007 720 4077 ἔχεις
782 4007 873 4060 τὸν
903 4007 1008 4060 ἔσω
1028 4008 1312 4079 ἄνθρωπον
1346 4011 1616 4081 λογισμῶν
1647 4011 1918 4082 πονηρῶν,

342 4100 446 4152 κᾶν
503 4101 594 4151 ἐπὶ
652 4098 745 4151 τοῦ
797 4099 1035 4166 Γολγοοᾶ
1081 4095 1167 4173 ᾖς,
1201 4101 1306 4154 κᾶν
1353 4103 1446 4155 ἐπὶ
1473 4102 1565 4156 τοῦ
1595 4103 1755 4174 ὅρους
1814 4103 1921 4156 τῶν

353 4190 712 4253 Ἐλαιῶν,κᾶν
740 4192 843 4244 ὑπὸ
865 4191 924 4245 τὸ
957 4192 1143 4262 μνῆμα
1161 4192 1261 4262 τῆς
1276 4195 1640 4258 ἀναστάσεως,
1664 4195 1916 4248 τοσοῦτον

342 4283 565 4352 ἀπέχεις
595 4283 682 4335 τὸν
707 4283 937 4354 Χριστὸν
970 4284 1221 4350 δέξασθαι
1255 4287 1312 4338 ὲν
1340 4286 1536 4357 ἑαυτῷ,
1556 4288 1677 4341 ὅσον
1705 4289 1754 4340 οἱ
1786 4289 1920 4358 μηδὲ

340 4374 439 4443 τὴν
490 4373 662 4444 ἀρχὴν
695 4373 1143 4446 ὁμολογήσαντες.
1193 4377 1600 4445 Συμϐούλευσον
1642 4374 1755 4442 οὖν,
1784 4381 1920 4446 ἀγα-

341 4464 499 4532 πητὲ,
529 4467 640 4525 τοῖς
668 4464 915 4534 ἀδελφοῖς
947 4467 1204 4537 ἐκδημεῖν
1237 4467 1343 4519 άπὸ
1374 4467 1466 4520 τοῦ
1497 4469 1746 4537 σώματος
1782 4470 1919 4540 πρὸς

2029 639 2177 706 facit,
2219 642 2310 709 qui
2349 644 2650 699 secundum
2690 646 2855 702 Deum
2890 650 3020 704 illuc
3044 657 3426 723 peregrinatus
3470 658 3594 712 fue-

2025 732 2114 792 rit.
2143 735 2498 802 quamobrem
2531 738 2731 792 frustra
2768 747 2975 796 tantam
3015 745 3114 798 vite
3146 748 3449 803 molestiam
3475 767 3598 803 sus.-

2025 825 2277 880 tiuuisti‘!
2324 829 2563 881 Audiant
2593 831 2775 898 igitur,
2807 849 2918 901 quo
2941 834 3066 902 jure
3111 853 3195 889 me
3225 840 3274 890 iu
3307 841 3373 895 iis
3407 842 3596 895 deft-An-

2024 914 2172 967 dam.
2209 915 2337 968 Mihi
2369 925 2592 986 propter
2630 919 2771 973 hanc
2806 921 3021 975 vivendi
3056 925 3344 986 rationem,
3403 927 3456 980 in
3489 945 3595 995 qua

2025 1013 2084 1057 ut
2109 1004 2309 1068 vivam,
2345 1005 2414 1059 ab
2438 1021 2502 1060 eo
2538 1008 2628 1077 qui
2658 1008 2941 1078 dispensat
2972 1013 3136 1065 vitam
3173 1026 3417 1068 nostram
3463 1033 3595 1071 cou-

2025 1097 2253 1151 stitutus
2289 1112 2432 1158 sum,
2467 1114 2694 1154 necesse
2723 1099 2826 1153 fuit
2854 1117 2952 1169 pro
2982 1111 3174 1155 sancto
3206 1105 3441 1159 cons-ilio
3498 1106 3598 1160 ha-

2024 1186 2520 1258 bito‘emendanda‘.
2549 1190 2796 1245 Arabica:
2831 1193 3094 1246 Ecclesia:
3126 1196 3326 1263 gratia,
3365 1197 3431 1250 ad
3475 1197 3596 1251 loca

2025 1279 2128 1331 ista
2159 1279 2459 1348 proficisci.
2493 1282 2571 1334 Ac
2611 1296 2734 1335 cum
2765 1291 2912 1337 esset
2955 1285 3152 1338 Arabia
3205 1287 3340 1342 locis
3381 1286 3599 1343 Jeroso-

2024 1368 2304 1437 lymitanis
2333 1371 2698 1431 contermina,
2732 1372 3011 1439 pollicitus
3044 1389 3191 1426 eram
3219 1390 3302 1427 me
3337 1390 3444 1428 una
3467 1392 3591 1430 cum

2024 1460 2094 1513 iis
2114 1461 2204 1528 qui
2226 1461 2434 1514 sanctis
2448 1459 2928 1531 Jerosolymitauis
2943 1473 3183 1532 praesunt
3198 1464 3457 1520 Ecclesiis
3491 1467 3601 1520 dis-

2023 1552 2537 1621 ceptaturum,quod
2559 1567 2735 1606 rerum
2752 1553 2860 1606 illis
2875 1563 3018 1608 esset
3033 1563 3207 1609 status
3222 1557 3595 1624 perturbatus,

2023 1659 2086 1697 ac
2115 1644 2349 1714 quodam
2390 1644 2482 1711 qui
2519 1644 2727 1697 medius
2768 1645 3128 1698 intercederet
3168 1655 3411 1715 egerent.
3455 1646 3598 1700 Prat-

2023 1741 2171 1787 tcrea
2201 1748 2351 1798 vero,
2382 1733 2501 1802 ipso
2527 1748 2744 1802 quoque
2775 1734 3022 1802 piissimo
3049 1736 3373 1803 imperatore
3399 1735 3598 1790 vitel‘a-

2023 1823 2284 1875 cilitatem
2322 1823 2656 1875 concedente
2686 1836 2849 1875 curru
2880 1823 3118 1891 publico,
3150 1823 3293 1874 nulla
3325 1824 3482 1876 nobis
3505 1838 3601 1875 ne-

2026 1915 2256 1968 cessitas
2276 1914 2375 1967 fuit
2397 1929 2458 1968 ea
2486 1913 2709 1983 perpeti,
2733 1914 2923 1983 (11min
2949 1914 3069 1967 aliis
3087 1913 3596 1967 animadvertimus.

2027 2001 2351 2058 Vehiculum
2390 2005 2534 2057 enim
2577 2003 2738 2058 nobis
2770 2017 2868 2070 pro
2895 2001 3139 2055 Ecclesia
3172 2012 3225 2055 ct
3262 2004 3599 2056 monasterio

2026 2102 2165 2159 erat,
2202 2093 2457 2149 omnibus
2483 2108 2578 2162 per
2604 2101 2769 2146 totam
2801 2094 2939 2146 viam
2971 2093 3132 2146 simul
3156 2093 3512 2161 psallentibus
3545 2102 3600 2146 et

2019 2186 2398 2255 jejunantibus
2433 2184 2679 2238 Domino.
2708 2184 2966 2238 Nostrum
2995 2199 3123 2252 ergo
3157 2185 3464 2250 exemplum
3503 2199 3598 2237 ne-

2027 2277 2224 2331 minem
2259 2276 2496 2331 oﬂcndat
2535 2295 2546 2330 :
2581 2276 2710 2345 quin
2751 2275 2930 2342 potius
2968 2275 3304 2344 probabilius
3340 2274 3467 2329 inde
3500 2289 3599 2328 no-

2026 2379 2201 2422 strum
2251 2368 2538 2422 consilium
2584 2368 2693 2430 fiat,
2728 2366 2870 2435 quod
2924 2367 2989 2420 de
3035 2367 3198 2420 rebus
3233 2366 3424 2419 iisdem
3459 2381 3598 2435 quas

2025 2477 2126 2517 nos
2184 2461 2520 2530 aspeximus,
2567 2461 2859 2514 consilium
2916 2467 3164 2513 nostrum
3214 2459 3426 2512 demus.
3483 2457 3595 2514 Nos

2025 2555 2170 2608 enim
2216 2554 2497 2607 Christum
2549 2553 2640 2620 qui
2688 2554 2970 2621 apparuit,
3023 2566 3146 2604 esse
3185 2549 3353 2604 Deum
3408 2566 3596 2604 verum

2027 2644 2263 2700 confessi
2305 2660 2518 2707 sumus,
2553 2645 2715 2698 etiam
2747 2655 3038 2713 antequam
3080 2657 3146 2697 eo
3176 2643 3467 2698 ivissemus
3498 2659 3512 2697 :
3541 2651 3598 2697 et

2020 2737 2170 2800 item,
2203 2735 2304 2790 fide
2335 2750 2510 2804 neque
2543 2735 2826 2788 imminuta
2851 2775 2864 2797 ,
2896 2750 3073 2804 neque.
3099 2743 3286 2804 postea
3328 2733 3586 2787 adaucta.

2023 2826 2289 2895 Quodque
2326 2827 2489 2878 homo
2528 2840 2623 2894 per
2665 2823 2940 2891 Virginem
2981 2833 3143 2878 natus
3179 2823 3268 2887 sit,
3305 2830 3594 2891 antequam

2022 2915 2298 2970 Bethleem
2331 2916 2702 2976 intueremur,
2736 2913 3015 2968 scivimus.
3051 2911 3118 2966 Et
3155 2927 3186 2965 a
3230 2914 3462 2966 mortuis
3507 2927 3592 2965 re-

2023 3006 2422 3060 surrectionem
2453 3003 2617 3058 etiam
2661 3010 2788 3066 ante
2819 3011 3227 3058 monumentum
3263 3002 3441 3058 visum
3472 3017 3591 3056 cre-

2022 3097 2260 3153 didimus
2303 3110 2318 3148 :
2360 3104 2525 3166 atque
2575 3095 2952 3150 ascensionem
3004 3094 3056 3147 in
3095 3093 3297 3156 caelos,
3348 3093 3592 3146 nondum

2025 3175 2319 3258 conspecto
2354 3195 2539 3241 monte
2580 3185 2882 3246 Olivarum,
2913 3199 3094 3238 veram
3143 3183 3314 3238 fuisse
3354 3181 3593 3237 confessi

2025 3295 2236 3335 sumus.
2273 3277 2632 3333 Emolumenti
2671 3288 2848 3331 autem
2880 3276 2928 3328 id
2977 3274 3244 3330 tantulum
3277 3289 3344 3328 ex
3381 3273 3596 3328 itineris

2025 3370 2381 3426 concessione
2406 3368 2700 3422 habuimus
2721 3407 2734 3430 ,
2777 3367 2919 3437 quod
2945 3381 3024 3432 ex
3055 3364 3345 3420 collatione
3387 3377 3592 3431 cogno-

2026 3463 2225 3527 vimus,
2265 3468 2451 3516 nostra
2483 3458 2726 3514 externis
2756 3458 2915 3528 longe
2947 3456 3223 3512 sanctiora
3247 3471 3390 3511 esse.
3439 3453 3596 3509 Unde

2022 3568 2121 3607 vos
2167 3552 2258 3622 qui
2310 3551 2514 3606 timetis
2549 3550 2876 3612 Dominum,
2912 3550 2968 3602 in
3013 3548 3213 3618 quibus
3259 3547 3396 3602 locis
3437 3546 3594 3605 estis,

2022 3660 2144 3700 eum
2211 3643 2448 3698 laudate.
2510 3642 2725 3696 Localis
2783 3642 2930 3696 enim
2989 3640 3251 3703 mutatio,
3319 3647 3377 3693 ut
3452 3636 3597 3691 Deus

2022 3736 2242 3806 pr0pior
2275 3735 2366 3798 sit,
2404 3749 2513 3790 non
2567 3733 2768 3797 edicit;
2807 3732 2914 3786 sed
2977 3731 3166 3785 ubiubi
3205 3728 3397 3789 fueris,
3444 3727 3510 3780 ad
3547 3739 3594 3779 te

2022 3828 2168 3883 Deus
2199 3828 2398 3891 veniet,
2426 3825 2697 3896 siquidem
2728 3826 2922 3877 anima:
2951 3831 3059 3876 tuae
3087 3819 3451 3876 diversorium
3487 3820 3594 3870 tale

2020 3922 2350 3983 inveniatur,
2388 3927 2447 3972 ttt
2490 3920 2547 3971 in
2584 3925 2637 3971 te
2681 3915 2944 3969 Dominus
2992 3912 3293 3979 inhabitet,
3338 3911 3591 3965 inambu-

2022 4015 2225 4080 letque.
2265 4013 2364 4067 Sin
2398 4010 2673 4065 hominem
2710 4008 3026 4061 interiorem
3059 4002 3332 4074 perversis
3377 4003 3591 4071 cogita-

2022 4106 2265 4160 tionibus
2292 4104 2510 4174 pleuum
2535 4097 2991 4163 habeas,eliamsi
3017 4096 3070 4149 in
3102 4093 3367 4163 Golgotha
3398 4091 3589 4151 fueris,

2021 4196 2236 4253 etiamsi
2264 4196 2315 4248 in
2335 4201 2518 4248 monte
2542 4191 2844 4252 Olivarum,
2867 4187 3082 4242 etiamsi
3107 4186 3209 4240 sub
3235 4190 3590 4238 monumento

2021 4283 2465 4346 resurrectionis,
2511 4289 2724 4334 tantum
2768 4294 2799 4332 a
2831 4277 3036 4332 Christi
3071 4277 3123 4329 in
3164 4275 3408 4328 animum
3436 4280 3590 4325 tuum

2019 4377 2331 4447 receptione
2358 4376 2509 4437 abes,
2548 4381 2812 4443 quantum
2843 4370 2934 4438 qui
2972 4384 3040 4423 ne
3069 4370 3136 4421 ab
3178 4367 3334 4420 initio
3369 4364 3590 4433 quidem

2021 4469 2180 4525 fidem
2220 4466 2451 4537 professi
2481 4474 2627 4520 sunt.
2659 4461 2898 4518 Consule
2929 4475 3090 4530 ergo,
3133 4458 3362 4520 dilecte,
3402 4453 3588 4507 fratri-

340 4554 431 4608 τὸν
458 4555 681 4626 Κύριον,
733 4557 826 4610 καὶ
853 4556 927 4628 μὴ
955 4558 1060 4610 ἀπὸ
1091 4558 1483 4622 Καππαδοκίας
1512 4561 1590 4623 εἰς
1623 4561 1911 4614 Παλαιστί-

2023 4563 2146 4622 bus,
2179 4568 2238 4613 ut
2271 4575 2301 4612 a
2333 4573 2563 4627 corpore
2591 4555 3006 4626 peregrinentur
3034 4551 3100 4605 ad
3130 4549 3451 4610 Dominum,
3482 4562 3594 4600 non

342 4663 458 4714 νην.
508 4647 571 4698 Εί
618 4647 672 4699 δέ
701 4664 784 4710 τις
812 4648 909 4718 τὴν
936 4648 1028 4700 τοῦ
1073 4649 1278 4720 Κυρίου
1308 4651 1488 4721 φωνὴν
1526 4652 1786 4722 προὸάλοι
1817 4654 1915 4724 τὴν

342 4737 787 4807 παραγγείλασαν
835 4741 946 4802 τοῖς
1001 4739 1286 4809 μαθηταῖς,
1335 4741 1409 4812 μὴ
1447 4741 1774 4813 χωρίζεσθαι
1807 4745 1916 4798 ἀπὸ

354 4826 760 4898 ’ἷερυτολύμων,
811 4829 1055 4900 νοησάτω
1099 4831 1160 4883 τὸ
1187 4832 1506 4902 εἰρημένον·
1553 4835 1852 4906 ἐπειδήπερ
1881 4837 1914 4905 ἡ

341 4920 436 4971 τοῦ
489 4919 645 4986 άγίου
693 4920 1008 4990 Πνεύματος
1047 4921 1205 4993 χάρις
1228 4925 1322 4975 καὶ
1349 4925 1575 4997 διανομὴ
1613 4925 1766 4980 οῦπω
1788 4930 1914 4980 ὲπε-

345 5010 565 5081 φοίτησε
594 5013 707 5075 τοῖς
740 5012 1076 5078 ἀποστόλοις,
1108 5015 1435 5083 προσέταξεν
1465 5017 1690 5080 αὐτοῖςὸ
1716 5019 1917 5090 Κύριος

344 5103 434 5154 ἐπὶ
472 5104 533 5156 τὸ
571 5103 703 5155 αὐτὸ
741 5104 942 5175 μένειν,
986 5106 1088 5167 ἓως
1130 5107 1198 5160 ἂν
1227 5108 1553 5162 ὲνδύσωνται
1592 5109 1823 5180 δύναμιν
1862 5110 1920 5176 ἐξ

344 5190 529 5258 ὕψους.
569 5193 632 5245 Εἰ
659 5195 756 5262 μὲν
788 5193 817 5246 ὃ
852 5190 920 5264 ἦν
946 5194 1039 5246 ἀπ’
1065 5196 1238 5267 ἀρχῆς
1267 5199 1472 5265 ἐγίνετο
1505 5201 1664 5268 μέχρι
1686 5199 1780 5251 τοῦ
1805 5199 1921 5262 νῦν,

343 5281 437 5334 τοῦ
477 5283 634 5351 ἁγίου
669 5283 810 5337 Πνεύ
821 5303 986 5354 ματος
1015 5287 1072 5340 ὲν
1093 5289 1219 5341 εῖδει
1249 5290 1416 5360 πυρὸς
1445 5290 1552 5343 τῶν
1569 5293 1924 5364 χαρισμάτων

343 5373 749 5442 οίκονομοῦντος
764 5375 1013 5442 ἕκαστον,
1044 5378 1150 5433 ἔδει
1180 5380 1384 5444 πάντας
1415 5375 1554 5434 εἶναι
1577 5384 1634 5435 ὲν
1663 5382 1742 5453 τῷ
1769 5384 1919 5455 τόπῳ

345 5463 539 5532 ἐκείνῳ
569 5465 625 5517 ὲν
653 5459 746 5534 ᾧή
773 5465 1002 5539 διανομὴ
1025 5469 1119 5522 τοῦ
1149 5470 1712 5540 χαρίσματοςοὲγίνετο
1735 5491 1749 5505 °
1784 5476 1833 5527 εί
1860 5475 1917 5529 δὲ

345 5549 406 5602 τὸ
436 5551 658 5622 Πνεῦμα
686 5555 818 5607 ὅπου
849 5555 992 5609 θέλει
1045 5561 1186 5625 πνεῖ,
1214 5561 1307 5614 καὶ
1333 5561 1383 5613 οἱ
1426 5561 1658 5616 ἐνταῦθα
1697 5565 1920 5618 πιστεύ-

491 5816 512 5849 ¹
549 5817 672 5871 Act.
705 5835 739 5874 ι.
768 5820 815 5874 εί.

2023 4669 2054 4708 e
2080 4649 2424 4721 Cappadocia
2451 4651 2502 4703 in
2530 4647 2898 4702 Palaestinam.
2931 4645 3088 4711 Quod
3130 4644 3174 4698 si
3207 4642 3332 4712 quis
3369 4641 3594 4710 objiciat

2022 4744 2240 4798 Domini
2265 4757 2453 4797 vocem
2483 4740 2771 4810 discipulis
2793 4738 3218 4807 prrecipientem,
3243 4750 3310 4789 ne
3339 4733 3586 4788 discede-

2022 4844 2146 4890 rent
2186 4834 2256 4888 ab
2288 4830 2646 4900 Jerosolymis
2673 4832 2712 4892 ',
2754 4827 3018 4895 intelligat
3045 4823 3174 4894 quid
3210 4823 3417 4877 dictum
3458 4819 3589 4873 illul

2022 4927 2276 4980 voluerit.
2326 4923 2462 4978 Cum
2504 4919 2680 4975 sancti
2717 4918 2957 4987 Spiritus
3010 4916 3184 4984 gratia
3223 4921 3277 4967 et
3319 4912 3594 4979 dispersio

2022 5018 2266 5073 nondum
2319 5015 2560 5069 venisset
2622 5010 2919 5081 apostolis,
2973 5006 3142 5074 jussit
3193 5005 3274 5058 eis
3333 5002 3596 5055 Dominus

2021 5109 2210 5166 eodem
2243 5109 2300 5161 in
2339 5108 2460 5161 loco
2489 5104 2650 5158 simul
2697 5114 2938 5160 manere,
2970 5098 3145 5150 donec
3193 5093 3369 5148 induti
3407 5099 3595 5145 essent

2020 5201 2227 5256 virtute
2263 5213 2329 5252 ex
2363 5197 2494 5251 alto.
2525 5195 2594 5247 At
2626 5193 2696 5257 si,
2729 5191 2875 5261 quod
2905 5188 3060 5242 initio
3093 5185 3274 5245 ﬁebat,
3312 5192 3371 5237 ut
3413 5182 3591 5252 Spiri-

2022 5305 2111 5350 tus
2151 5300 2376 5349 sanctus
2406 5289 2547 5359 ignis
2579 5285 2759 5355 specie
2796 5282 2942 5336 dona
2979 5280 3210 5348 singulis
3257 5275 3589 5344 impertiret,

2023 5387 2310 5454 hucusque
2341 5383 2513 5442 ﬁeret,
2549 5390 2739 5432 omnes
2774 5379 3055 5443 oporteret
3089 5372 3142 5424 in
3184 5385 3250 5423 eo
3293 5369 3416 5422 loco
3461 5381 3587 5422 esse

2025 5479 2115 5532 ubi
2166 5460 2307 5530 dona
2341 5472 2801 5528 distribuerentur
2855 5485 2869 5521 :
2913 5466 2998 5521 sin
3036 5463 3278 5534 Spiritus
3328 5461 3418 5516 ubi
3473 5459 3593 5511 vult

2027 5567 2199 5636 spirat
2231 5580 2244 5616 :
2277 5564 2313 5618 ii
2353 5575 2569 5632 quoque
2601 5557 2696 5630 qui
2727 5556 2816 5611 hic
2841 5560 2991 5623 sunt,
3023 5567 3088 5608 ae
3125 5550 3387 5616 credunt,
3424 5548 3591 5619 parti-
