4092 6368
443 420 580 477 1015

1679 423 1735 478 S.
1793 421 2118 480 GREGORII
2171 417 2462 474 NYSSENI

3551 410 3690 465 1016

436 536 590 602 cipes
619 535 775 600 ﬁunt,
813 533 970 605 juxta
1001 536 1124 592 ﬁdei
1157 537 1495 608 analogiam,
1523 555 1628 593 non
1671 540 1826 608 juxta
1861 556 2008 610 perc-

2114 552 2318 598 σαντες,
2356 532 2572 604 μέτοχοι
2627 532 2864 599 γίνονται
2891 532 2985 584 τοῦ
3027 528 3386 602 χαρίσματος,
3418 525 3558 579 κατά
3590 525 3689 596 τὴν

436 627 803 693 grinationcm
843 627 896 681 in
933 625 1271 698 Jcrosolyma
1313 639 1645 700 susceptam.

985 1039 1321 1097 EPISTOLA
1360 1041 1444 1096 ΙΙΙ.

2112 625 2397 692 ἀναλογίαν
2435 624 2536 692 τῆς
2565 622 2821 686 πίστεως,
2854 622 2914 674 οὐ
2939 621 3080 675 κατά
3117 621 3215 692 τὴν
3241 617 3560 690 ἀποδημίαν
3588 616 3689 688 τὴν

2113 716 2170 767 ἐν
2207 713 2615 785 Ἱεροσολύμοις.

2674 1046 3017 1100 ΕΠΙΣΤΟΛΗ
3044 1045 3114 1101 Γ¹.

435 1195 728 1250 Commoda
761 1205 811 1282 et
844 1199 1102 1282 utilitates
1129 1199 1435 1282 spiritualeg
1474 1215 1540 1254 ea:
1578 1201 1884 1282 visitqtione
1917 1203 2153 1282 locorum
2180 1218 2484 1282 sanctorum
2514 1204 2893 1282 provenieutes
2924 1206 3162 1282 agnoscit
3201 1202 3687 1282 νηαιιαηιηιιεησονξ-

504 1277 714 1343 questus
745 1269 808 1320 de
838 1266 1078 1343 dissidiis
1127 1269 1378 1343 Ecclesia:
1398 1267 1887 1343 Jerosolymitauaz,
1924 1277 2230 1343 mysterium
2255 1266 2646 1330 incarnationis
2678 1273 2893 1326 Domini
2924 1266 3138 1343 eipouit
3171 1290 3382 1326 monens
3427 1266 3483 1323 ut
3515 1271 3688 1338 [it-mi-

508 1346 585 1388 ter
605 1336 907 1391 adlttereant
943 1339 1173 1408 antiqua:
1205 1338 1330 1408 ﬁdei
1362 1340 1557 1410 regula:
1587 1336 1631 1394 ᾰ
1654 1340 1907 1396 Patribus
1929 1336 2022 1412 ρέι·
2051 1347 2390 1402 traditionem
2420 1355 2671 1416 acceptw.

445 1492 575 1548 Vere
604 1497 876 1568 ornatiss.
927 1507 976 1550 et
1014 1496 1323 1568 religiosiss.
1379 1499 1668 1562 sororibus,
1701 1499 2004 1554 Eustathiae

503 1574 551 1617 et
581 1566 892 1630 Ambrosiw,
928 1566 1130 1621 necnon
1155 1569 1511 1623 ornatissima:
1539 1581 1588 1622 et
1621 1570 2005 1624 honestissima!

503 1633 634 1702 ﬁlia;
662 1634 964 1703 Basiliam,
987 1636 1271 1707 Gregorius
1298 1639 1526 1693 salutem
1555 1641 1610 1692 in
1640 1638 1868 1695 Domino
1902 1640 2001 1709 (1).

502 1810 846 1882 Congressus
871 1813 1165 1880 bonorum,
1189 1813 1436 1884 mihique
1462 1831 1527 1870 ex
1559 1815 1744 1869 animo
1773 1815 2004 1871 dilecto-
2037 1809 2080 1864 Β

435 1919 579 1969 rum,
609 1917 664 1959 et
690 1905 838 1961 illius
872 1906 1111 1976 ingentis
1147 1907 1509 1965 humanitatis
1538 1911 1696 1966 nobis
1723 1925 1753 1963 a
1777 1909 2008 1966 Domino

436 1996 692 2065 praesuta:
746 2007 1142 2064 monumenta,
1205 2016 1329 2070 quae
1387 2002 1553 2056 isthic
1618 2003 2006 2070 ostenduntur,

436 2087 659 2140 maximi
695 2090 876 2159 gaudii
913 2097 967 2144 et
1017 2091 1317 2160 voluptatis
1352 2103 1674 2162 argumento
1709 2093 1842 2146 mihi
1890 2092 2010 2149 fne-

437 2184 587 2229 runt.
625 2175 868 2249 Utroque
916 2179 1061 2234 enim
1111 2181 1274 2235 modo
1307 2181 1495 2236 feriari
1540 2183 1650 2238 Deo
1694 2182 1826 2253 quid
1862 2190 2010 2238 esset

437 2269 776 2333 experiebar,
824 2285 950 2325 cum
1001 2281 1056 2326 et
1104 2270 1237 2337 Dei,
1286 2273 1378 2342 qui
1427 2274 1593 2328 vitam
1637 2274 1797 2330 nobis
1835 2274 2007 2339 dedit,

437 2360 683 2429 symbola
715 2361 978 2415 salutaria
1016 2362 1302 2428 videbam,
1332 2373 1386 2419 et
1417 2366 1470 2418 in
1507 2364 1775 2433 ejusmodi
1817 2381 2009 2435 perso-

437 2462 538 2501 nas
573 2447 896 2514 incideram,
929 2451 983 2504 in
1015 2451 1172 2520 queis
1210 2451 1303 2504 illa
1337 2452 1455 2521 ipsa
1489 2452 1643 2522 signa
1677 2452 1865 2521 gratiae
1899 2452 2010 2506 Do-

437 2537 573 2592 mini
601 2539 965 2608 spiritualiter
985 2548 1068 2596 est
1093 2542 1476 2611 contemplari,
1506 2551 1567 2596 ut
1590 2542 1819 2598 credere
1847 2543 2010 2597 liccat

436 2646 560 2687 esse
588 2646 776 2688 revera
813 2635 878 2704 in_
898 2635 1082 2690 animo
1121 2635 1272 2689 illius
1303 2635 1398 2704 qui
1435 2634 1604 2690 Deum
1637 2637 1692 2689 in
1734 2651 1795 2690 se
1826 2635 2006 2701 habet,

435 2717 773 2784 Bethlehem,
800 2720 1146 2793 Golgotham,
1179 2722 1470 2790 Olivetum,
1502 2723 2005 2780 Resurreclionem.

436 2807 572 2863 Nam
610 2811 702 2864 ubi
735 2813 789 2865 in
830 2813 1016 2882 aliquo
1049 2829 1145 2884 per
1173 2814 1372 2868 bonam
1421 2815 1816 2869 conscientiam
1851 2815 2011 2870 Chri-

437 2909 559 2954 stus
591 2901 759 2956 fuerit
785 2903 1136 2968 informatus,
1170 2915 1262 2960 aut
1285 2906 1486 2975 aliquis
1521 2917 1665 2960 metu
1700 2906 1888 2960 divino
1919 2922 2011 2961 ve-

437 2992 536 3046 luti
577 2993 748 3050 clavis
793 3011 990 3052 carnes
1029 3013 1160 3052 suas
1194 2997 1524 3062 confugerit,
1561 2997 1840 3068 fueritque
1883 3013 2009 3052 cum

437 3083 656 3140 Christo
704 3089 857 3142 cruci
893 3087 1128 3151 allixus,
1177 3097 1231 3144 et
1265 3105 1432 3160 grave
1481 3105 1675 3145 saxum
1722 3089 2011 3143 mundana

438 3173 650 3270 frangis
677 3177 857 3264 fuerit
901 3179 1195 3244 amolitus,
1232 3195 1610 3251 corporeoque
1657 3167 2012 3235 monumento

436 3281 716 3338 egressus,
751 3271 900 3324 velut
930 3270 984 3324 iu
1025 3287 1168 3326 nova
1201 3271 1312 3326 vita
1343 3272 1628 3327 ambulare
1659 3271 1962 3327 instituerit
1994 3289 2009 3325 :

437 3343 630 3433 relicta
672 3359 777 3414 hac
813 3361 1006 3416 humili
1039 3371 1205 3432 atque
1243 3362 1396 3417 humi
1440 3371 1664 3434 repente
1695 3365 2011 3420 mortalium

437 3451 584 3516 vita,
617 3451 842 3506 sublimi
891 3452 1169 3508 desiderio
1203 3455 1259 3508 in
1305 3455 1585 3510 caelestem
1619 3455 2011 3523 rempublicam

439 3542 774 3606 ascenderit,
823 3559 1065 3613 superna
1099 3546 1384 3614 cogitans,
1430 3546 1522 3600 ubi
1567 3556 1650 3600 est
1694 3546 1956 3602 Christus
1994 3563 2009 3597 :

437 3632 517 3685 nil
569 3631 811 3701 pondere
860 3635 1108 3703 corporis
1159 3643 1443 3704 gravatus,
1489 3636 1585 3690 sed
1636 3637 1858 3704 puriore
1904 3637 2014 3691 vita

440 3725 620 3780 factus
669 3741 701 3779 a
761 3727 944 3796 seipso
999 3727 1190 3792 levior,
1244 3736 1305 3780 ut
1351 3743 1448 3797 per
1493 3727 1750 3782 sublimia
1791 3743 2012 3783 sursum

437 3817 750 3871 tendentem
774 3831 902 3871 caro
927 3815 1104 3886 ipsius
1127 3817 1292 3872 nubis
1315 3817 1490 3872 instar
1510 3818 1764 3872 comitari
1793 3819 1970 3872 valeat
1997 3837 2010 3873 :

439 3908 530 3962 hic
563 3923 686 3963 meo
715 3908 935 3978 quidem
979 3908 1194 3978 judicio
1237 3909 1382 3964 inter
1423 3910 1547 3965 illas
1592 3910 1824 3966 celebris
1858 3912 2017 3966 famae

439 4014 530 4053 res
573 3999 788 4053 censeri
823 3997 1006 4064 debet,
1043 3999 1099 4053 in
1145 3999 1349 4072 quibus
1393 3999 1754 4068 benignitatis
1803 3999 2018 4054 Domini

442 4089 618 4142 nostri
656 4102 785 4158 erga
815 4087 1117 4142 humanum
1152 4103 1325 4158 genus
1356 4097 1710 4142 monumenta
1739 4088 2013 4144 visuntur.

440 4176 578 4232 CLIII
612 4178 780 4248 igitur
806 4187 861 4232 et
891 4177 1147 4232 sensibus
1182 4178 1319 4232 meis
1344 4178 1465 4232 loca
1492 4188 1684 4232 sancta
1723 4179 1966 4234 intuerer
1999 4197 2013 4234 :

442 4271 688 4325 intuerer
714 4285 846 4324 vero
878 4269 983 4323 hoc
1017 4269 1252 4338 amplius
1277 4269 1444 4323 etiam
1473 4271 1528 4325 in
1559 4270 1714 4325 vobis
1746 4271 2018 4338 ejusmodi

445 4359 692 4412 locorum
723 4371 984 4427 expressa
1031 4357 1187 4426 signa
1225 4374 1237 4408 :
1285 4364 1437 4411 tanto
1475 4359 1727 4427 equidem
1776 4361 2018 4428 repletus

2116 1501 2249 1576 Tui}:
2316 1503 2743 1576 κοσμιωτάταις
2801 1498 3042 1576 ᾁληθῷς
3065 1501 3208 1576 ’καί
3227 1497 3688 1576 εὐλαϐεστᾴταις

2181 1567 2505 1643 ἀδελφαῖς,
2561 1567 2866 1638 Εὐστάθίςι
2910 1567 3010 1643 καὶ
3065 1571 3380 1643 ’Λμϐροσίςι
3410 1607 3426 1629 ν
3469 1567 3566 1643 σίζκέ
3612 1567 3688 1634 τῖῖ

2182 1639 2555 1711 κοσμιωτάτῃ
2591 1644 2688 1696 καὶ
2709 1641 3045 1711 σεμνοτάτη
3071 1641 3311 1709 θυγατρὶ
3338 1639 3691 1704 Βασιλίσσ-ιι

2182 1715 2506 1782 Γρηγόριος
2525 1713 2597 1766 ἐν
2631 1713 2824 1781 Κιιοίῳ
2850 1711 3096 1780 χαίρειν.

2190 1825 2254 1878 Ἦ
2279 1825 2377 1896 μὲν
2410 1825 2518 1878 τῶν
2545 1825 2762 1894 ἀγαθῶν
2782 1823 2876 1876 καὶ
2905 1821 3256 1892 καταθυμίων
3285 1818 3560 1888 συντυχία,
3597 1817 3692 1871 καὶ

2107 1914 2176 1969 τὰ
2196 1917 2549 1988 γνωρίσματα
2571 1917 2668 1986 τῆς
2688 1915 2927 1986 μεγάλης
2942 1913 3035 1966 τοῦ
3062 1913 3332 1966 Δεσπότου
3363 1910 3504 1981 ὑπὲρ
3526 1911 3558 1980 ἡ
3567 1909 3682 1979 μῶν

2110 2007 2538 2080 φιλανθρωπίας,
2589 2007 2659 2059 τὰ
2701 2009 2758 2058 ἐν
2802 2007 2916 2068 τοῖς
2961 1995 3146 2066 τόποις
3198 2000 3542 2070 δεικνύμενα,
3590 2001 3692 2068 τῆς

2113 2097 2372 2167 μεγίστης
2402 2095 2616 2165 ἐγένετό
2649 2112 2738 2166 μοι
2767 2095 2942 2165 χαρᾶς
2973 2109 3033 2145 τε
3063 2091 3159 2144 καὶ
3181 2089 3517 2160 εὐφροσύνης
3556 2089 3691 2141 ὑπό-

2110 2189 2276 2252 θεσις.
2332 2187 2680 2257 Ἀμφοτὲρων
2731 2187 2838 2256 γὰρ
2876 2182 3116 2255 ἐδηλώθη
3167 2199 3258 2252 μοι
3308 2183 3340 2252 ἡ
3385 2180 3522 2234 κατὰ
3559 2180 3693 2232 Θεὸν

2109 2283 2294 2352 ἑορτὴ,
2349 2281 2439 2334 διά
2488 2298 2546 2333 τε
2599 2281 2692 2333 τοῦ
2740 2281 2867 2333 ἰδεῖν
2908 2279 2976 2332 τὰ
3009 2281 3251 2349 σωτήρια
3300 2275 3542 2346 σύμϐολα
3594 2273 3690 2327 τοῦ

2110 2373 2541 2444 ζωοποιήσαντος
2589 2374 2737 2443 ἡμᾶς
2771 2372 2929 2434 Θεοῦ,
2976 2371 3068 2424 καὶ
3106 2369 3192 2423 διά
3226 2369 3318 2422 τοῦ
3344 2368 3544 2438 ψυχαῖς
3577 2381 3695 2418 συν-

2108 2464 2310 2531 τυχεῖν,
2356 2463 2413 2515 ὲν
2457 2458 2545 2523 αἷς
2574 2461 2641 2513 τὰ
2684 2460 2906 2513 τοιαῦτα
2942 2459 3042 2528 τῆς
3085 2458 3181 2511 τοῦ
3226 2457 3432 2526 Κυρίου
3472 2456 3693 2526 χάριτος

2112 2553 2312 2618 σημεῖα
2340 2547 2724 2616 πνευματικῶς
2757 2546 3058 2616 θεωρεῖται,
3101 2543 3241 2597 ὥστε
3280 2542 3558 2595 πιστεύειν
3607 2542 3694 2594 ὅτι

2109 2639 2327 2709 ἀληθῶς
2369 2642 2428 2692 ἐν
2481 2642 2546 2709 τῇ
2602 2637 2799 2709 καρδίᾳ
2843 2638 2958 2690 ἐστὶ
2983 2635 3076 2688 τοῦ
3117 2635 3207 2688 τὸν
3237 2633 3367 2687 Θεὸν
3396 2633 3609 2703 ἔχοντος
3653 2632 3693 2701 ἡ

2110 2731 2373 2803 Βηθλεὲμ,
2406 2733 2433 2784 6
2472 2728 2756 2798 Γολγοθάς,
2785 2731 2814 2781 6
2861 2726 3108 2790 Ἐλαιὼν,
3138 2727 3172 2796 ἡ
3211 2723 3690 2785 Ἀνάστασις.⁶’οτε

2109 2820 2216 2891 γὰρ
2248 2820 2336 2873 διὰ
2358 2819 2454 2889 τῆς
2485 2818 2694 2888 ἀγαθῆς
2749 2816 3106 2886 συνειδήσεως
3151 2815 3180 2867 6
3223 2812 3456 2884 Χριστὸς
3479 2812 3693 2880 ἐμμορ-

2065 2931 2080 2945 ·
2111 2909 2285 2981 φωθῇ,
2347 2911 2441 2964 καὶ¹
2498 2909 2822 2979 καθηλώσας
2869 2907 2946 2978 τῷ
2983 2906 3115 2976 θείῳ
3164 2905 3314 2974 φόϐῳ
3348 2902 3449 2967 τάς
3483 2903 3692 2972 σάρκας

2111 3001 2296 3063 αὑτοῦ,
2332 3003 2424 3054 καὶ
2455 2998 2855 3071 συσταυρωθεὶς
2880 2996 2957 3068 τῷ
2981 2995 3223 3068 Χριστῷ,
3244 2995 3337 3048 καὶ
3355 2991 3693 3055 ἀποκυλίσας

2115 3093 2207 3162 ἀφ’
2257 3092 2451 3147 ἑαυτοῦ
2498 3093 2588 3146 τὸν
2625 3091 2792 3163 βαρὺν
2834 3090 2934 3161 τῆς
2971 3087 3232 3158 βιωτικῆς
3273 3084 3488 3154 ἀπάτης
3521 3081 3690 3144 λίθον,

2114 3183 2208 3236 καὶ
2247 3182 2475 3249 ἐξελθὼν
2513 3181 2607 3234 τοῦ
2643 3178 2952 3252 σωματικοῦ
2989 3177 3278 3249 μνημείου,
3306 3175 3381 3238 ὡς
3419 3176 3476 3227 ἐν
3512 3171 3693 3226 καινό-

2112 3288 2234 3342 τητι
2256 3271 2402 3342 ζωῆς
2433 3271 2819 3342 περιεπάτησε,
2861 3268 2955 3321 καί⁹
2975 3271 3004 3321 6
3035 3265 3350 3322 καταλιπὼν
3382 3265 3480 3334 τὴν
3508 3261 3698 3332 κοίλην

2114 3365 2210 3418 καὶ
2242 3362 2578 3434 χαμαίζηλον
2614 3362 2723 3416 τῶν
2761 3361 3062 3434 ἀνθρώπων
3094 3357 3260 3428 ζωὴν,
3285 3356 3491 3419 ἀναϐὰς
3523 3354 3578 3406 δὲ
3607 3351 3698 3406 διὰ

2113 3456 2212 3527 τῆς
2242 3455 2449 3526 ὑψηλῆς
2481 3455 2772 3524 ἐπιθυμίας
2801 3457 2878 3518 εἰς
2899 3453 2994 3524 τὴν
3032 3450 3352 3520 ἐπουράνιον
3384 3445 3657 3502 πολιτείαν
3676 3481 3693 3507 ,

2115 3545 2210 3598 καὶ
2238 3545 2307 3598 τὰ
2335 3545 2447 3598 ἀνω
2491 3544 2724 3615 φρονῶν,
2781 3537 2842 3598 οὗ
2876 3546 2904 3597 ὀ
2942 3542 3197 3614 Χριστὸς,
3225 3540 3321 3593 καὶ
3361 3538 3435 3608 μὴ
3466 3533 3694 3606 βαρυνό-

2119 3654 2276 3707 μενος
2308 3635 2386 3707 τῷ
2407 3636 2560 3706 ἄχθει
2597 3636 2691 3689 τοῦ
2743 3634 3012 3706 σώματος,
3045 3633 3160 3687 ἀλλ’
3200 3627 3564 3698 ἐξελαφρύνας
3607 3625 3696 3679 διὰ

2117 3728 2504 3800 καθαρωτέρας
2554 3726 2722 3797 ζωῆς,
2753 3726 2893 3779 ῶστε
2943 3724 3091 3795 αὐτῷ
3123 3722 3350 3792 νεφέλης
3378 3721 3532 3788 δίκην
3557 3735 3694 3787 συμ-

2121 3819 2550 3888 μετεωροπορεῖν
2598 3816 2690 3868 ἐπὶ⁵
2717 3816 2785 3868 τά
2815 3815 2926 3868 ἀνω
2957 3813 3055 3884 τὴν
3090 3813 3296 3882 σάρκα·
3343 3804 3518 3870 οὗτος,
3552 3802 3696 3858 κατά

2117 3927 2180 3978 γε
2237 3908 2334 3980 τὴν
2389 3909 2526 3979 ἐμὴν
2579 3907 2778 3977 κρίσιν,
2823 3904 3046 3959 ἐκείνων
3092 3904 3207 3956 ἐστὶ
3235 3900 3342 3954 τῶν
3376 3913 3694 3965 κατωνομα-

2120 4001 2353 4070 σμένων,
2398 4001 2456 4054 ἐν
2481 3994 2563 4062 οἷς
2610 3998 2676 4051 τὰ
2727 3997 3091 4068 ὑπομνήματα
3140 3994 3240 4063 τῆς
3287 3991 3382 4045 τοῦ
3424 3988 3693 4042 Δεσπότου

2119 4095 2258 4164 ὑπὲρ
2310 4091 2467 4163 ἡμῶν
2526 4089 2934 4161 φιλανθρωπίας
2979 4089 3189 4158 ὁρᾶται.
3251 4083 3467 4153 Ἐπειδὴ
3516 4081 3695 4134 τοίνυν

2119 4181 2260 4236 εἶδον
2320 4184 2417 4252 μὲν
2467 4182 2562 4235 καὶ
2625 4177 2898 4249 αἰσθητῶς
2937 4179 3063 4241 τοὺς
3092 4175 3278 4245 ἁγίους
3302 4175 3521 4237 τόπους,
3555 4167 3694 4223 εἶδον

2119 4273 2176 4327 δὲ
2200 4272 2294 4327 καὶ
2325 4273 2383 4325 ἐν
2412 4272 2538 4342 ύμῖν
2553 4269 2660 4323 τῶν
2685 4269 2938 4322 τοιούτων
2955 4267 3133 4319 τόπων
3157 4266 3356 4334 ἐναργῆ
3376 4264 3442 4315 τὰ
3469 4263 3694 4330 σημεῖα,

2119 4364 2383 4434 τοσαύτης
2433 4360 2752 4433 ὲπληρώθην
2785 4358 2978 4429 χαρᾶς,
3013 4356 3152 4410 ὥστε
3197 4357 3338 4425 ὑπὲρ
3375 4354 3530 4420 λόγον
3555 4347 3693 4404 εἶναι

445 4464 565 4503 sum
596 4449 831 4518 gaudio,
871 4454 933 4502 ut
979 4446 1114 4501 illud
1165 4462 1426 4503 enarrare
1468 4449 1619 4504 nulla
1666 4451 1749 4507 vis
1799 4453 2016 4507 dicendi

2119 4455 2214 4510 τοῦ
2248 4452 2453 4523 ἀγαθοῦ
2497 4453 2596 4524 τὴν
2648 4452 2921 4520 διήγησιν.
2965 4446 3102 4500 Ἀλλ’
3152 4444 3340 4515 ἐπειδὴ
3382 4442 3559 4538 ἔοικεν
3581 4442 3694 4538 ,ἀν-

445 4550 628 4610 queat.
665 4539 769 4594 Sed
802 4537 1020 4593 dilﬁcile
1042 4545 1147 4601 est,
1177 4553 1247 4594 ne
1278 4537 1454 4592 dicam
1487 4539 1602 4595 ﬁeri
1627 4543 1850 4596 omnino
1873 4543 2017 4598 haud

2121 4551 2336 4619 θρωπον
2368 4545 2494 4598 ὅντα
2525 4543 2780 4596 δύσκολον
2805 4537 2965 4603 εἶναι,
2994 4541 3080 4592 ἵνα
3121 4537 3195 4608 μὴ
3227 4539 3369 4590 είπω
3388 4536 3470 4588 ὃτι
3498 4532 3695 4587 ἀδύνα-

445 4645 630 4702 posse,
659 4637 715 4682 nt
737 4630 902 4683 homo
931 4637 1094 4684 natus
1119 4630 1265 4684 bono
1290 4630 1476 4700 aliquo
1505 4631 1742 4696 fruatur,
1767 4635 1855 4688 cui
1884 4635 2021 4689 nihil

445 4726 574 4780 mali
614 4726 686 4780 sit
731 4723 1066 4779 admistum:
1116 4732 1407 4793 propterea
1455 4724 1589 4778 mihi
1631 4739 1851 4793 quoque
1894 4738 2018 4778 cum

446 4816 628 4870 dulcia
661 4825 938 4886 gustarem
959 4853 975 4878 ,
1016 4815 1182 4870 simul
1217 4825 1272 4870 et
1310 4815 1528 4870 illorum
1562 4815 1773 4886 aliquid
1803 4823 1888 4871 est
1918 4814 2022 4868 mi-

447 4917 618 4973 stum,
650 4922 772 4978 quae
800 4921 1021 4962 sensum
1057 4920 1306 4962 amarore
1338 4905 1615 4972 alliciunt,
1647 4906 1718 4962 ob
1748 4921 1871 4976 quae
1899 4913 2021 4976 post

449 5012 674 5056 suavem
708 5012 892 5054 rerum
941 4998 1190 5054 laetarum
1225 5000 1662 5071 perceptionem,
1696 5009 1929 5055 mcestus
1964 5014 2029 5055 ac

447 5087 628 5142 tristis
657 5086 881 5142 domum
918 5088 1232 5142 revertebar
1273 5106 1286 5142 :
1322 5098 1583 5159 reputans
1622 5089 1766 5159 apud
1796 5105 1905 5152 me,
1933 5105 2027 5145 ve-

449 5194 573 5233 rum
606 5194 730 5234 esse
754 5179 901 5248 quod
929 5177 1192 5237 Dominus
1220 5180 1383 5244 dixit,
1413 5180 1676 5236 mundum
1706 5182 2026 5236 universum

454 5269 510 5323 in
544 5269 690 5322 malo
715 5270 917 5324 cubare
945 5268 963 5300 ⁸
995 5285 1009 5321 :
1038 5271 1111 5324 ita
1149 5280 1211 5326 ut
1232 5287 1360 5342 pars
1391 5271 1538 5327 nulla
1565 5271 1717 5326 orbis
1747 5279 2024 5326 terrarum

454 5358 737 5427 nequioris
763 5358 910 5413 illius
934 5361 1204 5428 partionis
1228 5363 1301 5417 sit
1323 5361 1605 5416 immunis.
1632 5359 1766 5415 Nam
1795 5361 1840 5414 si
1867 5362 2024 5416 locus

452 5449 572 5518 ipse
624 5447 720 5516 qui
772 5457 1026 5503 sanctum
1069 5452 1360 5522 vestigium
1403 5468 1544 5508 verae
1591 5452 1717 5506 vitae
1759 5453 2021 5521 suscepit,

454 5553 629 5609 purus
659 5552 692 5592 a
737 5540 897 5595 malis
936 5541 1188 5598 sentibus
1221 5559 1330 5598 non
1365 5553 1484 5606 est,
1537 5543 1669 5613 quid
1704 5544 1772 5599 de
1806 5545 2022 5599 caeteris

453 5629 668 5699 opinari
721 5627 1003 5695 debemus,
1050 5632 1144 5700 qui
1191 5634 1308 5686 sola
1347 5634 1626 5688 auditione
1669 5641 1724 5687 et
1763 5635 2026 5703 praedica-

531 5738 550 5770 ι
585 5733 794 5792 lJoan.
829 5754 891 5802 v,
928 5738 1014 5793 19.

532 5827 612 5900 (1)
645 5830 817 5887 Isaac.
849 5828 1177 5886 Casaubono
1208 5829 1528 5899 interprete.
1559 5861 1628 5872 —
1658 5826 1758 5886 Ed.
1800 5831 1955 5896 1658,
1999 5829 2085 5899 111,

2115 4656 2228 4704 τον,
2278 4635 2476 4708 ἀμιγὲς
2529 4634 2624 4687 τοῦ
2663 4632 2831 4687 κακοῦ
2864 4632 2924 4684 τὸ
2964 4630 3163 4699 ἀγαθὸν
3203 4627 3578 4701 καρποῦσθαιο
3609 4625 3697 4679 διά

2116 4728 2273 4782 τοῦτό
2309 4744 2399 4797 μοι
2446 4729 2512 4796 τῇ
2557 4724 2740 4793 γεύσει
2771 4722 2878 4776 τῶν
2925 4722 3168 4791 γλυκέων
3211 4719 3616 4790 συγκατεμίχθη
3643 4735 3702 4770 τιν

2118 4816 2212 4870 καὶ
2238 4815 2346 4868 τῶν
2371 4813 2764 4885 πικραινόντων
2780 4812 2880 4882 τὴν
2907 4810 3156 4880 αίσθησιν
3179 4824 3192 4838 ·
3227 4809 3310 4878 ἐφ’
3331 4803 3413 4871 οἷς
3442 4809 3586 4878 μετά
3599 4807 3703 4876 τὴν

2121 4904 2331 4974 ἀγαθὴν
2353 4902 2461 4956 τῶν
2502 4900 2900 4972 εύφραινόντων
2929 4899 3249 4959 ἀπόλαυσιν,
3294 4896 3456 4950 πάλιν
3487 4895 3580 4948 ἐπὶ
3599 4895 3698 4963 τὴν

2124 4995 2354 5066 πατρίδα
2388 4991 2794 5063 σκυθρωπάζων
2809 4992 3170 5062 ἐπορευόμην,
3199 4987 3544 5057 λογιζόμενος
3567 5025 3581 5049 ,
3616 4986 3698 5038 ὅτι

2122 5080 2472 5158 ἀληθὴςότοῦ
2501 5083 2704 5155 Κυρίου
2733 5081 2890 5150 λόγος
2915 5085 2942 5134 6
2961 5079 3130 5133 εἰπὼν
3144 5079 3260 5134 ὅλον
3285 5077 3378 5132 τὸν
3409 5077 3610 5146 κόσμον
3639 5075 3697 5127 ἐν

2121 5179 2200 5250 τῷ
2227 5176 2450 5248 πονηρῷ
2483 5175 2694 5229 κεῖσθαι
2713 5192 2728 5206 ·
2753 5174 2826 5238 ὡς
2862 5174 3025 5245 μηδὲν
3047 5174 3147 5241 τῆς
3178 5172 3502 5242 οἰκουμένης
3535 5169 3700 5239 μέρος

2123 5268 2405 5338 ἐλεύθερον
2430 5261 2569 5320 εἶναι
2596 5267 2694 5336 τῆς
2722 5265 2914 5335 μοίρας
2941 5263 3034 5316 τοῦ
3063 5264 3324 5334 χείρονος.
3366 5263 3428 5314 Et
3457 5259 3564 5331 γὰρ
3589 5261 3618 5312 6
3636 5260 3697 5311 τὸ

2123 5361 2274 5430 ἅγιον
2297 5361 2395 5430 τῆς
2423 5358 2589 5420 ὅντως
2617 5357 2760 5426 ζωῆς
2809 5356 2951 5425 ίχνος
2988 5353 3380 5422 ὑποδεξάμενος
3403 5352 3567 5414 τόπος
3599 5351 3699 5420 τῆς

2123 5453 2364 5522 πονηρᾶς
2379 5451 2618 5519 ἀκάνθης
2645 5450 2707 5502 ού
2736 5445 3048 5517 καθαρεύει,
3071 5445 3122 5498 τί
3144 5445 3248 5515 χρὴ
3288 5444 3417 5514 περὶ
3449 5443 3556 5496 τῶν
3583 5442 3697 5494 λοι-

2125 5541 2240 5594 πῶν
2275 5542 2474 5594 ἐννοεῖν
2505 5539 2705 5602 τόπων,
2729 5533 2810 5598 οἷς
2857 5537 2890 5606 ἡ
2924 5534 3017 5587 τοῦ
3049 5533 3253 5600 ἀγαθοῦ
3285 5533 3546 5604 μετουσία
3567 5548 3698 5584 κατα

2125 5633 2338 5703 εσπάρη
2370 5631 2457 5686 διὰ
2497 5629 2658 5700 ψιλῆς
2695 5628 2864 5697 ἀκοῆς
2902 5626 2992 5679 καὶ
3030 5625 3403 5697 κηρύγματος;
3433 5620 3608 5675 ταῦτα
3640 5620 3700 5675 δέ

2125 5832 2250 5888 655.
