4092 6368
394 317 560 371 ’1017

1607 317 1990 376 ΕΡΙδΤΟιᾹῐ.
2027 348 2096 359 --
2124 319 2342 378 EPIST.
2382 319 2469 374 lll.

3533 332 3669 387 1018

420 438 554 508 πρὸς
576 439 603 491 ὃ
624 454 675 490 τι
699 436 907 508 βλέπων
929 439 1091 510 φημὶ,
1115 441 1326 506 πάντως
1355 442 1506 496 οὐδὲν
1531 444 1635 515 χρὴ
1657 446 1987 515 γυμνότερον

2091 443 2237 500 tione
2276 445 2400 499 boni
2453 445 2599 499 illius
2637 446 3022 500 communione
3074 457 3204 500 sunt
3252 449 3500 516 aspersi?
3547 449 3665 515 Quo

416 527 504 580 διὰ
541 527 650 580 τῶν
675 526 846 595 λόγων
906 529 1233 593 ἐκτίθεσθαι,
1284 531 1461 584 αὐτῶν
1513 531 1620 584 τῶν
1657 533 1993 604 πραγμάτων

419 618 600 688 πάσης
633 619 818 688 φωνῆς
859 620 1137 691 γνωρίμου
1171 623 1534 694 γεγωνότερον
1564 624 1902 678 διαϐοώντων
1928 626 1996 678 τὰ

419 709 656 780 λυπηρά.
687 710 831 764 Μίαν
855 710 1054 782 ἔχθραν
1081 712 1467 784 ἐνομοθέτησεν
1502 716 1631 786 ἡμῖν
1662 718 1690 769 ὁ
1715 717 1811 787 τῆς
1850 715 1994 786 ζωῆς

419 801 576 871 ήμῶν
607 802 926 873 νομοθέτης,
953 803 1050 874 τὴν
1079 805 1213 873 πρὸς
1245 805 1335 858 τὸν
1361 805 1481 874 ὅφιν
1515 807 1656 874 λέγω
1684 822 1697 836 ’
1732 806 1869 878 πρὸς
1901 808 1993 860 ού-

418 891 505 945 δὲν
536 893 663 948 ἄλλο
681 893 779 965 τὴν
801 894 892 948 τοῦ
931 899 1106 964 μισεῖν
1135 896 1359 967 δύναμιν
1390 898 1726 970 ἐνεργεῖσθαι
1759 900 1995 969 προστά-

421 981 536 1046 ξας,
567 986 615 1037 εἰ
644 984 718 1056 μὴ
745 985 880 1056 πρὸς
911 986 1009 1056 τὴν
1030 987 1374 1058 ἀποστροφὴν
1392 988 1491 1058 τῆς
1514 989 1997 1057 κακίας.Ἕχοραν

418 1076 528 1146 γὰρ
553 1074 739 1142 θήσω,
787 1077 970 1145 φησὶν,
998 1076 1114 1130 ἀνὰ
1141 1077 1336 1145 μέσον
1361 1078 1498 1142 σοῦ,
1538 1078 1636 1132 καί
1664 1078 1780 1146 ἀνὰ
1800 1078 1996 1146 μέσον

417 1166 670 1219 ἐκείνου.
723 1166 938 1235 Ἐπειδὴ
999 1166 1215 1237 ποικίλη
1250 1183 1332 1244 τις
1358 1168 1456 1220 καὶ
1478 1158 1757 1239 πολυειδής
1789 1171 1932 1222 ἐστιν
1959 1170 1992 1239 ἡ

417 1255 601 1318 κακία,
626 1257 713 1310 διὰ
749 1255 842 1308 τοῦ
881 1256 1053 1324 ἧφεως
1100 1259 1129 1310 ὁ
1162 1256 1315 1325 λόγος
1343 1258 1546 1328 ταύτην
1575 1259 1890 1324 αἰνίττεται,
1925 1262 1994 1330 τῇ

418 1350 595 1418 πυκνῇ
625 1348 732 1402 τῶν
767 1347 993 1416 φολίδων
1037 1349 1182 1402 θέσει
1210 1349 1268 1402 τὸ
1309 1348 1642 1420 πολύτροπον
1666 1350 1763 1420 τῆς
1797 1349 1996 1413 κακίας

419 1440 852 1511 χαρακτηρίζων.
896 1441 1085 1510 Ἡμεῖς
1109 1441 1164 1493 δὲ
1187 1441 1323 1512 πρὸς
1379 1441 1477 1510 μὲν
1508 1442 1596 1495 τὸν
1619 1442 1741 1512 ὅφιν
1768 1442 1993 1496 ἔνσπον-

415 1529 515 1596 δοι,
546 1530 633 1584 διὰ
659 1531 750 1584 τοῦ
804 1530 872 1584 τὰ
923 1531 1204 1602 θελήματα
1260 1531 1354 1585 τοῦ
1385 1533 1760 1602 ἀντικειμένου
1798 1536 1992 1599 ποιεῖν,

417 1622 716 1692 ἐγενόμεθα
741 1639 756 1654 ο
810 1623 871 1676 τὸ
917 1623 972 1676 δὲ
1009 1626 1164 1693 μῖσος
1219 1623 1338 1676 κατ’
1377 1623 1619 1693 ἀλλήλων
1651 1625 1992 1695 ὲτρέψαμενο

415 1711 556 1782 τάχα
584 1713 641 1766 δὲ
672 1714 792 1768 οὐδὲ
816 1715 939 1767 καθ’
978 1715 1155 1784 ἡμῶν,
1187 1715 1320 1768 ἀλλὰ
1355 1715 1498 1770 κατὰ
1523 1715 1615 1768 τοῦ
1650 1708 1748 1786 τήν
1777 1717 1994 1788 ἐντολὴν

415 1802 722 1867 δεδωκότος.
763 1805 820 1858 '0
847 1804 946 1873 μὲν
992 1805 1100 1877 γάρ
1133 1822 1316 1875 φησιν,
1349 1805 1696 1874 Ἀγαπήσεις
1718 1805 1826 1860 τὸν
1846 1811 1997 1875 πλη-

414 1892 557 1946 σίον
584 1907 722 1954 σου,
761 1894 858 1947 καί
893 1893 1180 1962 μισήσεις
1206 1892 1314 1946 τὸν
1341 1893 1551 1962 ἐχθρόν
1593 1909 1738 1948 σειν
1778 1895 1997 1968 τὸνιτῆς

416 1983 630 2052 φύσεως
666 1984 824 2054 ήμῶν
853 1984 1109 2062 πολέμιον
1134 1986 1290 2054 μόνον
1326 1985 1518 2054 ἐχθρὸν
1555 1985 1805 2054 ἡγεῖσθαι
1829 2003 1997 2056 προσ-

413 2075 581 2141 τάξας
606 2092 618 2105 ·
652 2076 826 2129 πάντα
852 2076 908 2129 δὲ
938 2076 1028 2129 τὸν
1057 2077 1412 2131 κοινωνοῦντα
1449 2077 1549 2147 τῆς
1580 2077 1815 2145 φύσεως,
1859 2077 2000 2147 πληο

416 2165 528 2218 σίον
559 2165 789 2219 ἑκάστου
839 2163 976 2220 εἰναι
1019 2167 1188 2222 εἰπών
1212 2186 1228 2201 ο
1263 2171 1295 2240 ή
1340 2169 1398 2223 δὲ
1433 2168 1792 2239 βαρύκάρδιος
1839 2169 1994 2240 ἡμῶν

413 2256 575 2324 γενεὰ
630 2255 724 2309 τοῦ
767 2257 994 2329 πλησίον
1034 2260 1182 2329 ἡμᾶς
1231 2259 1587 2329 διαστήσασα,
1642 2259 1865 2312 θάλπειν
1905 2259 1994 2312 τὸν

413 2347 534 2415 ὅφιν
568 2348 809 2417 ἐποίησε,
836 2349 928 2401 καὶ
967 2351 1078 2413 τοῖς
1115 2349 1224 2403 τῶν
1257 2350 1484 2419 φολίδων
1508 2349 1672 2404 αὐτοῦ
1703 2350 2000 2421 στίγμασιν

415 2438 825 2508 ἐπιτέρπεσοαι.
873 2439 1014 2508 Ἐγὼ
1064 2439 1172 2510 γὰρ
1227 2439 1288 2492 τὸ
1339 2439 1436 2510 μὲν
1479 2441 1605 2504 τοὺς
1645 2440 1871 2511 ἐχθροὺς
1899 2438 1994 2493 τοῦ

413 2529 544 2582 Θεοῦ
576 2531 752 2600 μισεῖν
821 2529 1042 2597 ἔννομον
1087 2527 1222 2583 εἷναί
1261 2547 1423 2601 φημι,
1476 2532 1570 2583 καὶ
1611 2531 1867 2602 ἀρέσκειν
1916 2529 1994 2600 τῷ

413 2620 657 2694 Δεσπότῃ
705 2621 766 2673 τὸ
808 2620 1046 2673 τοιοῦτον
1105 2624 1295 2692 μῖσος·
1327 2622 1554 2691 ἐχθροὺς
1600 2621 1656 2674 δὲ
1685 2621 1828 2690 λέγω
1867 2623 1994 2685 τοὺς

416 2712 558 2766 κατὰ
586 2714 762 2767 πάντα
789 2713 988 2784 τρόπον
1014 2712 1112 2783 τὴν
1137 2711 1232 2766 τοῦ
1250 2713 1520 2766 Δεσπὸτου
1545 2713 1701 2776 δόξαν
1730 2714 1996 2782 ἀπαρνου-

416 2804 633 2873 μένους,
658 2803 769 2856 εἴτε
824 2805 950 2863 τοὺς
983 2803 1288 2867 Ἰουδαίους,
1338 2803 1447 2855 εἴτε
1491 2803 1617 2865 τοὺς
1643 2802 1888 2873 φανερῶς
1913 2805 1994 2856 εἰ·

415 2895 903 2966 δωλολατροῦντας,
933 2896 1042 2948 εἴτε
1074 2896 1199 2958 τοὺς
1230 2894 1318 2947 διὰ
1342 2894 1451 2947 τῶν
1484 2895 1690 2964 ’Λρείου
1707 2894 1992 2964 δογμάτων

414 2990 886 3052 εἰδωλοποιοῦντας
918 2990 1018 3059 τὴν
1047 2989 1246 3056 κτίσιν,
1277 2989 1371 3040 καὶ
1399 2987 1497 3058 τὴν
1526 2987 1822 3058 Ἰουδαῖκὴν
1852 2988 1990 3040 πλά-

2095 543 2339 604 spectem
2370 550 2493 588 cum
2523 536 2638 588 haec
2666 535 2792 590 dico
2824 537 2955 590 nihil
2991 538 3288 608 quidquam
3327 539 3521 593 attinet
3550 542 3666 595 cvl-

2093 626 2438 681 dentioribus
2473 625 2657 680 verbis
2695 627 2970 694 explicare
3000 644 3015 683 :
3047 644 3171 682 cum
3207 645 3294 684 res
3336 629 3467 698 ipsa:
3498 630 3665 685 altius

2095 733 2160 772 ac
2203 719 2410 772 clarius
2449 733 2612 786 quam
2647 717 2973 786 cujusquam
3005 734 3108 772 vox
3155 721 3239 775 vel
3271 723 3509 777 maxime
3537 731 3664 776 nota

2094 811 2368 871 clament,
2403 824 2651 877 quamam
2705 809 2795 861 illa
2840 810 2954 864 sint
2990 825 3114 878 qua:
3159 811 3387 865 molesta
3439 812 3663 867 fuerint.

2095 898 2274 954 Unum
2308 899 2495 954 odium
2528 900 2644 968 lege
2679 914 2777 954 sua
2813 900 2998 954 sanxit
3030 901 3152 954 vitae
3186 912 3390 955 nostrae
3419 901 3664 970 Legisla-

2094 1000 2182 1044 tor
2224 1008 2241 1046 :
2285 990 2493 1054 odium,
2541 990 2690 1053 dico,
2735 1005 2862 1044 cum
2913 1003 3168 1059 serpente
3219 1010 3232 1045 :
3275 1007 3450 1060 neque
3500 993 3666 1045 ullam

2094 1082 2254 1135 aliam
2283 1080 2352 1135 ad
2387 1095 2500 1136 rem
2523 1095 2778 1135 exercere
2809 1081 2914 1133 vim
2961 1081 3107 1133 illam
3138 1096 3418 1153 perquam
3450 1082 3666 1136 odimus

2095 1188 2196 1227 nos
2225 1172 2415 1242 jussit,
2445 1171 2552 1227 nisi
2579 1172 3045 1228 adaversandum
3079 1173 3302 1225 malum.
3338 1170 3554 1233 Odium,
3580 1173 3666 1224 iu-

2093 1263 2232 1333 quit,
2283 1278 2473 1332 ponam
2523 1265 2660 1316 inter
2702 1271 2772 1325 te,
2807 1272 2963 1333 atque
3006 1264 3145 1315 inter
3183 1263 3356 1330 ipsum
3376 1265 3420 1326 ',
3471 1277 3668 1331 nempe

2095 1356 2220 1424 quia
2246 1353 2395 1408 varia
2423 1361 2478 1409 et
2508 1353 2858 1409 multiformis
2888 1362 2972 1409 est
3036 1353 3308 1408 vitiositas
3328 1395 3341 1417 ,
3388 1355 3665 1422 serpentis

2095 1445 2454 1514 appellatione
2474 1459 2592 1501 eam
2626 1445 2717 1499 hic
2752 1459 2933 1501 sermo
2956 1445 3207 1513 designat
3239 1463 3250 1499 :
3282 1460 3378 1514 per
3407 1459 3668 1513 squama-

2096 1551 2217 1611 rum
2247 1535 2478 1591 densum
2513 1535 2680 1591 situm
2713 1536 3052 1606 multiplices
3084 1536 3342 1590 vitiorum
3385 1536 3577 1592 modos
3603 1552 3668 1590 ac

2096 1625 2308 1681 fortnas
2336 1627 2484 1682 velut
2521 1627 2726 1681 indicio
2755 1635 3005 1681 notarum
3037 1626 3371 1696 exprimens.
3401 1626 3510 1683 Nos
3540 1643 3668 1682 vero

2095 1718 2224 1772 dum
2256 1717 2554 1772 adversarii
2581 1718 2897 1773 voluntates
2934 1717 3310 1787 exsequimur,
3340 1718 3517 1773 foedus
3541 1734 3667 1772 cum

2104 1818 2357 1880 serpente
2386 1810 2642 1873 colimus,
2667 1809 2852 1864 odium
2875 1825 3008 1863 vero
3035 1816 3284 1863 mutuum
3308 1809 3363 1862 in
3389 1824 3489 1863 nos
3517 1810 3666 1878 ipsos

2097 1900 2474 1956 convertimus
2510 1919 2523 1955 :
2559 1916 2624 1955 ac
2657 1900 2896 1956 fortasse
2945 1916 3014 1956 ne
3049 1901 3103 1954 in
3143 1915 3243 1955 n03
3277 1900 3534 1970 quidem,
3573 1899 3667 1954 sed

2096 1992 2150 2046 in
2191 2007 2314 2046 eum
2349 1993 2442 2061 qui
2485 1977 2803 2046 mandatum
2836 1991 2971 2046 illud
2997 1990 3168 2046 dedit.
3208 1991 3298 2045 Ait
3345 1991 3488 2046 enim
3525 1991 3617 2044 ille
3651 2008 3665 2042 :

2093 2083 2314 2137 Amabis
2343 2086 2644 2153 proximum
2689 2093 2857 2147 ιιιιιηι,
2891 2093 2940 2137 et
2975 2083 3099 2137 odio
3143 2081 3355 2136 habebis
3395 2082 3669 2135 inimicum

2095 2184 2243 2232 usum
2270 2176 2314 2240 ³,
2354 2177 2531 2230 solum
2569 2175 2720 2232 illum
2754 2175 2846 2245 qui
2882 2185 3092 2230 natura!
3124 2182 3328 2230 nostra:
3362 2174 3536 2229 hostis
3562 2181 3666 2238 est,

2094 2268 2428 2337 habere‘pro
2466 2267 2690 2321 inimico
2726 2282 2826 2321 nos
2853 2265 3018 2335 jussit
3049 2283 3065 2319 :
3099 2280 3482 2336 quemcunque
3513 2263 3668 2328 vero,

2093 2357 2187 2426 qui
2225 2368 2432 2411 natura:
2465 2355 2631 2426 hujus
2667 2357 2737 2410 sit
2783 2355 3089 2424 particeps.
3123 2355 3433 2422 proximum
3477 2353 3666 2422 cujus-

2093 2459 2200 2516 que
2245 2461 2369 2502 esse
2415 2446 2798 2516 pronuntiavit
2851 2465 2865 2500 :
2921 2455 2978 2500 at
3026 2455 3217 2501 nostra
3269 2445 3386 2499 lucc
3431 2445 3669 2513 maligna

2093 2544 2228 2590 aetas
2259 2544 2320 2590 ut
2365 2535 2810 2591 abalienaremur
2850 2551 2880 2588 a
2929 2537 3227 2606 proximis,
3261 2546 3315 2589 et
3360 2545 3668 2604 serpentem

2092 2627 2427 2692 foveremus,
2460 2628 2663 2688 eﬂ‘ecit,
2700 2637 2868 2697 utque
2901 2643 3252 2697 squamarum
3280 2628 3400 2696 ejus
3437 2633 3672 2697 punctu-

2093 2718 2173 2772 ris
2221 2702 2609 2786 gauderemus.
2650 2715 2784 2768 Nam
2819 2717 3073 2784 equidem
3119 2715 3212 2769 Dei
3247 2715 3433 2769 hostes
3482 2715 3673 2769 odisse

2087 2809 2296 2877 justum
2331 2821 2454 2861 esse
2478 2807 2585 2868 aio,
2623 2806 2786 2876 idque
2813 2806 2925 2860 odii
2967 2821 3140 2875 genus
3173 2805 3401 2859 Domino
3433 2806 3666 2873 placere.

2096 2898 2201 2954 Sed
2236 2898 2423 2954 hostes
2457 2896 2552 2952 Dei
2582 2912 2706 2952 esse
2737 2897 2862 2951 illos
2893 2896 3041 2960 dico,
3075 2895 3167 2965 qui
3205 2896 3464 2949 omnibus
3492 2895 3670 2950 modis

2093 2989 2307 3044 Domini
2341 2988 2567 3058 gloriam
2595 2995 2798 3057 negant
2835 3003 2851 3042 :
2885 2988 3001 3060 sive
3045 2988 3124 3042 illi
3163 2995 3290 3042 sunt
3319 2983 3523 3051 Judaai,
3553 2988 3671 3040 sive

414 3096 511 3147 νην
575 3079 1073 3149 ἀναλαμϐάνοντας.
1130 3079 1193 3131 Εἰ
1248 3078 1304 3130 δὲ
1333 3078 1543 3148 Πατὴρ,
1590 3077 1684 3130 καὶ
1712 3077 1862 3140 Υίὸς,
1897 3077 1990 3130 καὶ

2095 3079 2374 3135 manifesti
2419 3078 2739 3139 idololatrae.
2783 3079 2898 3132 sive
2946 3077 3013 3134 de
3041 3093 3234 3133 eorum
3279 3092 3530 3140 nmuero,
3571 3078 3666 3147 qui

414 3167 566 3236 ἅγιον
597 3168 818 3238 Πνεῦμα
865 3168 1104 3231 εὐσεϐῶς
1145 3167 1440 3233 δοξάζοιτο,
1489 3168 1582 3220 καὶ
1633 3169 1990 3236 προσκυνοῖτο

2091 3185 2185 3241 per
2228 3169 2341 3223 Arii
2382 3169 2636 3238 dogmata
2679 3168 3017 3222 decreatura
3055 3167 3260 3222 idolum
3318 3167 3561 3242 lingunt,
3616 3176 3670 3222 ct

412 3259 564 3329 παρὰ
589 3259 696 3312 τῶν
726 3259 1085 3313 πιστευόντων
1115 3258 1473 3329 ὲνὰσυγχύτῳ
1493 3259 1585 3310 καὶ
1603 3257 1988 3328 διακεκριμένη

2091 3275 2326 3316 errorem
2354 3258 2662 3314 Iudaeorum
2691 3258 3025 3328 suscipiunt.
3058 3258 3129 3312 At
3163 3258 3209 3314 si
3238 3256 3399 3311 Pater
3419 3298 3434 3321 ,
3470 3255 3668 3324 Filius,

413 3353 478 3420 τῇ
517 3351 646 3419 ἁγία
675 3350 863 3420 Τριάδι
893 3350 1020 3421 μίαν
1048 3345 1185 3404 εἶναι
1225 3350 1315 3404 καί¹
1344 3349 1522 3417 φύσιν,
1557 3351 1650 3402 καὶ
1691 3350 1864 3416 δόξαν,
1897 3349 1990 3402 καί⁸

2091 3358 2141 3404 et
2165 3349 2406 3419 Spiritus
2437 3357 2662 3404 sanctus
2695 3349 2784 3418 pie
2806 3357 3109 3418 asseratur,
3135 3358 3190 3405 et
3213 3349 3473 3405 adoretur
3498 3349 3566 3402 ab
3600 3349 3669 3403 iis

415 3440 819 3510 βασιλείαν,κοιὶ
838 3440 1083 3512 δύναμιν,
1115 3441 1208 3494 καὶ
1228 3440 1326 3510 τὴν
1355 3440 1446 3492 ἐπὶ
1466 3439 1682 3493 πάντων
1710 3438 1986 3507 ἐξουσίαν·

413 3532 644 3588 ἐνταῦθα
670 3535 698 3585 ὁ
726 3534 959 3604 πόλεμος
986 3534 1102 3586 τίνα
1131 3533 1348 3602 εὔλογον
1378 3533 1558 3586 αἰτίαν
1587 3530 1697 3601 ἔχει
1725 3546 1739 3597 ;

413 3633 468 3680 et
507 3624 650 3692 vim,
691 3633 745 3682 et
784 3626 932 3695 pium
970 3626 1177 3680 cultum
1217 3635 1270 3681 et
1305 3641 1470 3696 supra
1507 3626 1694 3680 omnia
1734 3623 1987 3679 dillusam
2029 3631 2357 3694 potestatem
2399 3640 2413 3677 :

412 3734 577 3775 causa
608 3733 732 3772 esse
756 3719 957 3787 queat?

487 3810 618 3867 Ὀτε
651 3809 942 3879 ἐπεκράτει
979 3808 1048 3861 τὰ
1075 3809 1174 3878 τῆς
1201 3805 1464 3878 αἱρέσεως
1490 3806 1734 3876 δόγματα
1755 3847 1768 3868 ,
1797 3804 1889 3858 καὶ
1923 3804 1984 3857 τὸ

411 3919 488 3957 πα
497 3901 900 3973 ρακινδυνεῦσαι
919 3900 1050 3971 πρὸς
1061 3899 1158 3961 τὰς
1171 3898 1435 3962 ἐξουσίας,
1450 3898 1516 3950 δι’
1529 3891 1602 3951 ὧν
1617 3897 1790 3950 ἐδόκει
1807 3895 1867 3948 τὸ
1877 3895 1986 3948 τῶν

411 3992 800 4063 ἀντικειμένων
843 3992 1016 4060 δόγμα
1051 3988 1449 4060 κρατύνεσθαι,
1494 3987 1674 4050 καλῶς
1714 3984 1878 4058 εἶχεν·
1912 3987 1986 4050 ὡς

411 4084 475 4139 ἂν
501 4089 573 4156 μὴ
595 4084 1109 4138 καταδυναστεύοιτο
1127 4084 1246 4144 ταῖς
1265 4081 1634 4152 ἀνθρωπίναις
1653 4079 1988 4142 δυναστείαις

410 4173 439 4225 ό
468 4175 728 4243 σωτήριος
744 4172 918 4238 λόγος’
949 4171 1066 4224 νυνὶ
1094 4170 1148 4222 δὲ
1175 4169 1313 4222 κατὰ
1340 4171 1519 4222 πᾶσαν
1545 4170 1644 4238 τὴν
1666 4168 1988 4237 οἰκουμένην

409 4263 505 4316 ἀπ’
541 4264 708 4332 ἄκρου
761 4261 855 4314 τοῦ
897 4261 1124 4331 οὐρανοῦ
1150 4301 1164 4324 ,
1209 4261 1303 4312 καὶ
1334 4261 1439 4323 ἕως
1477 4259 1571 4312 τοῦ
1606 4261 1776 4330 ἄκρου
1821 4255 1985 4311 αὐτοῦ

2087 3441 2178 3510 qui
2208 3440 2438 3494 credunt
2461 3440 2514 3494 in
2544 3455 2652 3496 non
2684 3441 2913 3496 confusa
2939 3449 2994 3495 et
3021 3441 3281 3497 distincta
3313 3452 3504 3498 sancta
3535 3440 3668 3494 Tri-

2084 3533 2256 3586 nitate
2289 3545 2450 3584 unam
2492 3545 2615 3585 esse
2646 3537 2702 3584 et
2734 3537 2986 3608 naturam
3014 3537 3067 3584 et
3095 3532 3328 3602 gloriam
3358 3540 3411 3587 et
3439 3544 3669 3602 regnum

2461 3621 2581 3689 hic,
2630 3623 2892 3692 inquam,
2924 3639 3110 3694 ecquae
3178 3625 3301 3681 belli
3375 3623 3668 3695 probabilis

2164 3797 2318 3852 Tunc
2346 3813 2480 3852 sane
2509 3813 2632 3852 cum
2653 3799 2761 3853 late
2781 3789 3374 3856 obtinebantlucretica
3397 3802 3666 3872 dogmata,

2087 3891 2174 3945 vel
2215 3905 2342 3943 cum
2384 3890 2642 3959 praesenti
2689 3891 2934 3959 periculo
2967 3907 3243 3962 opponere
3283 3910 3342 3948 se
3381 3897 3672 3964 potestati-

2091 3980 2236 4043 bus,
2280 3994 2378 4048 per
2403 3996 2542 4049 quas
2586 3980 2818 4035 stabiliri
2876 3981 3170 4036 videbatur
3225 3984 3673 4041 adversariorum

2091 4069 2312 4139 dogma,
2353 4071 2556 4124 bonum
2596 4069 2798 4123 factum
2827 4079 2969 4135 erat,
2999 4087 3067 4126 ne
3097 4073 3164 4126 ab
3194 4072 3449 4128 humanis
3479 4085 3674 4143 poten-

2092 4160 2297 4216 tatibus
2334 4161 2598 4215 salutaris
2639 4162 2886 4215 doctrina
2922 4163 2972 4216 vi
3011 4165 3414 4232 opprimeretur
3447 4185 3459 4220 :
3495 4182 3672 4233 nunc,

2091 4268 2219 4308 cum
2245 4261 2362 4308 toto
2387 4254 2520 4309 orbe
2548 4262 2820 4308 terrarum
2851 4264 3016 4324 atque
3043 4257 3112 4308 ab
3147 4272 3256 4311 uno
3285 4259 3408 4313 ρειτΙί
3441 4259 3677 4315 cardine-

412 4354 539 4417 ῖσως
576 4352 984 4424 κηρυσσομένης
1020 4355 1076 4404 ἐν
1101 4350 1318 4424 φανερῷ
1354 4352 1455 4422 τῆς
1493 4350 1792 4412 εὐσεϐείας,
1822 4352 1851 4400 ὁ
1873 4351 1984 4410 τοῖς

2093 4344 2158 4398 ad
2195 4346 2429 4399 alterum
2471 4360 2535 4399 ex
2576 4360 2734 4414 teque
2770 4347 2950 4415 palam
2983 4347 3318 4416 praedicetur
3352 4350 3546 4418 pietas,
3570 4351 3673 4421 qui

411 4445 742 4515 κηρύσσουσι
791 4444 888 4515 τὴν
939 4443 1222 4496 εὐσέϐειαν
1275 4443 1552 4513 πολεμῶν,
1600 4443 1700 4495 οὐκ
1754 4441 1984 4504 ἐκείνοις

411 4537 662 4606 μάχεται.
693 4535 828 4589 ἀλλὰ
854 4535 931 4606 τῷ
948 4536 1077 4606 παρ’
1104 4535 1278 4588 αὐτῶν
1301 4534 1538 4596 εὐσεϐῶς
1575 4531 1984 4604 κηρυσσομένῳ.

409 4629 504 4692 Τίς
565 4628 674 4698 γὰρ
721 4623 861 4680 εἶναι
911 4628 1110 4690 σκοπὸς
1152 4627 1310 4690 ἄλλος
1353 4626 1554 4695 ὀφείλει
1605 4627 1682 4694 τῷ
1709 4625 1800 4678 τὸν
1847 4624 1990 4676 θεῖον

409 4719 585 4790 ἔχοντι
625 4718 804 4789 ζῆλον,
837 4721 884 4771 εί
923 4721 996 4789 μὴ
1040 4719 1102 4771 τὸ
1145 4714 1307 4772 παντὶ
1352 4717 1540 4787 τρόπῳ
1565 4716 1662 4786 τὴν
1692 4715 1852 4780 δόξαν
1886 4713 1985 4767 τοῦ

406 4811 542 4865 Θεοῦ
568 4811 1060 4879 καταγγέλλεσθαι;
1103 4811 1250 4871 Ἕως
1269 4809 1375 4879 γὰρ
1403 4804 1495 4861 οὖν
1533 4808 1591 4872 ἐξ
1613 4807 1738 4876 ὅλης
1765 4806 1989 4876 καρδίας

407 4918 465 4953 τε
493 4900 585 4952 καὶ
616 4899 794 4969 ψυχῆς
821 4899 915 4951 καὶ
943 4898 1177 4958 διανοίας
1210 4901 1583 4968 προσκυνῆται
1619 4901 1648 4952 ὁ
1693 4897 1988 4970 μονογενὴς

409 4991 562 5054 Θεὸς,
596 4992 772 5044 έκεῖνο
808 4985 948 5044 εἶναι
988 4989 1419 5058 πεπιστευμένος
1449 4991 1508 5041 ἐν
1536 4991 1699 5042 πᾶσιν
1734 4991 1871 5058 ὅπερ
1898 4992 1987 5042 ἐσ-

406 5085 488 5136 τὶν
520 5085 550 5136 ό
586 5084 811 5152 Πατήρ’
843 5081 1108 5143 ὡσαύτως
1149 5082 1205 5134 δὲ
1247 5081 1341 5134 καὶ
1376 5081 1438 5133 τὺ
1472 5082 1694 5151 Πνεῦμα
1734 5083 1794 5135 ea
1830 5083 1984 5150 ἅγιον

407 5176 652 5245 ὁμοτίμῳ
689 5175 1057 5244 προσκυνήσει
1091 5173 1400 5243 δοξάζηται,
1433 5175 1483 5226 οἱ
1514 5174 1584 5226 τὰ
1622 5173 1858 5244 περισσᾶ
1895 5191 1982 5226 σο-

407 5266 684 5336 φιζόμενοι
737 5267 898 5318 ποίαν
946 5266 1039 5319 τοῦ
1074 5267 1310 5336 πολέμου
1360 5265 1717 5335 εὐπρόσωπον
1769 5266 1981 5335 ἔχουσιν

409 5359 682 5429 ἀφορμὴν,
735 5360 1010 5431 σχίζοντες
1051 5362 1141 5414 τὸν
1180 5360 1381 5430 χιτῶνα
1427 5359 1518 5411 τὸν
1555 5358 1852 5429 ἄρρηκτον,
1889 5359 1982 5410 καὶ

409 5447 544 5518 πρὸς
567 5447 797 5512 Παῦλον,
829 5450 923 5503 καὶ
953 5451 1151 5520 Κηφᾶν
1177 5449 1237 5502 τὸ
1259 5448 1428 5519 ὄνομα
1453 5448 1546 5500 τοῦ
1579 5447 1782 5516 Κυρίου
1815 5464 1981 5499 κατα-

410 5540 722 5610 μερίζοντες
750 5581 765 5605 ,
793 5542 888 5594 καὶ
921 5541 1010 5595 τὸν
1049 5541 1450 5612 προσεγγισμὸν
1480 5538 1587 5591 τῶν
1616 5537 1706 5590 τὸν
1747 5537 1980 5608 Χριστὸν

481 5721 500 5751 ³
535 5719 670 5776 Gen.
704 5734 785 5790 ιιι,
816 5719 902 5774 15.
980 5721 1000 5752 ³
1039 5721 1214 5778 Levit.
1248 5739 1335 5778 χιι
1363 5761 1378 5790 ,
1416 5722 1513 5791 18;
1557 5720 1744 5776 Matth.
1782 5736 1844 5784 v,
1883 5719 1969 5772 45.

2087 4453 2210 4491 cum
2279 4436 2594 4491 hominibus
2646 4438 2787 4506 piam
2856 4437 3169 4492 doctrinam
3241 4441 3677 4510 praedicantibus.

2087 4529 2290 4584 bellum
2325 4529 2484 4598 gerit,
2534 4544 2878 4598 nequaquam
2933 4530 3024 4585 ille
3058 4531 3276 4600 quidem
3313 4548 3436 4586 cttm
3470 4533 3536 4589 iis
3569 4551 3672 4604 pit-

2085 4633 2240 4692 gnat,
2276 4623 2370 4676 sed
2406 4637 2529 4674 cum
2567 4637 2631 4674 co
2664 4623 2753 4690 qui
2795 4623 2880 4690 pie
2925 4623 2995 4676 ab
3028 4624 3094 4677 iis
3125 4625 3475 4692 praedicatur.
3531 4626 3668 4681 Nam

2084 4713 2176 4781 qui
2208 4712 2400 4765 divino
2445 4713 2564 4766 zelo
2608 4712 2892 4778 feruntur,
2949 4714 3078 4782 quid
3110 4716 3256 4768 aliud
3294 4725 3539 4784 spectare
3571 4719 3667 4771 dc-

2087 4803 2242 4868 bent,
2274 4802 2380 4856 nisi
2413 4813 2714 4872 ttitquoquo
2744 4803 2907 4857 modo
2937 4805 3109 4874 gloria
3143 4806 3236 4861 Dei
3269 4808 3673 4862 annuntietur?

2084 4895 2153 4947 At
2192 4893 2435 4964 quandiu
2488 4909 2556 4948 ex
2601 4903 2718 4948 toto
2766 4894 2968 4959 corde,
3029 4897 3208 4950 anima
3247 4905 3301 4951 et
3334 4899 3670 4968 cogitatione

2084 4985 2229 5041 Deus
2268 4985 2584 5056 unigenitus
2627 4985 2918 5051 adoratur,
2966 4986 3131 5056 idque
3173 5004 3295 5044 esse
3325 4989 3376 5042 in
3410 4992 3666 5047 omnibus

2081 5078 2352 5142 creditur,
2409 5077 2555 5146 quod
2596 5077 2757 5131 Pater
2787 5086 2906 5141 est;
2949 5079 3189 5147 quandiu
3241 5077 3483 5150 Spiritus
3527 5097 3666 5152 quo-

2086 5186 2193 5239 que
2222 5178 2451 5225 sanctus
2485 5170 2600 5240 pari
2636 5170 2955 5225 adoratione
2990 5171 3214 5236 colitur,
3252 5189 3480 5243 ecquam
3531 5176 3669 5229 satis

2086 5261 2392 5329 speciosam
2447 5259 2575 5314 belli
2617 5275 2842 5315 causam
2889 5261 3092 5315 habere
3148 5262 3396 5318 homines
3447 5265 3668 5320 curiose

2087 5353 2265 5422 arguti
2307 5359 2529 5421 qtteant,
2575 5353 2668 5422 qui
2701 5353 2946 5406 tunicam
3001 5353 3148 5407 illam
3191 5355 3479 5410 indivisam
3523 5357 3667 5410 lace—

2089 5451 2232 5508 rant,
2265 5453 2317 5497 et
2340 5443 2543 5498 Christi
2595 5458 2791 5498 nomen
2826 5445 2878 5497 in
2913 5444 3069 5498 Pauli
3101 5453 3156 5500 et
3190 5444 3386 5515 Cepha:
3421 5447 3663 5514 appella-

2090 5538 2268 5592 tiones
2290 5545 2512 5592 secant:
2536 5545 2592 5592 ct
2626 5537 2945 5603 accedentes
2970 5536 3039 5593 ad
3065 5552 3122 5594 se
3146 5553 3240 5594 eos
3267 5539 3355 5609 qui
3380 5538 3657 5593 Christum
