4092 6368
371 349 511 406 1019

1599 351 1655 408 S.
1698 349 2027 409 GREGORII
2064 348 2361 409 NYSSENI

3489 345 3632 404 {09.0

370 459 621 525 a'dorant,
650 459 1042 517 abominabiles
1061 463 1416 533 pronuntiant
1440 479 1451 514 :
1479 470 1691 518 tantum
1711 479 1819 517 non
1848 464 1931 518 di-
1960 491 1973 525 λ

2073 463 2479 535 ’ροσκυνούντων
2503 501 2519 527 ,
2576 459 2862 532 βδελυκτδν
2910 458 3302 529 ἀποφαίνοντες
3324 477 3343 495 ·
3398 466 3626 532 μονονοὺ

316 600 321 606 .
369 551 532 605 sertis
556 551 738 605 verbis
758 551 889 605 illud
911 552 1087 621 palam
1108 553 1438 607 clamantes:
1461 553 1702 608 Procula
1723 571 1834 618 me;
1861 553 1942 609 Ne

371 641 590 696 accedas
616 642 684 696 ad
706 658 823 706 me;
863 659 956 712 ego
973 645 1111 697 enim
1140 659 1306 712 purus
1328 660 1467 697 sum.
1494 644 1659 699 Detur
1681 659 1814 700 sane
1832 645 1942 699 illis

372 735 494 802 plus
525 734 882 804 cognitionis.
910 748 1073 803 quam
1118 749 1229 803 prae
1265 735 1479 790 caeteris
1507 750 1568 790 se
1589 743 1783 805 putant
1820 751 1944 792 esse

372 832 720 889 consecutos,
739 824 1067 879 eoshabere.
1081 824 1259 889 Quid?
1277 826 1581 895 ampliusne
1598 827 1802 896 aliquid
1822 842 1944 881 cre-

371 912 522 974 dent.
547 927 709 982 quam
735 911 901 967 Deum
919 928 1041 970 esse
1063 929 1187 969 eum
1206 916 1298 985 qui
1332 931 1498 972 verus
1516 925 1598 971 est
1622 916 1717 973 Dei
1735 916 1945 974 Filius?

374 1003 584 1073 Quippe
612 1005 725 1059 veri
752 1004 846 1059 Dei
884 1003 1160 1060 confessio
1203 1013 1407 1060 omnes‘
1432 1008 1552 1076 pias
1585 1015 1640 1062 et
1672 1007 1943 1063 salutares

373 1094 534 1150 nobis
578 1095 833 1149 notiones
884 1095 938 1149 in
971 1111 1032 1150 se
1070 1096 1450 1164 complectitur
1485 1113 1498 1147 :
1546 1097 1750 1151 bonum
1785 1112 1941 1159 esse.

372 1184 602 1253 justum,
629 1192 925 1254 potentem,
952 1185 1365 1252 immutabilem,
1386 1187 1781 1251 invariabilem,
1809 1203 1946 1242 sem-

377 1292 475 1347 per
509 1276 791 1341 eumdem,
838 1277 933 1346 qui
975 1291 1153 1346 neque
1215 1277 1269 1331 in
1321 1278 1592 1342 deterius,
1665 1294 1844 1347 neque
1889 1280 1946 1333 in

376 1364 574 1420 melius
600 1365 734 1420 verti
767 1372 929 1434 queat
958 1383 971 1419 :
1005 1365 1135 1419 illud
1171 1380 1406 1436 namque
1424 1373 1632 1420 natura:
1660 1367 1832 1437 ipsius
1860 1383 1948 1423 re-

377 1462 615 1524 pugnat:
645 1456 747 1509 hoc
774 1472 883 1509 non
910 1464 989 1511 est
1024 1455 1080 1509 in
1110 1463 1325 1512 natura.
1354 1457 1495 1523 Quid
1522 1458 1670 1513 enim
1696 1473 1762 1513 eo
1799 1460 1947 1528 quod

380 1559 546 1613 supra
591 1546 773 1598 omnia
816 1555 902 1600 est
934 1546 1164 1601 sublime
1209 1547 1549 1603 sublimius?
1601 1548 1742 1614 Quid
1801 1549 1951 1605 bono

381 1635 621 1689 melius?
655 1634 841 1704 Itaque
874 1636 927 1689 in
963 1637 1112 1690 omni
1159 1637 1495 1706 perfectione
1533 1638 1662 1692 boni
1704 1639 1952 1694 conside-

2044 556 2294 625 φανερῶς
2331 557 2507 609 ἐκεῖνο
2552 553 2783 622 βοῶντες
2820 554 2935 616 τοῖς
3000 553 3230 623 ῥήμασι,
3271 552 3476 620 Πόρῤω
3521 552 3628 606 ἀπ’

2041 647 2224 716 ἐμοῦσ
2279 647 2378 715 Μὴ
2434 646 2687 715 ἐγγίσῃς
2733 660 2871 713 μοι*
2925 642 3015 696 ὅτι
3069 644 3326 711 καθαρός
3359 645 3498 713 ειμι.
3534 645 3633 696 Δε-

2042 740 2214 794 δόσθω
2256 738 2315 792 δὲ
2362 739 2458 791 καὶ
2512 737 2674 789 πλέον
2711 753 2765 789 τι
2800 724 2982 798 αύτοῖς
3033 735 3175 788 κατά
3224 735 3325 806 τὴν
3384 734 3613 799 γνῶσιν,

2042 830 2218 899 ἥνπερ
2260 828 2414 881 αὐτοὶ
2456 827 2656 880 οἴονται
2704 824 3090 894 κατειληφέναι
3113 863 3129 887 ,
3186 828 3488 893 προσεῖναι.
3535 826 3630 896 Μὴ

2044 919 2206 972 πλέον
2235 917 2327 971 τοῦ
2353 917 2631 971 πιστεύειν
2660 915 2910 986 ἀληθινὸν
2937 909 3076 968 εἶναι
3098 914 3230 968 Θεὸν
3251 915 3343 968 τὸν
3365 915 3460 968 τοῦ
3493 915 3628 967 Θεοῦ

2045 1006 2298 1077 ἀληθινὸν
2326 1006 2456 1059 Υίὸν
2489 1006 2739 1076 ἐχουσιν;
2778 1005 2857 1076 Τῇ
2892 1007 3002 1075 γὰρ
3050 1002 3145 1057 τοῦ
3183 1003 3438 1073 ἀληθινοῦ
3494 1002 3630 1056 Θεοῦ

2045 1099 2304 1170 ὁμολογίᾳ
2356 1100 2533 1152 πάντα
2562 1094 3145 1167 συμπεριλαμϐάνεται
3185 1094 3253 1148 τά
3287 1094 3487 1163 εὐσεϐῆ
3537 1093 3632 1147 καὶ

2050 1190 2290 1254 σώζοντα
2316 1190 2462 1259 ἡμᾶς
2486 1189 2732 1259 νοήματα
2755 1204 2770 1218 ·
2810 1188 2892 1240 ὅτι
2923 1184 3150 1254 ἀγαθὸς,
3181 1186 3263 1237 ὅτι
3286 1184 3514 1247 δίκαιος,
3547 1184 3632 1236 ὅτι

2049 1279 2294 1342 δυνατὸς,
2322 1277 2593 1345 ἀτρεπτός
2617 1294 2677 1330 τε
2708 1277 2804 1330 καὶ
2832 1275 3211 1338 ἀναλλοίωτος,
3240 1274 3337 1327 καὶ
3367 1274 3455 1328 ἀεὶ
3480 1276 3508 1327 ὁ
3535 1274 3633 1327 αύ-

2047 1371 2159 1434 τδς,
2179 1368 2305 1423 οὔτε
2319 1369 2456 1439 πρὸς
2467 1368 2527 1421 τὸ
2541 1371 2740 1440 χεῖρον,
2759 1366 2882 1421 οὔτε
2899 1367 3038 1439 πρὸς
3057 1366 3117 1420 τὸ
3133 1365 3338 1435 βέλτιον
3354 1365 3631 1435 τραπῆναι

2049 1461 2373 1531 δυνάμενοςο
2399 1459 2462 1513 τὸ
2491 1459 2588 1529 μὲν
2615 1458 2725 1527 γὰρ
2752 1457 2813 1511 οὐ
2847 1457 3080 1525 πέφυκε,
3105 1454 3167 1507 τὸ
3193 1454 3250 1507 δὲ
3280 1453 3379 1507 οὐκ
3411 1452 3547 1522 ἔχει’
3578 1451 3633 1504 τί

2051 1550 2160 1623 γὰρ
2181 1549 2406 1621 ὑψίστου
2427 1546 2757 1619 ὑψηλότερον
2778 1563 2793 1611 ;
2817 1546 2883 1599 Τί
2908 1545 3002 1600 τοῦ
3026 1543 3233 1613 ἀγαθοῦ
3260 1542 3632 1613 ἀγαθώτερον;

2054 1642 2218 1694 Ὥστε
2246 1642 2304 1694 ὲν
2342 1640 2492 1710 πάσῃ
2516 1637 2611 1691 τοῦ
2655 1637 2861 1706 ἀγαθοῦ
2902 1635 3202 1706 τελειότητι
3236 1634 3632 1704 θεωρούμενος,

381 1740 558 1795 ratus,
584 1745 681 1800 per
703 1743 893 1786 omnes
923 1732 1243 1788 mutationis
1270 1732 1473 1788 formas
1503 1748 1700 1804 expers
1737 1741 1823 1789 est
1857 1748 1953 1788 va-

2073 1732 2196 1786 ιατά
2226 1731 2334 1783 πᾶν
2360 1724 2498 1792 εἶδος
2517 1728 2727 1798 τροπῆς
2752 1726 2813 1780 τὸ
2840 1725 3196 1779 ἀναλλοίωτον
3228 1725 3340 1794 ἔχει
3362 1740 3375 1753 ·
3408 1725 3469 1776 ού
3492 1723 3635 1776 κατά
3697 1796 3717 1812 ἢ

379 1818 658 1881 riationis,
704 1834 885 1888 neque
914 1829 1061 1875 certo
1093 1829 1336 1890 tempore
1377 1822 1520 1877 hanc
1558 1823 1665 1878 sibi
1699 1832 1953 1879 naturam

2073 1821 2278 1893 ιαιρούς
2302 1837 2453 1883 τινας
2478 1790 2819 1873 abacto-610v
2845 1818 2902 1870 ὲν
2924 1816 3103 1887 ἑαυτῷ
3129 1790 3364 1878 δεικνθς,
3395 1813 3508 1867 ἀλλ’
3545 1813 3635 1866 ἀεὶ

381 1921 506 1962 esse
543 1909 962 1975 demonstravit,
993 1911 1090 1967 sed
1121 1926 1337 1980 semper
1364 1912 1553 1968 eodem
1581 1929 1641 1969 se
1667 1914 1830 1969 modo
1864 1915 1957 1968 ha-

2073 1912 2312 1977 ὒσαύτως
2341 1910 2500 1982 ἔχων,
2549 1912 2645 1963 καὶ⁹
2673 1907 2781 1979 πρὸ
2809 1907 2911 1976 τῆς
2943 1907 3086 1961 κατά
3114 1906 3401 1976 ἄνθρωπον
3430 1906 3636 1957 οἰκονο-

384 1997 503 2052 buit
545 2016 558 2053 :
607 2009 661 2054 et
713 1999 1032 2071 priusquam
1090 2010 1148 2056 ut
1207 2002 1370 2057 homo
1427 2012 1849 2059 conversaretur
1899 2006 1955 2059 in

2073 2005 2209 2069 ιίας,
2238 2003 2332 2057 καὶ
2356 2003 2414 2055 ὲν
2439 2001 2651 2070 ἐκείνῳ,
2675 2000 2770 2053 καὶ
2792 1999 2932 2070 μετά
2959 1999 3137 2052 τοῦτο.
3171 1997 3337 2050 Οὐδὲν
3359 1996 3457 2065 τῆς
3476 1995 3639 2065 ἀτρέ-

384 2090 608 2155 mundo,
636 2097 692 2145 et
723 2090 852 2145 dum
886 2092 940 2145 in
969 2106 1035 2146 eo
1059 2102 1165 2157 est,
1209 2104 1264 2147 et
1292 2101 1481 2162 postea
1511 2111 1527 2158 ;
1589 2109 1764 2164 neque
1790 2096 1955 2149 ullam

2073 2112 2191 2149 ιττου
2234 2095 2328 2148 καὶ
2358 2092 2717 2148 ἀναηοιὼτου
2758 2092 2984 2160 φύσεως
3027 2091 3087 2142 ὲν
3136 2090 3258 2153 ταῖς
3293 2089 3434 2158 ὑπὲρ
3478 2088 3643 2158 ἡμῶν

381 2187 598 2248 partem
637 2189 847 2234 natura
873 2196 986 2235 suae
1032 2181 1389 2238 immutabilis
1419 2191 1584 2251 atque
1622 2184 1960 2239 invariabilis

2073 2185 2361 2257 ἐνεργείαις
2388 2184 2527 2255 πρὸς
2568 2183 2631 2236 τὸ
2661 2183 3002 2251 άπεμφαῖνον
3043 2174 3533 2251 μεθαρμοζόμενος.
3564 2174 3640 2226 Tb

387 2264 443 2319 in
482 2266 550 2321 iis
579 2282 701 2336 quas
732 2284 830 2337 pro
863 2270 1025 2323 nobis
1053 2269 1252 2333 effecit,
1298 2285 1361 2325 ac
1406 2272 1704 2341 quidquam
1736 2287 1959 2327 accom-

388 2352 651 2420 modavit,
680 2355 825 2423 quod
863 2370 899 2408 a
937 2370 1035 2409 sua
1075 2363 1269 2410 natura
1314 2366 1461 2414 esset
1506 2359 1766 2414 alienum.
1800 2358 1960 2426 Quod

387 2442 533 2497 enim
573 2451 769 2497 natura
816 2460 993 2513 neque
1044 2447 1415 2516 corruptioui,
1460 2450 1961 2517 nequemulationi

387 2540 473 2588 est
502 2533 819 2595 obnoxium,
846 2537 1034 2591 eodem
1062 2538 1223 2593 modo
1252 2554 1466 2609 semper
1488 2554 1550 2595 se
1578 2540 1764 2605 habet,
1787 2555 1964 2610 neque

390 2637 514 2678 cum
565 2623 757 2677 humili
798 2637 994 2680 natura
1027 2627 1309 2691 variatur,
1353 2628 1572 2698 quando
1600 2630 1817 2685 ratione
1845 2631 1961 2685 dis-

391 2711 730 2779 pensationis
764 2714 818 2767 in
840 2728 903 2767 ea
940 2721 1209 2781 versatur,
1246 2717 1537 2785 evenitque
1570 2717 1713 2772 sicut
1738 2718 1794 2772 in
1826 2718 1963 2781 sole,

393 2800 487 2868 qui
526 2802 741 2856 radium
781 2818 941 2857 suum
981 2804 1203 2875 caligini
1244 2805 1571 2874 subiiciens,
1610 2807 1796 2862 lumen
1825 2808 1966 2862 radii

395 2891 482 2944 sui
518 2906 629 2946 non
660 2894 942 2959 obscurat,
978 2895 1073 2950 sed
1114 2896 1287 2966 ipsius
1327 2896 1377 2949 vi
1414 2903 1579 2967 atque
1615 2895 1855 2951 efﬁcacia
1888 2906 1970 2952 te-

395 2982 596 3038 nebras
624 2982 678 3037 in
710 2984 884 3040 lucem
917 2992 1246 3041 transmutat
1289 3005 1305 3055 ;
1341 2987 1410 3041 ad
1454 2988 1705 3043 eumdem
1747 2988 1969 3042 modum

2057 2275 2167 2347 γὰρ
2218 2274 2377 2342 φύσει
2413 2272 2687 2342 ἄφθαρτον
2722 2272 2813 2323 καὶ
2863 2267 3239 2331 ἀναλλοίωτον,
3270 2266 3358 2319 ἀεῖ¹
3394 2262 3637 2318 τοιοῦτόν

2060 2368 2229 2430 ἐστιν,
2265 2364 2326 2417 ού
2358 2363 2836 2431 συναλλοιούμενον
2859 2364 2924 2431 τῇ
2949 2362 3181 2429 ταπεινῇ
3213 2357 3405 2427 φύσει,
3429 2357 3557 2409 ὅταν
3579 2356 3647 2409 ὲν

2061 2456 2243 2527 ἐκείνῃ
2292 2454 2413 2509 κατ’
2446 2454 2756 2523 οἰκονομίαν
2786 2452 3046 2522 γένηται,
3079 2450 3220 2503 κατὰ
3251 2449 3312 2501 τὸ
3355 2445 3449 2500 τοῦ
3486 2446 3643 2517 ήλίου

2062 2547 2392 2617 ύπόδειγμα’
2443 2546 2502 2609 ὃς
2548 2543 2831 2598 ὑποϐαλὼν
2884 2542 2986 2612 τὴν
3030 2541 3223 2593 ἀκτῖνα
3261 2536 3340 2607 τῷ
3374 2535 3551 2605 ζόφῳ,
3577 2535 3643 2586 τὸ

2063 2636 2177 2705 φῶς
2194 2636 2293 2704 τῆς
2321 2636 2537 2697 ἀκτῖνος
2561 2634 2662 2687 οὐκ
2691 2631 3022 2702 ἠμαύρωσεν
3039 2646 3050 2658 ο
3080 2626 3216 2680 ἀλλὰ
3243 2627 3304 2679 τὸ
3331 2623 3520 2686 σκότος
3550 2621 3647 2677 διὰ

2063 2727 2160 2795 τῆς
2214 2726 2430 2787 ἀκτῖνος
2483 2724 2561 2786 εἰς
2605 2720 2721 2791 φῶς
2772 2717 3125 2790 μετεποίησεν
3152 2732 3167 2748 ·
3206 2714 3379 2776 οὕτως
3427 2711 3524 2765 καὶ
3581 2710 3647 2762 τὺ

2066 2813 2312 2884 ἀληθινὸν
2326 2811 2441 2880 φῶς
2459 2813 2516 2864 ὲν
2530 2814 2598 2881 τῇ
2619 2808 2807 2879 σκοτίᾳ
2821 2806 2978 2878 ἡμῶν
3006 2804 3248 2873 λάμψαν,
3265 2801 3367 2854 οὐκ
3390 2798 3521 2853 αὐτὸ
3538 2796 3648 2851 ὑπὸ

2068 2903 2161 2958 τοῦ
2189 2903 2414 2965 σκότους
2452 2898 2847 2966 κατεσκιάσθη,
2878 2894 3014 2949 ἀλλὰ
3040 2894 3104 2948 δι’
3139 2889 3330 2946 ἑαυτοῦ
3361 2890 3453 2943 τὸν
3483 2888 3645 2957 ζόφον

2070 2996 2355 3065 ἐφώτισεν.
2383 2992 2603 3063 Ἐπειδὴ
2625 2991 2803 3044 τοίνυν
2823 2991 2878 3041 ὲν
2907 2986 3080 3055 σκότῳ
3103 2985 3163 3037 τὸ
3188 2980 3525 3051 ἀνθρώπινον
3546 2975 3641 3050 ἦν.

398 3071 618 3141 quando
659 3088 850 3127 verum
893 3074 1074 3128 lumen
1119 3074 1177 3128 in
1220 3076 1460 3131 tenebris
1490 3076 1696 3131 nostris
1732 3074 1966 3139 refulsit,

2073 3086 2254 3151 καθὼς
2278 3086 2606 3156 γέγραπται,
2633 3082 2715 3135 ὅτι
2736 3079 2850 3132 Οὐκ
2868 3076 3162 3166 ἐγγωσαγ,
3185 3071 3327 3166 οὐδὲ
3345 3069 3649 3166 συγῆκαν,

398 3177 745 3233 nequaquam
779 3164 1134 3219 obscuratum
1169 3165 1348 3235 ipsum
1393 3176 1480 3221 est
1513 3182 1543 3220 a
1579 3165 1846 3230 tenebris,
1874 3165 1970 3221 sed

2074 3179 2143 3232 ἐν
2178 3178 2376 3243 σκότῳ
2411 3171 2862 3238 διαπορεύονται
2884 3205 2898 3228 ,
2932 3165 2961 3216 ὁ
3006 3159 3282 3232 ὲλλάμψας
3313 3159 3380 3228 τῇ
3437 3159 3648 3210 ὲσκοτι⁴

400 3267 502 3306 sua
535 3253 707 3322 ipsius
735 3256 790 3308 vi
834 3254 1120 3325 caliginem
1177 3256 1490 3311 illustravit.
1548 3259 1686 3313 Cum
1720 3259 1885 3329 igitur
1915 3259 1972 3313 in

402 3344 646 3401 tenebris
697 3344 997 3400 humanum
1037 3361 1212 3417 genus
1274 3358 1622 3410 versaretur.
1655 3352 1799 3404 sicut
1837 3351 1977 3404 scri-

403 3442 555 3506 ptum
587 3444 669 3490 est
696 3454 711 3491 :
746 3432 870 3489 Non
907 3447 1250 3506 agnoverunt,
1278 3455 1442 3510 neque
1482 3440 1887 3505 intellexerunt,
1919 3441 1977 3496 in

405 3525 632 3580 tenebris
666 3526 996 3592 ambulant‘,
1021 3527 1069 3582 is
1112 3531 1204 3598 qui
1240 3531 1584 3586 tenebrosam
1625 3541 1879 3587 naturam
1907 3533 1979 3586 il-

410 3616 687 3680 lustravit,
722 3633 817 3685 per
844 3617 1156 3674 universam
1190 3635 1505 3692 compagem
1537 3630 1782 3679 nostram
1807 3624 1982 3679 deita-

410 3707 481 3763 tis
512 3707 667 3761 radio
695 3710 1028 3765 transmisso
1077 3710 1212 3780 (.per
1242 3714 1480 3766 animum
1513 3714 1635 3769 dico
1668 3726 1721 3769 et
1748 3717 1979 3786 corpus)

410 3798 726 3853 universum
780 3815 952 3870 genus
995 3801 1295 3856 humanum
1344 3807 1568 3875 pr0prio
1627 3806 1733 3861 sibi
1778 3807 1984 3861 lumine

411 3889 776 3958 participavit.
804 3891 935 3947 dum
973 3893 1107 3948 illud
1135 3895 1239 3950 sibi
1266 3896 1541 3964 copulavit
1568 3908 1729 3966 atque
1751 3898 1984 3967 conjun.

415 3982 495 4035 xit
523 3999 537 4037 :
566 3982 857 4054 eﬂecitque
889 3994 948 4039 ut
985 3986 1118 4043 illud
1164 3997 1313 4044 esset
1345 3991 1490 4060 quod
1518 3999 1600 4046 cst
1630 3993 1744 4063 ipse
1778 4010 1789 4046 :
1824 4003 1987 4063 atque

414 4081 475 4127 ut
499 4084 759 4145 corrupta
814 4076 991 4133 deitas
1031 4094 1140 4133 non
1191 4086 1309 4143 est,
1360 4081 1615 4138 habitans
1665 4085 1718 4136 in
1749 4084 1990 4138 obnoxio

414 4169 759 4238 corruptioni
799 4183 1029 4239 corpore
1057 4188 1070 4224 :
1115 4170 1194 4225 sic
1225 4185 1326 4225 nec
1355 4171 1518 4228 ullius
1543 4174 1865 4229 mutationis
1895 4190 1991 4228 va-

417 4256 704 4312 riationem
730 4259 1009 4326 sustinuit,
1034 4261 1252 4330 quando
1270 4262 1686 4318 mutabilitatem
1709 4264 1875 4318 animi
1895 4280 1994 4318 no-

418 4350 519 4403 stri
546 4350 778 4404 sanavit.
815 4349 1029 4420 Quippe
1051 4360 1106 4406 et
1140 4352 1194 4406 in
1237 4360 1353 4407 arte
1379 4353 1588 4408 medica
1616 4354 1710 4423 qui
1744 4358 1991 4424 corpori-

2077 3268 2254 3343 σμὲνῃ⁴
2275 3265 2435 3338 φύσει
2477 3262 2565 3321 διὰ
2593 3259 2796 3326 παντὸς
2830 3256 2925 3313 τοῦ
2964 3251 3335 3326 συγκρίματος
3352 3250 3522 3343 ίήμῶν
3549 3250 3652 3343 τῆς

2077 3338 2328 3431 θεότητος
2351 3359 2449 3429 τὴν
2475 3356 2668 3411 ἀκτῖνα
2699 3348 2992 3419 διαγαγὼν,
3018 3346 3106 3400 διὰ
3136 3344 3334 3415 ψυχῆς,
3362 3341 3526 3410 λέγω,
3556 3338 3653 3392 καὶ

2079 3451 2349 3524 σώματος,
2380 3449 2499 3503 ὅλον
2537 3446 2598 3500 τὸ
2638 3440 2973 3513 ἀνθρώπινον
3006 3437 3084 3507 τῷ
3116 3436 3230 3503 ἰδίῳ
3258 3433 3400 3524 φωτλ.
3431 3445 3654 3524 προσω-

2078 3520 2297 3608 κείωσε,
2325 3544 2391 3611 τῇ
2424 3538 2561 3611 πρὸς
2594 3534 2785 3590 ἑαυτὸν
2810 3529 3109 3601 ἀνακράσει
3136 3528 3273 3597 ὅπερ
3293 3523 3440 3578 ἐστὶν
3467 3520 3654 3584 αὐτὸς,

2081 3637 2300 3692 κάκεῖνο
2327 3629 2801 3702 ἀπεργασάμενος,
2825 3624 2921 3678 καὶ
2940 3623 3017 3685 ὡς
3046 3621 3147 3674 οὐκ
3171 3616 3380 3702 ἐφθάρη
3401 3616 3435 3686 ἡ
3456 3613 3659 3702 -θεότης

2081 3727 2140 3779 ὲν
2165 3723 2243 3793 τῷ
2277 3700 2497 3791 φθαρτῷ
2523 3715 2734 3786 σώματι
2758 3709 3036 3795 γινομένη·
3073 3705 3247 3795 οὕτως
3266 3700 3396 3795 olive
3420 3700 3503 3761 είς

2083 3777 2190 3877 π-ὴν
2214 3777 2499 3874 ἧλὰοιάὶθτί,
2522 3798 2584 3851 τὸ
2604 3777 2835 3866 τρεπτδν
2858 3777 2957 3861 τῆς
2975 3777 3154 3882 ψυχῆς
3176 3783 3334 3882 μῶν
3363 3777 3656 3882 ίασαμὲνη.

2083 3871 2195 3949 Kal.
2221 3871 2313 3946 ἐπὶ
2338 3891 2434 3960 τῆς
2456 3887 2702 3959 ίατρικῆς
2719 3884 2910 3953 τέχνης
2930 3882 2959 3933 ὁ
2979 3873 3294 3949 θεραπεύων
3320 3871 3390 3925 τά
3410 3871 3658 3960 σῶματα,

2086 3984 2302 4039 ἐπειδὰν
2333 3954 2655 4051 ἅψηται-τοῦ
2696 3970 3043 4032 πεπονθότος,
3084 3966 3184 4018 οὐκ
3213 3963 3377 4024 αὐτὸς
3407 3954 3662 4051 tamen;

2041 4108 2045 4113 -
2086 4076 2330 4145 γίνεται,
2382 4046 2520 4124 ἀλλά
2562 4067 2624 4120 τὸ
2668 4061 2852 4119 νοσοῦν
2904 4058 3176 4126 ἐξιάσατο.
3214 4051 3419 4145 Μηδεὶς
3571 4046 3663 4099 διά

2087 4137 2245 4220 τοῦτο
2288 4164 2349 4216 τὸ
2388 4160 2483 4214 τοῦ
2518 4154 2850 4226 Εὑαγγελίου
2894 4152 2968 4223 μὴ
3013 4148 3239 4209 δεόντως
3281 4137 3663 4212 ἐκλαμϐάνων,

2091 4256 2331 4328 ἡγείσθω
2356 4295 2371 4320 ,
2404 4251 2544 4306 κατά
2573 4247 2859 4320 προκοπήν
2886 4261 3009 4297 τινα
3052 4241 3147 4294 καὶ
3178 4233 3500 4328 ἀκολουθίαν
3539 4228 3659 4328 κατ’

2093 4317 2272 4416 όλὶγον
2306 4317 2441 4415 πρὸς
2455 4342 2521 4395 τὸ
2542 4317 2821 4408 θειότερον
2847 4328 3253 4406 μεταποιεῖσθαι
3279 4325 3375 4395 τὴν
3395 4317 3665 4416 ἡμετέραν

418 4438 524 4493 bus
558 4440 882 4495 medicinam
920 4410 1069 4507 facit,
1113 4457 1239 4496 cum
1270 4442 1522 4498 allectum
1559 4410 1761 4514 corpus
1797 4410 1970 4517 talngit

2097 4410 2258 4510 φύσιν
2299 4410 2364 4488 ὲν-
2401 4433 2480 4504 τῷ
2511 4429 2752 4503 Χριστῷ.
2795 4428 2868 4479 Τὸ
2897 4425 3004 4495 γὰρ
3033 4422 3398 4517 IIem-dxtera:
3435 4410 3663 4517 ﬁliai/£1,-

419 4546 764 4600 nequaquam
798 4532 916 4601 ipse
955 4533 1334 4603 aegritudinem
1365 4536 1660 4599 contrahit,
1693 4536 1786 4591 sed
1824 4552 1998 4607 regi-ou

421 4632 537 4677 tum
562 4625 626 4676 ad
650 4624 942 4677 sanitatem
970 4623 1243 4693 perducit.
1275 4623 1446 4680 Nemo
1467 4633 1652 4680 tamen
1684 4635 1995 4696 propterea,

423 4724 709 4781 perperam
776 4711 1017 4780 acceptis
1076 4710 1354 4781 Evangelii
1406 4713 1627 4777 verbis,
1687 4715 1992 4777 existimet,

424 4808 969 4871 naturam.nostram
1002 4802 1056 4857 in
1102 4802 1333 4857 Domino
1359 4819 1653 4874 progressu
1674 4806 1920 4875 quodam
1946 4814 2000 4859 et

426 4895 820 4963 consequentia
858 4894 1119 4963 paulatim
1154 4910 1274 4948 esse
1308 4895 1649 4950 immutatam
1677 4905 1729 4951 et
1763 4896 2003 4950 divinio-

426 5000 541 5041 rem
570 4985 836 5040 eﬂectam.
864 4984 1022 5049 Quod
1045 4985 1192 5040 enim
1217 4984 1441 5047 dicitur,
1468 4984 1817 5054 Progressa»:
1840 4986 2006 5056 facie-

427 5076 515 5128 bat
538 5077 592 5129 in
620 5085 851 5139 statura,
869 5076 1132 5145 sapientia
1158 5085 1207 5130 et
1231 5076 1408 5146 gratia
1433 5077 1454 5108 "
1475 5092 1490 5142 ;
1513 5076 1634 5130 ideo
1668 5091 2002 5139 commemo-

429 5176 586 5221 ratur
614 5181 644 5219 a
665 5165 954 5237 Scriptura
978 5208 994 5232 ,
1030 5176 1091 5221 ut
1119 5168 1545 5231 demonrlrctur,
1575 5182 1701 5223 vere
1734 5169 1789 5222 in
1819 5183 2003 5224 massa

430 5268 617 5313 nostra
655 5259 944 5315 Dominum
992 5259 1161 5317 fuisse
1190 5271 1541 5330 generatum,
1578 5275 1646 5315 ne
1692 5261 1819 5330 quis
1852 5261 2008 5316 locus

430 5363 619 5404 eorum
647 5350 988 5415 relinquatur
1031 5350 1235 5416 errori,
1267 5366 1502 5422 quorum
1539 5353 1736 5408 scitum
1766 5360 1873 5420 est,
1905 5370 2006 5424 pro

431 5453 560 5495 vera
591 5438 685 5494 Dei
712 5441 1074 5511 apparitione,
1116 5442 1354 5512 speciem
1388 5444 1657 5499 duntaxat
1710 5446 2005 5514 quamdam

434 5547 558 5589 esse
591 5531 850 5602 genitam,
912 5546 1034 5602 quae
1087 5532 1315 5604 ﬁguram
1349 5535 1716 5608 assumpserit
1752 5536 2007 5591 humana:

509 5707 532 5741 ⁸
563 5705 709 5765 Psal.
734 5723 917 5775 Lxxxt,
952 5707 1001 5762 Β.
1080 5708 1099 5739 ³
1129 5706 1260 5763 Luc.
1296 5722 1358 5771 ιι,
1400 5709 1488 5765 52.

2094 4498 2192 4585 καὶ
2225 4498 2577 4596 ausclta-xui
2618 4498 2835 4590 χάριτι,
2882 4518 2962 4579 εἰς
2995 4509 3266 4574 ἀπόδειξιν
3301 4504 3397 4559 τοῦ
3451 4498 3668 4596 ἀληθῶς

2095 4624 2154 4676 ὲν
2194 4620 2272 4691 τῷ
2305 4591 2568 4688 *ἡμετέρῳ
2620 4610 2902 4682 φυράματι
2947 4601 3296 4700 γεγενῆσθαι.
3329 4596 3421 4649 τὸν
3464 4591 3669 4700 Κύριον

2097 4711 2247 4783 παρά
2272 4711 2369 4779 τῆς
2403 4706 2628 4777 Γραφῆς
2658 4703 2961 4772 ἱστόρηται.
3002 4698 3091 4759 Ὠς
3122 4694 3188 4748 ἂν
3233 4691 3460 4783 μήτινα
3482 4691 3669 4783 χώραν

2099 4778 2211 4875 ἔχόι
2238 4802 2300 4854 τὸ
2325 4778 2430 4853 τῶν
2460 4797 2582 4852 ἀντὶ
2613 4794 2715 4863 τῆς
2742 4790 2975 4864 ἀληθοῦς
2994 4786 3278 4855 θεοςανὶας
3307 4778 3525 4875 δόκησίν
3553 4788 3672 4827 τινα

2100 4871 2427 4964 γεγενῆσθαι
2456 4884 2909 4957 δογματιςύντων,
2934 4881 2991 4932 ἐν
3013 4871 3672 4967 σωματικῇᾼμορφῇαατ-

2102 4960 2599 5056 εσχηματισμένην.
2648 4976 2747 5028 Διά
2805 4972 2964 5025 τοῦτο
2995 4970 3095 5022 ὃσα
3122 4966 3223 5036 τῆς
3258 4960 3673 5056 φύσεως-ἡμων

2104 5052 2676 5143 ἰδία-ἀνεπαισχύντως
2694 5068 2788 5120 καὶ
2812 5063 2940 5133 περὶ
2966 5061 3126 5115 αὐτὸν
3161 5056 3365 5126 ἱστορεί
3393 5055 3427 5124 ή
3464 5052 3673 5143 Γραφῇ,

2109 5172 2208 5241 τὴν
2247 5166 2469 5238 βρῶσιν,
2498 5161 2598 5231 τὴν
2632 5159 2792 5213 πόσιν
2813 5195 2828 5219 ,
2873 5154 2964 5207 τὸν
3001 5151 3188 5212 ὕπνον,
3222 5147 3312 5201 τὸν
3354 5144 3544 5249 κόττον,
3579 5142 3675 5249 τῂν

2113 5233 2341 5331 τροφ-ὴίν,
2375 5255 2473 5326 τὴν
2504 5250 2788 5325 προκοπὴν
2816 5247 2916 5316 τῆς
2947 5240 3264 5313 σωματικῆς
3308 5233 3558 5331 ἠλικίαςέ
3580 5233 3677 5302 τὴν

2115 5323 2377 5419 αύξησινο
2416 5323 2594 5400 στάντα
2632 5342 2699 5395 δι’
2732 5333 2807 5394 ὧν
2850 5339 2884 5406 ὴ
2916 5333 3161 5402 ἡμετέρα
3206 5323 3676 5419 χαρακτηρίζεται

2116 5414 2295 5512 φύσι-ς,
2320 5438 2458 5509 πλὴν
2482 5437 2578 5505 τῆς
2597 5432 2717 5488 καθ’
2741 5427 3015 5502 ἁμαρτίαν
3039 5421 3237 5512 ὁρμῆς.
3277 5417 3343 5470 Ἦ
3502 5414 3680 5512 ἀμαρῖ

2114 5501 2205 5587 τία
2230 5501 2553 5599 ἀττότεύγμα
2575 5501 2792 5596 φύσεώς
2825 5520 2991 5582 ἐστιν,
3023 5513 3123 5567 οὐκ
3154 5510 3368 5581 ἰδίωμα.
3407 5506 3494 5569 Ὡς
3519 5501 3611 5556 καὶ
3645 5503 3679 5571 ἡ
