4092 6368
383 330 514 388 10⁸21

1583 338 1961 396 EPISTOLIE.
1988 371 2057 379 —
2087 333 2303 392 EPIST.
2343 333 2431 390 ΠΙ.

3486 330 3629 389 ιοιὶιε

384 447 536 512 νόσος
552 450 696 521 καὶὴ
721 450 986 522 πήρωσις,
1013 451 1113 504 οὑκ
1140 451 1200 517 ἐξ
1223 452 1395 524 ἀρχῆς
1416 453 1546 523 ἡμῖν
1572 456 1951 524 συμπέφυκεν,

2059 451 2264 505 formae.
2315 449 2607 518 Propterea
2645 461 2752 499 non
2803 447 3080 501 erubescit
3121 445 3402 517 Scriptura
3435 449 3624 501 omnia

381 540 516 592 ἀλλὰ
548 541 698 610 παρὰ
729 541 890 608 φύσιν
921 543 1207 611 συμϐαίνει
1230 561 1244 572 ·
1274 542 1446 604 οὑτως
1490 545 1583 596 καὶ
1611 547 1643 612 ἠ
1684 546 1826 596 κατὰ
1859 563 1954 597 κα-

381 628 504 682 κίαν
529 629 776 698 ἐνέργεια
800 629 1048 702 καθάπερ
1076 651 1158 695 τις
1185 635 1430 704 πήρωσις
1449 634 1543 686 τοῦ
1579 635 1955 704 ἐμπεφυκότος

381 721 513 788 ἡμῖν
540 720 741 786 ἀγαθοῦ
773 725 991 776 νοεῖται·
1017 726 1118 777 οὑκ
1145 728 1201 777 ὲν
1229 725 1308 794 τῷ
1335 727 1502 797 αὑτὴν
1537 728 1830 794 ὑφεστάναι
1860 745 1956 780 κα-

381 810 856 883 ταλαμϐανομένη,
888 815 1004 867 ἀλλ’
1030 818 1087 869 ὲν
1107 820 1172 888 τῇ
1203 818 1296 870 τοῦ
1324 818 1530 885 ἀγαθοῦ
1558 820 1794 888 ἀπουσίᾳ
1824 817 1956 872 θεω-

386 900 643 971 ρουμένη.
705 903 763 956 '0
808 901 900 958 οὖν
942 905 1043 976 τὴν
1082 908 1241 976 φύσιν
1294 909 1448 978 ὑμῶν
1495 910 1629 978 πρὸς
1664 913 1762 981 τὴν
1807 911 1956 964 θείαν

381 989 609 1061 δύναμιν
640 995 1151 1065 μεταστοιχειὼσας,
1182 999 1392 1068 ἄπηρον
1422 999 1590 1070 αὑτὴν
1630 1000 1726 1054 καὶ
1767 1000 1955 1054 ἄνοσον

385 1083 443 1134 ὲν
471 1083 647 1153 ἑαυτῷ
682 1084 992 1150 διεσώσατο,
1031 1088 1128 1158 τὴν
1150 1089 1207 1153 ἐξ
1241 1090 1514 1160 ἁμαρτίας
1548 1091 1840 1161 γινομένην
1888 1095 1952 1162 τῇ

385 1172 701 1241 προαιρέσει
755 1175 999 1244 πήρωσιν
1059 1177 1118 1227 οὑ
1185 1177 1635 1246 προσδεξάμενος.
1693 1199 1710 1226 ι
1754 1179 1956 1248 Ἀμαρ-

384 1261 505 1310 tiam
538 1261 646 1333 γὰρ
671 1303 684 1325 ,
722 1265 906 1333 φησὶν,
955 1265 1053 1318 οὐκ
1098 1266 1382 1336 ἐποίησενο
1437 1268 1542 1320 εὗδ’
1574 1270 1769 1338 εὑρέθη
1810 1270 1956 1332 δόλος

386 1354 442 1402 ἐν
466 1352 536 1420 te}
570 1354 793 1422 στόματι
818 1355 1002 1409 αὑτοῦ.
1034 1376 1050 1407 ι
1089 1357 1257 1409 Τοῦτο
1283 1358 1338 1409 δὲ
1369 1358 1429 1410 οὑ
1456 1360 1596 1413 κατά
1624 1376 1675 1411 τι
1709 1361 1956 1429 χρονικὸν

383 1443 657 1513 διάστημα
708 1447 836 1516 περὶ
885 1447 1048 1499 αὑτὸν
1096 1446 1431 1518 θεωροῦμεν,
1484 1449 1598 1502 ἀλλ’
1634 1451 1794 1512 εὑθὺς
1825 1454 1850 1500 ὁ
1899 1453 1957 1501 ἐν

384 1536 571 1604 Μαρίᾳ
600 1535 902 1606 ἄνθρωπος,
932 1540 988 1590 ὲν
1017 1531 1059 1606 ᾧ
1088 1539 1432 1608 ᾠκοδόμησεν
1463 1543 1494 1611 ἡ
1520 1541 1688 1608 Σοφία
1712 1541 1800 1593 τὸν
1831 1541 1958 1593 ἴδιον

383 1619 528 1674 οἷκον
549 1642 562 1652 ·
597 1627 662 1694 τῇ
707 1624 806 1693 μὲν
837 1627 1031 1678 ἑαυτοῦ
1059 1628 1218 1696 φύσει
1249 1630 1311 1680 ἐκ
1344 1627 1437 1680 τοῦ
1476 1629 1754 1698 ἐμπαθοῦς
1785 1631 1957 1701 φυρά-

387 1731 552 1783 ματος
583 1711 647 1786 ἦν
667 1732 682 1745 ·
715 1717 846 1784 ὁμοῦ
869 1717 924 1770 δὲ
949 1721 1012 1787 τῇ
1041 1719 1321 1771 ἐπελεύσει
1342 1720 1433 1772 τοῦ
1461 1721 1615 1788 ἁγίου
1643 1721 1956 1791 [Ινεύματος

2056 543 2124 597 de
2168 557 2234 596 eo
2263 555 2489 593 narrare
2532 552 2654 607 qua:
2700 545 2827 591 sunt
2867 546 3075 591 naturze
3118 548 3320 593 nostra:
3362 537 3619 607 propria:

2053 648 2229 696 esum,
2264 641 2469 700 potum,
2502 643 2775 693 somnum,
2805 628 3205 692 lassitudinem,
3230 629 3336 683 cibi
3356 615 3621 698 sumptio-

2058 738 2206 783 nem,
2240 733 2592 790 progressum
2622 730 2897 786 corporea:
2926 724 3168 780 staturae,
3201 718 3619 785 incrementum:

2054 815 2236 868 omnia
2279 813 2512 880 denique
2561 824 2658 878 per
2698 823 2818 875 qua:
2849 814 3060 861 naturae
3099 817 3305 863 nostrae
3335 809 3624 864 character

2054 903 2406 975 exprimitur,
2474 908 2702 970 excepta
2765 899 3132 968 propensione
3197 900 3265 954 ad
3317 907 3618 970 peccatum.

2054 995 2346 1050 Peccatum
2375 995 2546 1058 enim,
2599 991 2876 1046 aberratio
2909 1005 2937 1043 a
2981 999 3174 1045 natura
3200 1000 3316 1054 est,
3350 1005 3458 1044 non
3502 989 3627 1059 ejus-

2057 1087 2382 1154 proprictas.
2413 1085 2566 1137 Sicut
2591 1083 2838 1143 morbus,
2862 1089 2916 1136 et
2948 1081 3314 1135 membrorum
3349 1080 3620 1145 debilitas,

2057 1191 2168 1230 non
2221 1176 2538 1229 coalescunt
2594 1182 2805 1228 natura:
2848 1183 3049 1226 nostra:
3079 1187 3109 1225 a
3155 1172 3467 1242 principio;
3527 1171 3622 1226 sed

2058 1275 2248 1320 contra
2295 1276 2543 1319 naturam
2590 1264 2850 1318 accidunt
2893 1280 2906 1316 :
2941 1265 3021 1316 sic
3055 1269 3110 1316 et
3139 1263 3284 1316 actio
3318 1279 3383 1317 ex
3411 1261 3623 1315 vitiosi-

2057 1365 2168 1411 tate
2200 1371 2429 1411 manans
2450 1396 2465 1418 ,
2495 1357 2644 1409 velut
2675 1355 2929 1409 debilitas
2970 1353 3218 1423 quaedam
3246 1354 3371 1406 boni
3416 1363 3624 1406 naturae

2059 1459 2263 1503 nostra:
2303 1447 2527 1518 ingeniti
2563 1462 2684 1501 esse
2719 1445 3036 1514 intelligitur
3072 1460 3085 1496 :
3119 1461 3239 1514 qua:
3266 1460 3373 1498 non
3403 1459 3467 1498 eo
3499 1459 3622 1512 per-

2058 1542 2260 1610 cipitur
2291 1540 2436 1610 quod
2479 1541 2653 1607 ipsum
2692 1552 2788 1607 per
2821 1552 2880 1591 se
2920 1537 3108 1589 vitium
3137 1537 3420 1598 subsistat,
3443 1537 3538 1590 sed
3567 1538 3628 1590 in-

2060 1633 2306 1686 absentia
2349 1631 2475 1685 boni
2505 1630 2905 1683 consideratur.
2954 1627 3003 1682 ls
3054 1628 3218 1697 igitur
3245 1628 3334 1696 qui
3373 1637 3618 1679 naturatn

2060 1735 2300 1777 nostram
2335 1721 2399 1774 ad
2431 1720 2668 1772 divinam
2715 1717 2970 1771 virtutem
3002 1715 3445 1779 transformavit,
3491 1716 3623 1769 inte-

383 1806 478 1857 καὶ
502 1809 566 1876 τῇ
597 1808 960 1878 ὲπισκηνὼσει
988 1810 1085 1878 τῆς
1105 1810 1196 1863 τοῦ
1214 1811 1466 1879 Ὑψίστου
1490 1812 1789 1882 δυνάμεως,
1820 1815 1955 1884 ὅπερ

2059 1829 2204 1882 gram
2241 1813 2387 1865 illam
2421 1819 2476 1865 et
2515 1825 2545 1862 a
2580 1808 2786 1864 morbis
2820 1809 3118 1861 immunem
3161 1807 3213 1860 in
3245 1821 3304 1860 sc
3330 1820 3625 1858 conserva-

382 1899 443 1948 τὸ
477 1899 855 1969 ὲπισκηνῶσαν
885 1897 954 1970 ἦν
990 1903 1148 1971 φύσει
1185 1907 1249 1974 τῇ
1289 1905 1411 1974 ἰδίᾳ,
1447 1905 1608 1968 εὐθὺς
1633 1908 1807 1959 ἐκεῖνο
1836 1908 1956 1974 ἐγέ-

383 2004 521 2042 νετο.
557 1991 741 2059 Χωρὶς
781 1991 888 2062 γὰρ
926 1993 1108 2063 πάσης
1138 1995 1444 2062 ἀντιλογίας
1494 1995 1556 2047 τὸ
1596 1995 1816 2049 ἔλαττον
1847 1997 1954 2049 ὑπὸ

383 2078 477 2130 τοῦ
504 2080 812 2149 κρείττονος
841 2083 1170 2150 εὐλογεῖται.

2056 1905 2162 1967 vit;
2193 1917 2317 1955 cum
2339 1901 2675 1956 debilitatem
2707 1899 2968 1952 voluntati
2999 1913 3064 1951 ex
3101 1903 3324 1966 peccato
3354 1895 3626 1948 inbzeren-

2057 2001 2163 2047 tem
2196 2007 2305 2046 non
2329 1990 2592 2060 suscepit.
2630 1987 2909 2042 Peccatum.
2940 1987 3101 2051 enim,
3126 1987 3325 2056 inquit,
3349 2003 3450 2040 non
3475 1985 3623 2054 fecit:

2043 2101 2203 2156 neque
2245 2085 2484 2138 inventus
2518 2092 2598 2136 est
2629 2081 2783 2135 dolus
2817 2083 2873 2134 in
2911 2095 3000 2133 ore
3033 2079 3144 2147 ejus
3161 2081 3204 2133 ⁶.
3263 2077 3321 2133 Id
3363 2092 3495 2132 vero
3529 2092 3628 2131 ne-

383 2186 656 2240 quaquam
684 2188 806 2227 eum
839 2175 1122 2230 intervallo
1151 2178 1414 2246 temporis
1449 2178 1502 2231 in
1549 2177 1670 2248 ipso
1708 2177 2124 2233 consideramus
2165 2194 2179 2230 :

2225 2176 2321 2231 sed
2349 2175 2620 2244 extemplo
2656 2189 2778 2227 cum
2840 2179 3137 2241 conceptus
3203 2178 3289 2224 est
3354 2169 3518 2222 homo
3569 2167 3625 2220 in

384 2262 550 2317 Maria
599 2266 673 2335 (iu
715 2282 824 2336 quo
853 2269 1073 2322 domum
1110 2285 1265 2324 suam
1302 2271 1581 2340 Sapientia
1623 2273 1940 2342 exstruxit),
1979 2273 2044 2327 ad
2081 2281 2330 2325 naturam
2367 2270 2586 2340 quidem
2627 2268 2818 2337 ipsius,
2857 2265 3000 2334 quod
3073 2264 3286 2328 attinet,
3354 2278 3385 2317 c
3445 2276 3626 2315 massa

385 2354 672 2412 ali'ectibus
705 2359 938 2412 obnoxia
971 2361 1173 2430 prodiit
1215 2363 1350 2416 :sed
1409 2363 1568 2418 simul
1650 2377 1716 2417 ac
1787 2363 2022 2434 Spiritus
2063 2372 2289 2418 sanctus
2318 2360 2652 2430 supervenit,
2687 2366 2738 2413 et
2765 2360 2939 2412 virtus
2966 2355 3228 2410 Altissimi
3274 2353 3496 2407 Mariam
3538 2353 3627 2406 in-

387 2447 698 2512 umbravit,
724 2459 945 2518 repente
991 2451 1123 2506 illud
1168 2451 1270 2506 fuit
1319 2458 1462 2524 quod
1497 2466 1614 2512 erat
1646 2459 1862 2528 propria
1912 2473 2009 2513 sua
2046 2465 2244 2512 natura
2276 2455 2367 2526 qui
2399 2453 2746 2508 inumbrabat
2779 2467 2792 2504 :
2822 2465 2946 2505 nam
2978 2449 3183 2518 absque
3220 2447 3368 2502 omni
3404 2457 3626 2501 contro-

385 2539 585 2602 versia,
620 2541 764 2610 quod
799 2544 980 2600 minus
1013 2555 1094 2601 est
1122 2547 1192 2602 ab
1217 2563 1280 2602 eo
1307 2552 1450 2618 quod
1478 2551 1654 2619 majus
1688 2562 1771 2606 est
1805 2553 2166 2608 benedicitur.

468 2631 621 2684 Ἐπεὶ
664 2631 755 2686 οὖν
796 2634 1022 2706 ἄπειρόν
1047 2637 1100 2691 τί
1145 2641 1258 2692 ἐστι
1303 2645 1395 2692 γαὶ
1422 2643 1727 2714 ἀμέτρητον
1775 2647 1807 2714 ἡ
1853 2646 1953 2714 τῆς

370 2721 638 2794 ’θεότητος
664 2725 912 2796 δύναμις,
950 2727 1122 2799 βραχὺ
1148 2730 1204 2782 δὲ
1232 2731 1326 2784 καὶ
1359 2733 1631 2786 οὐτιδανὸν
1658 2735 1719 2786 τὺ
1754 2734 1957 2806 ἀνθρὼ-

391 2832 547 2866 πινον
568 2830 582 2844 ο
624 2815 740 2885 ἅμα
777 2834 835 2869 τε
869 2819 1068 2887 ἐπῆλθε
1102 2820 1162 2872 τὸ
1198 2821 1423 2891 Πνεῦμα
1451 2825 1516 2893 τῇ
1545 2822 1827 2894 Παρθένῳ,
1859 2825 1955 2877 καὶ

387 2906 423 2974 ἡ
446 2904 538 2956 τοῦ
569 2905 822 2973 Ὑψίστου
849 2909 1139 2962 ἐπεσκίασε
1166 2911 1414 2981 δέναμις,
1446 2915 1508 2966 τὸ
1537 2915 1622 2968 διὰ
1650 2916 1748 2984 τῆς
1775 2916 1957 2968 τοιαύ-

387 3013 489 3066 της
512 2997 766 3068 ἀφορμῆς
798 3000 1140 3069 πηγνύμενον
1162 3004 1426 3073 σκήνωμα
1451 3005 1601 3057 οὐδὲν
1621 3007 1718 3075 τῆς
1749 3008 1844 3060 ἀνθ
1853 3027 1958 3078 ρω-

2119 2645 2254 2698 Cum
2288 2643 2450 2713 igitur
2498 2639 2771 2695 infinitum
2825 2635 3030 2705 aliquid
3075 2641 3130 2689 et
3165 2632 3310 2703 quod
3343 2632 3444 2688 sub
3473 2646 3630 2686 men-

2051 2749 2234 2788 suram
2281 2748 2388 2785 non
2422 2730 2578 2785 cadat
2614 2729 2697 2782 vis
2731 2725 2945 2780 deitatis
2995 2724 3066 2779 sit
3109 2739 3123 2775 :
3164 2731 3353 2778 contra
3395 2737 3624 2791 parvum

2050 2824 2181 2895 quid
2203 2831 2254 2878 et
2280 2838 2416 2892 pene
2449 2821 2584 2876 nihil
2612 2819 2847 2873 humana
2876 2824 3104 2881 natura;
3129 2815 3318 2870 eodem
3346 2819 3628 2867 momento

2050 2922 2105 2968 et
2149 2911 2390 2981 Spiritus
2443 2917 2666 2963 sanctus
2695 2905 2906 2975 Virgini
2946 2906 3293 2973 supervenit,
3345 2903 3629 2972 virtusque

2056 3002 2324 3056 Altissimi
2369 3015 2486 3055 eam
2537 2996 2902 3060 inumbravit,
2954 3005 3007 3048 ct.
3043 2993 3095 3047 id
3145 2993 3288 3062 quod
3323 3008 3386 3048 ea
3421 2993 3631 3048 ratione

389 3087 550 3156 πίνης
581 3088 815 3160 σαπρίας
841 3094 1301 3158 συνεπεσπάσατο,
1334 3095 1448 3147 ἀλλ’
1481 3095 1667 3166 ὥσπερ
1696 3093 1763 3168 ἦν
1791 3077 1956 3169 me

2064 3101 2405 3162 compactum
2421 3098 2502 3144 est
2534 3086 2970 3146 tabernaculum,
2989 3084 3240 3138 humanae
3260 3083 3629 3153 corruptionis

392 3181 728 3250 συστήματι,
784 3183 831 3234 εἰ
881 3184 971 3234 καὶ
1025 3183 1307 3253 ἅνθρωπος
1351 3181 1439 3256 ἦν,
1492 3187 1627 3258 πλὴν
1675 3189 1811 3242 ἀλλά
1863 3192 1957 3244 καὶ

392 3268 607 3338 πνεῦμα
631 3271 725 3323 καλ⁵
741 3271 898 3342 χάρις
921 3275 1013 3325 καὶ
1036 3274 1262 3345 δύναμις
1279 3272 1366 3346 ἦν,
1397 3279 1453 3330 ἐν
1476 3281 1538 3348 τῇ
1572 3279 1840 3352 ὑπερϐολῇ
1864 3282 1958 3350 τῆς

392 3359 541 3422 θείας
574 3361 856 3431 δυνάμεως
884 3363 982 3432 τῆς
1009 3367 1151 3419 κατά
1178 3368 1273 3437 τὴν
1306 3368 1466 3435 φύσιν
1513 3369 1671 3439 ἡμῶν
1704 3372 1960 3440 ἰδιότητος

391 3451 792 3522 ὲκλαμποὺσης.
829 3454 936 3506 Καὶ
965 3456 1152 3527 ἐπειδὴ
1179 3457 1271 3509 δύο
1301 3459 1513 3527 πέρατα
1555 3461 1655 3529 τῆς
1682 3463 1958 3532 ἀνθρωπί-

391 3560 488 3612 νης
515 3544 630 3594 ἐστὶ
651 3541 814 3612 ζωῆς.
837 3545 956 3598 ὅθεν
977 3547 1260 3617 ἀρχόμεθα
1405 3552 1483 3612 είς
1507 3551 1534 3603 ὃ
1551 3535 1958 3621 καταλήγέμξνῗ

392 3633 702 3700 ἀναγκαίως
727 3638 756 3687 ὁ
793 3638 971 3689 πᾶσαν
1010 3639 1166 3707 ἡμῶν
1194 3639 1292 3708 τὴν
1327 3639 1471 3710 ζωὴν
1516 3642 1846 3711 θεραπεύων
1875 3643 1959 3696 διὰ

392 3723 501 3777 τῶν
537 3724 630 3778 δύο
660 3727 844 3797 ἄκρων
871 3730 1019 3798 ἡμᾶς
1046 3729 1502 3798 περιπτύσσεται,
1536 3732 1630 3784 καὶ
1657 3733 1756 3802 τῆς
1789 3734 1962 3804 ἀρχῆς

395 3815 550 3884 ἡμῶν
574 3817 666 3869 mi.
696 3817 788 3869 τοῦ
817 3819 1004 3882 τέλους
1034 3821 1548 3891 περιδρασσόμενος,
1582 3825 1668 3876 ἵνα
1701 3825 1760 3888 ἐξ
1785 3825 1962 3894 ἀμφο-

392 3905 566 3976 τέρων
599 3907 792 3980 ὑψώσῃ
824 3910 914 3962 τὸν
949 3909 1218 3979 κείμενον.
1264 3913 1440 3983 Ὅπερ
1467 3910 1558 3965 οὖν
1583 3915 1673 3968 ἐπὶ
1698 3915 1791 3967 τοῦ
1823 3916 1962 3969 κατά

393 3996 453 4048 τὸ
490 3998 642 4061 τέλος
683 3998 878 4070 μέρους
921 4002 1432 4074 καταλαμϐάνομεν,
1483 4005 1643 4058 τοῦτο
1692 4006 1788 4058 καὶ
1836 4007 1962 4076 περὶ

392 4084 492 4152 τῆς
523 4086 694 4155 ἀρχῆς
723 4087 1065 4158 λογιζόμεθα.
1087 4092 1171 4154 Ὡς
1201 4092 1308 4162 γὰρ
1335 4096 1447 4146 ἐκεῖ
1467 4095 1527 4146 τὸ
1561 4097 1659 4165 μὲν
1686 4095 1843 4164 σῶμα
1865 4096 1964 4162 τῆς

393 4174 570 4243 ψυχῆς
616 4177 996 4248 διαζευχθῆναι
1033 4184 1152 4232 κατ’
1176 4184 1483 4252 οἰκονομίαν
1518 4186 1804 4256 ἐποίησεν·
1842 4188 1874 4255 ἡ
1906 4187 1961 4238 δὲ

394 4265 684 4335 ἀμέριστος
707 4267 893 4337 θεότης
923 4272 1064 4336 απαξ
1092 4275 1459 4344 ἁνακραθεῖσα
1488 4276 1567 4344 τῷ
1590 4278 1957 4347 ὑποκειμένῳ,

394 4354 516 4407 οὔτε
551 4355 640 4409 τοῦ
673 4357 943 4426 σώματος,
975 4361 1097 4414 οὔτε
1128 4365 1224 4433 τῆς
1245 4365 1423 4435 ψυχῆς
1457 4367 1772 4438 ἀνεσπάσθη
1791 4386 1803 4398 ·
1829 4369 1961 4421 ἀλλὰ

402 4448 536 4515 μετὰ
575 4449 671 4517 μὲν
713 4450 812 4519 τῆς
843 4453 1018 4524 ψυχῆς
1048 4457 1105 4506 ὲν
1147 4456 1223 4526 τῷ
1251 4459 1559 4529 παραδείσῳ
1603 4461 1806 4527 γίνεται
1847 4462 1961 4514 ὁδο-

400 4538 623 4591 ποῑνιῦσα
650 4540 737 4593 διὰ
755 4543 848 4595 τοῦ
880 4543 1075 4614 λῃστοῦ
1099 4549 1207 4609 τοῖς
1231 4547 1590 4618 ἀνθρωπίνοις
1613 4550 1709 4620 τὴν
1730 4551 1932 4604 εἴσοδον
1949 4569 1962 4582 °

393 4629 478 4681 διὰ
504 4631 559 4682 δὲ
587 4632 676 4682 τοῦ
713 4633 960 4703 σώματος
987 4638 1043 4690 ἐν
1069 4641 1133 4708 τῇ
1161 4639 1356 4710 καρδία
1389 4642 1487 4709 τῆς
1518 4641 1640 4710 γῆς,
1668 4643 1966 4713 ἀναιροῦσα

394 4721 484 4772 τὸν
509 4721 568 4774 τὸ
588 4723 784 4792 κράτος
805 4723 995 4794 ἔχοντα
1018 4727 1110 4779 τοῦ
1137 4729 1366 4783 θανάτου
1389 4748 1402 4761 ·
1420 4733 1512 4784 καὶ
1525 4733 1610 4784 διὰ
1626 4732 1782 4785 τοῦτο
1799 4735 1890 4785 καὶ
1907 4735 1966 4787 τὸ

398 4811 599 4882 σῶμαΚ
611 4813 638 4865 ὑ
648 4831 758 4881 ριος
768 4815 1002 4883 λέγεται,
1017 4817 1103 4872 διὰ
1116 4820 1211 4889 τὴν
1224 4823 1371 4888 ὲγκει
1380 4822 1543 4892 μένην
1559 4823 1782 4894 θεότητα
1793 4840 1806 4852 °
1827 4825 1967 4877 οὓτω

395 4904 486 4956 καὶ
504 4905 595 4956 ἐπὶ
617 4907 713 4974 τῆς
743 4904 921 4976 ψυχῆς
947 4907 1290 4978 λογιζόμεθα,
1314 4913 1394 4963 ὅτι
1418 4912 1513 4983 ὅλῃ
1535 4917 1597 4980 τῇ
1628 4914 1785 4980 φύσει
1805 4915 1964 4985 ἡμῶν

395 4996 427 5062 ἡ
451 4995 542 5046 τοῦ
577 4996 832 5064 Ὑψίστου
852 4998 1078 5068 δύναμις
1099 5000 1186 5054 διὰ
1208 5003 1305 5072 τῆς
1328 5004 1663 5068 ὲπελεύσεως
1688 5006 1790 5060 τοῦ.
1810 5006 1962 5073 ἁγίου

394 5083 534 5135 Πνεύ
543 5103 707 5153 ματος
727 5087 1075 5159 ἐγκραθεῖσα,
1097 5093 1190 5143 καὶ
1217 5094 1273 5143 ὲν
1296 5097 1360 5163 τῇ
1383 5093 1526 5163 ψυχῇ
1552 5096 1708 5164 ἡμῶν
1731 5096 1960 5161 γίνεται,

395 5175 528 5228 καθὸ
561 5177 706 5239 εἰκὸς
731 5179 790 5230 ἐν
819 5179 961 5250 ψυχῇ
993 5183 1247 5248 γενέσθαι
1271 5200 1285 5214 ο
1328 5187 1420 5237 καὶ
1458 5185 1533 5254 τῷ
1563 5185 1772 5254 σώματι
1799 5205 1963 5239 κατα-

398 5265 672 5333 μίγνυται,
701 5269 775 5331 ὡς
819 5269 883 5320 ἂν
909 5270 996 5323 διὰ
1031 5272 1245 5324 πάντων
1274 5274 1569 5345 ὁλοτελὴςὴ
1601 5277 1841 5346 σωτηρία
1871 5278 1964 5344 γέ-

395 5371 551 5421 νηται
575 5374 588 5387 ’
618 5359 1028 5430 φυλασσομένης
1050 5367 1116 5434 τῇ
1152 5364 1364 5434 θεότητι
1396 5367 1490 5418 καὶ
1519 5368 1576 5417 ὲν
1599 5370 1662 5438 τῇ
1699 5369 1838 5437 ἀρχῇ
1866 5370 1963 5438 τῆς

395 5441 734 5512 ἀνθρωπίνης
769 5448 910 5518 ζωῆς
942 5451 1034 5504 καὶ
1064 5453 1122 5504 ἐν
1149 5451 1228 5522 τῷ
1256 5453 1396 5506 τέλει
1418 5453 1516 5523 τῆς
1543 5453 1881 5525 θεοπρεποῦς
1905 5473 1966 5508 τε

396 5534 490 5586 καὶ
529 5535 739 5606 ὑψηλῆς
769 5539 1037 5605 ἀπαθείας
1060 5557 1074 5573 °
1123 5543 1247 5596 οὔτε
1290 5543 1399 5615 γὰρ
1439 5545 1472 5614 ἡ
1509 5543 1654 5616 ἁρχὴ
1689 5545 1828 5599 κατὰ
1867 5544 1966 5615 τὴν

465 5717 490 5750 ⁸
518 5717 540 5771 ι
589 5717 734 5773 Pctr.
767 5733 830 5786 η,
858 5720 948 5774 2‘2.

2057 3184 2194 3238 nihil
2221 3183 2464 3245 attraxit,
2489 3181 2580 3234 sed
2615 3179 2758 3234 sicut
2787 3183 2902 3231 erat
2932 3175 2984 3228 in
3008 3174 3184 3244 prima
3212 3174 3628 3237 constitutione,

2059 3273 2219 3326 etiam
2259 3277 2611 3340 posteaquam
2659 3266 2837 3320 factus
2874 3272 2992 3318 erat
3032 3261 3227 3325 homo,
3271 3262 3629 3318 nihilominus

2060 3369 2238 3416 tamen
2274 3359 2519 3428 spiritus,
2559 3365 2612 3410 et
2646 3356 2840 3428 gratia,
2876 3360 2930 3408 et
2961 3352 3136 3406 virtus
3183 3359 3319 3418 erat,
3365 3352 3418 3406 in
3453 3352 3628 3406 abun-

2060 3453 2244 3506 dantia
2284 3451 2480 3506 divinae
2529 3449 2747 3503 virtutis
2799 3447 3128 3517 proprietate
3171 3456 3380 3499 natura:
3429 3451 3634 3498 nostra:

2059 3542 2386 3612 refulgente.
2439 3539 2704 3605 Quoniam
2738 3553 2870 3594 vero
2910 3539 3166 3591 humana:
3197 3537 3321 3591 vita:
3362 3535 3469 3590 duo
3499 3543 3628 3590 sunt

2061 3642 2322 3698 extrema,
2354 3632 2499 3686 unde
2540 3631 2806 3696 ordimur,
2839 3641 2891 3684 et
2921 3633 2974 3684 in
3003 3629 3148 3700 quod
3175 3628 3500 3692 desinimus,
3535 3643 3629 3682 nc-

2061 3725 2303 3780 cessario
2347 3723 2439 3791 qui
2484 3723 2644 3775 vitam
2689 3731 2932 3777 nostram
2984 3723 3294 3776 universam
3353 3719 3625 3781 medetur,

2061 3817 2151 3871 illa
2179 3815 2288 3869 duo
2320 3823 2507 3869 nostra
2538 3821 2773 3866 extrema
2805 3812 3172 3881 amplectitur,
3197 3810 3410 3864 initium
3433 3807 3627 3864 linem-

2061 3922 2167 3976 que
2195 3914 2440 3960 nostrum
2487 3902 2898 3972 apprehendens
2921 3942 2937 3967 ,
2975 3909 3032 3955 ut
3069 3902 3340 3970 jacentcm
3375 3900 3631 3969 utrinque

2063 3999 2336 4052 hominem
2363 3996 2416 4049 in
2443 3995 2675 4049 sublime
2705 3994 2876 4047 tollat.
2910 3993 3068 4059 Quod
3105 3992 3272 4062 igitur
3300 3991 3356 4045 in
3389 4006 3450 4046 ea
3476 4001 3632 4061 parte

2063 4103 2183 4157 qua:
2230 4087 2297 4141 ad
2351 4086 2510 4140 tinem
2563 4092 2771 4154 spectat
2817 4083 3306 4153 deprehendimus,
3351 4083 3404 4136 id
3450 4081 3627 4150 ipsum

2062 4180 2224 4234 etiam
2264 4178 2316 4231 in
2351 4175 2620 4247 principio
2649 4175 2898 4230 evenisse
2937 4173 3252 4229 statuimus.
3312 4171 3445 4226 Nam
3489 4173 3631 4227 sicut

2065 4271 2120 4324 in
2156 4278 2330 4323 morte
2366 4276 2426 4322 ut
2461 4282 2662 4336 corpus
2700 4266 2768 4320 ab
2798 4265 2978 4319 anima
3014 4274 3359 4334 separarctur
3387 4277 3483 4332 per
3513 4263 3625 4317 dis-

2064 4359 2435 4428 pensationem
2465 4356 2630 4412 t‘ecit:
2659 4365 2714 4410 at
2741 4355 2916 4410 deitas
2934 4371 3056 4424 qua:
3077 4354 3398 4410 divisionem
3426 4352 3630 4407 nullam

2065 4450 2334 4514 admittit,
2391 4448 2483 4502 tibi
2518 4448 2686 4503 semel
2734 4447 2782 4501 ei
2824 4445 3074 4515 subjecto
3105 4444 3350 4506 cohaesit,
3383 4458 3559 4512 neque
3601 4459 3632 4495 a

2060 4557 2312 4612 corpore,
2345 4555 2519 4608 neque
2546 4539 2613 4592 ab
2645 4537 2826 4590 anima
2857 4551 3096 4606 unquam
3125 4534 3229 4590 fuit
3254 4535 3502 4590 divulsa:
3537 4533 3632 4589 scd

2065 4650 2186 4690 cum
2217 4633 2398 4686 anima
2437 4631 2655 4700 quidem
2687 4629 2740 4682 in
2777 4628 3089 4698 paradisum
3125 4626 3295 4690 venit,
3330 4641 3428 4696 per
3463 4625 3636 4678 latro-

2065 4741 2188 4780 nem
2237 4725 2378 4777 viam
2425 4722 2676 4776 muniens
2727 4735 2834 4790 qua
2879 4719 3205 4774 mortalibus
3251 4725 3460 4786 pateret
3505 4717 3636 4771 illuc

2066 4818 2248 4872 aditus
2275 4834 2288 4870 :
2319 4830 2413 4884 per
2432 4828 2633 4884 corpus
2658 4828 2807 4876 vero,
2836 4811 2892 4865 in
2922 4810 3103 4865 medio
3131 4817 3291 4863 terrae
3324 4807 3475 4861 illum
3511 4821 3635 4859 sus-

2065 4910 2209 4969 tulit,
2243 4923 2410 4978 penes
2437 4921 2600 4976 quem
2635 4913 2753 4959 erat
2785 4904 2978 4957 mortis
3009 4902 3294 4970 imperium
3325 4915 3337 4950 :
3370 4913 3531 4967 quam
3564 4898 3638 4952 ob

2063 5015 2282 5056 causam
2329 5006 2384 5053 et
2429 5013 2628 5068 corpus
2675 4993 3040 5064 appellatione
3080 4989 3294 5044 Domini
3345 4987 3633 5052 alﬁcimus,

2063 5099 2284 5162 propter
2314 5089 2665 5144 inhaerentem
2699 5086 2745 5140 ei
2775 5084 3065 5148 deitatem;
3092 5081 3171 5136 sic
3201 5081 3363 5134 etiam
3391 5079 3458 5134 de
3479 5081 3634 5148 prin—

2062 5184 2208 5252 cipio
2235 5181 2550 5243 statuimus,
2585 5175 2856 5230 Altissimi
2904 5187 3096 5243 nempe
3147 5171 3407 5226 virtutem
3439 5185 3630 5240 super-

2065 5282 2228 5330 ventu
2253 5271 2489 5342 Spiritus
2518 5265 2694 5323 sancti
2729 5264 2829 5318 toti
2857 5270 3066 5318 natura:
3089 5267 3290 5315 nostra?
3323 5260 3631 5315 coaluisse:

2065 5375 2125 5418 ut
2152 5371 2206 5418 et
2246 5362 2440 5414 animm
2469 5365 2671 5412 nostrae
2715 5355 2865 5414 insit.
2899 5352 3177 5423 quomodo
3209 5352 3352 5406 ratio
3387 5352 3630 5421 postulat

2066 5464 2125 5508 ut
2160 5452 2293 5507 insit
2325 5451 2379 5504 in
2418 5449 2598 5503 anima
2644 5465 2656 5502 :
2699 5453 2754 5502 et
2783 5443 2999 5514 corpori
3027 5458 3246 5513 quoque
3273 5451 3462 5499 nostro
3491 5457 3635 5498 com-

2064 5545 2396 5608 misceatur,
2449 5555 2557 5610 quo
2585 5537 2826 5608 perfecta
2870 5533 2944 5591 sit
2980 5532 3161 5590 modis
3197 5533 3454 5608 omnibus
3483 5531 3634 5587 salus
