4092 6368
417 276 560 339 1033

1622 279 1681 337 S.
1715 280 2044 338 GREGURII
2081 280 2376 339 NYSSENI

3532 276 3669 333 1024

418 396 608 442 nostra
654 401 667 437 :
700 393 754 441 et
802 386 991 443 deitati
1046 396 1403 445 conservetur
1426 430 1442 453 ,
1474 396 1588 443 tum
1638 391 1692 445 in
1723 392 1994 462 principio

2102 392 2373 463 ἡμετέραν
2400 391 2594 463 ἀρχὴν,
2624 389 2749 444 οὕτε
2780 390 2840 444 τὸ
2866 391 3018 456 τέλος
3044 390 3186 446 κατά
3205 391 3265 444 τὸ
3293 390 3556 463 ἡμέτερον
3581 395 3671 447 τέ-

417 480 546 534 vitae
583 478 854 546 humanas,
877 488 990 534 tum
1028 481 1082 535 in
1117 482 1243 544 line,
1274 480 1382 535 Deo
1413 482 1745 537 conveniens
1778 498 1842 538 ac
1869 485 1994 539 sub-

417 569 568 626 limis
596 570 846 625 vacuitas
894 568 1188 626 affectuum
1231 588 1244 624 :
1286 572 1489 641 quippe
1531 587 1632 626 nec
1664 573 1992 644 principium

418 663 542 731 ejus
574 661 760 718 simile
805 661 909 716 fuit
938 661 1208 732 principio
1239 670 1430 716 nostro
1466 678 1480 715 :
1535 678 1715 733 neque
1749 664 1872 719 finis
1901 664 1993 720 lini

420 760 613 808 nostro
647 751 962 821 respondet,
995 752 1092 808 sed
1129 752 1416 823 utrobique
1441 751 1553 808 Deo
1580 755 1859 824 propriam
1895 771 1996 825 po-

419 841 650 896 tentiam
680 840 953 905 ostendit,
991 840 1211 911 quando
1235 858 1413 912 neque
1461 844 1794 914 principium
1838 848 1997 902 volu-

421 938 570 998 ptate
610 929 713 984 fuit
746 929 1113 1000 inquinatum,
1142 948 1321 1002 neque
1351 932 1474 989 finis
1501 933 1554 988 in
1585 936 1993 1005 corruptionem

424 1021 606 1077 desiit.
641 1018 699 1076 Si
725 1020 893 1092 igitur
917 1022 1032 1077 haec
1059 1039 1195 1079 voce
1224 1024 1332 1078 alta
1360 1026 1743 1094 praedicamus,
1775 1037 1829 1083 et
1850 1029 2000 1083 testi-

422 1112 684 1178 ﬁcamur,
718 1112 999 1169 Christum
1032 1129 1262 1184 nempe,
1316 1114 1412 1170 Dei
1456 1117 1711 1172 virtutem
1749 1133 1903 1179 esse,
1943 1126 2000 1173 et

423 1202 519 1258 Dei
540 1204 887 1274 sapientiam,
910 1220 1125 1274 semper
1147 1207 1559 1268 immutabilem.
1585 1222 1803 1278 semper
1822 1209 2005 1273 incor-

423 1294 736 1363 ruptibilem
780 1311 795 1347 :
843 1297 938 1365 qui
989 1296 1115 1350 licet
1158 1296 1215 1351 in
1267 1297 1515 1353 mutabili
1562 1306 1616 1353 et
1655 1298 1999 1368 corruptibili

424 1396 677 1443 versetur
705 1402 976 1457 corpore,
1026 1387 1143 1457 ipse
1170 1392 1353 1442 tamen
1386 1403 1494 1442 non
1529 1387 1872 1457 inquinatur,
1901 1389 1997 1444 sed

424 1477 568 1548 quod
598 1485 718 1534 erat
751 1479 1092 1549 inquinatum
1117 1479 1372 1549 purificat
1397 1498 1410 1534 :
1434 1495 1556 1551 qua:
1578 1491 1766 1536 nostra
1793 1481 2001 1550 injuria

425 1567 677 1623 estiAut
704 1582 868 1637 quam
901 1568 972 1622 ob
1004 1581 1226 1621 causam
1253 1564 1381 1621 odio
1407 1566 1713 1621 habemur?
1739 1565 2002 1636 Autquid

428 1656 534 1712 sibi
563 1656 753 1711 volunt
786 1671 924 1711 nova
973 1658 1085 1711 h:ec
1118 1656 1381 1712 adversus
1412 1671 1514 1711 nos
1551 1665 1737 1729 erecta
1772 1657 2005 1711 altaria?

2093 482 2204 547 λος,
2241 482 2379 538 ἀλλά
2412 481 2580 547 ἔδειξε
2609 483 2772 536 κάκεῖ
2795 483 2889 536 καὶ
2922 476 3026 537 ὦδε
3055 483 3156 553 τὴν
3182 482 3371 554 θεῖκὴν
3402 482 3669 551 ἐξουσίαν,

2098 575 2237 644 μήτε
2262 573 2365 644 τῆς
2401 573 2577 646 ἀρχῆς
2603 573 2663 625 ὲν
2691 573 2851 644 ἡδονῇ
2882 572 3257 643 μολυνθείσης,
3294 575 3430 644 μήτε
3457 573 3554 628 τοῦ
3583 576 3672 629 τέ-

2093 664 2220 729 λους
2251 665 2332 727 είς
2361 662 2569 736 φθορὰν
2598 662 3019 733 καταλήξαντος.
3049 662 3113 717 Et
3138 660 3232 718 οὖν
3260 663 3433 717 ταῦτα
3460 664 3673 736 βοῶμεν

2095 755 2191 808 καὶ
2221 752 2704 826 διαμαρτυρόμεθα
2730 793 2747 819 ,
2780 753 2864 807 ὅτι
2896 754 3129 826 Χριστος
3156 753 3292 808 Θεοῦ
3318 754 3548 825 δύναμις
3579 757 3673 811 καὶ

2094 844 2231 899 Θεοῦ
2264 847 2447 916 σοφία,
2475 845 2564 900 ἀεὶ
2598 845 2893 917 ἄτρεπτος,
2932 846 3019 899 ἀεὶ
3059 846 3357 917 ἄφραστος,
3387 846 3490 901 κᾶν
3513 848 3572 901 ἐν
3594 847 3672 918 τῷ

2094 936 2314 1007 τρεπτῷ
2337 938 2430 991 καὶ
2452 935 2679 1008 φθαρτῷ
2703 936 2951 1007 γένηται,
2981 937 3083 990 οὐκ
3101 936 3264 1000 αὐτὸς
3291 936 3670 1008 μολυνόμενος,

2097 1026 2232 1080 ἀλλά
2279 1027 2342 1081 τὸ
2389 1028 2651 1098 μολυνθὲν
2706 1028 3061 1101 καθαρίζων⁹
3115 1029 3169 1082 τί
3213 1028 3527 1099 ἀδικοῦμεν,
3579 1030 3677 1083 καὶ

2097 1115 2236 1186 ὑπὲρ
2261 1115 2406 1180 τίνος
2430 1116 2769 1189 μισούμεθας
2795 1117 2907 1172 Καὶ
2931 1119 2984 1171 τί
3005 1117 3254 1187 βούλεται
3283 1119 3317 1190 ἠ
3340 1117 3450 1172 τῶν
3474 1119 3678 1173 καινῶν

2097 1205 2507 1277 Θυσιαστηρίων
2520 1206 2871 1277 ἀντεξαγωγή
2897 1225 2910 1271 ;
2935 1208 3026 1279 Μὴ
3055 1207 3211 1262 ἄλλον
3243 1208 3452 1278 Ἰησοῦν
3474 1227 3677 1281 καταγ-

2098 1298 2360 1369 γέλλομεν
2383 1315 2397 1363 ;
2430 1298 2517 1371 Μὴ
2537 1298 2723 1371 ἓτερον
2744 1299 3197 1370 ὑποδεικνύομενς
3228 1300 3320 1371 Μὴ
3347 1300 3509 1364 ἄλλας
3535 1303 3677 1373 Γρα-

2099 1390 2205 1461 φὰς
2234 1389 2595 1460 ὲκτιθέμεθα;
2624 1388 2839 1463 Μὴτὴν
2866 1390 3028 1459 ἀγίαν
3053 1390 3326 1462 Παρθένον
3351 1393 3450 1460 τὴν
3489 1392 3681 1447 Geo-.6-

2100 1470 2195 1537 κον
2226 1481 2497 1552 ἐτόλμησέ
2537 1497 2621 1544 τις
2661 1480 2818 1552 ἡμῶν
2858 1481 2953 1534 καὶ
2998 1480 3439 1553 ’Δνθρωποτόκον
3466 1484 3641 1536 εἰπεῖν
3663 1500 3676 1512 ·

2101 1575 2239 1642 ὅπερ
2272 1570 2546 1641 ἀκούομεν
2578 1587 2734 1634 τινας
2761 1570 2820 1636 ἐξ
2851 1569 3029 1624 αὐτῶν
3054 1569 3287 1639 ἀφειδῶς
3329 1570 3509 1640 λέγειν
3528 1589 3554 1641 ι
3590 1573 3682 1643 Μὴ

2102 1665 2253 1735 τρεῖς
2303 1661 2632 1741 ἀναστάσεις
2683 1659 3116 1731 μυθοποιοῦμενς
3169 1661 3494 1741 Μὴίχιλίων
3545 1661 3681 1714 ἑτῶν

426 1742 568 1800 Num
616 1745 784 1800 alium
813 1742 1000 1801 Iesum
1047 1744 1477 1800 annuntiamus?
1522 1733 1664 1801 Nu'm
1704 1745 1872 1800 alium
1908 1745 2002 1801 de-

2103 1733 2546 1824 γαστριμαργίας
2587 1751 3077 1822 ὲπαγγελλόμεθας
3119 1752 3211 1823 Μὴ
3237 1739 3337 1823 τὴν
3385 1753 3693 1824 Ἰουδαῖκὴν

429 1836 712 1917 signamus
728 1834 909 1891 ?Num
940 1837 1076 1892 alias
1112 1832 1426 1906 Scripturas
1449 1836 1787 1910 proferimus
1810 1839 1834 1892 ?
1862 1837 2003 1893 Num

428 1927 709 1999 Virginem
756 1935 1004 1983 sanctam
1063 1936 1118 1982 et
1162 1927 1448 1998 Deiparam
1507 1943 1677 1985 ausus
1718 1938 1806 1984 est
1851 1930 2008 2000 quis-

429 2036 596 2092 quam
626 2030 875 2078 nostrum
907 2019 1317 2091 llominiparam
1343 2021 1564 2087 dicere,
1614 2037 1725 2091 quo
1754 2022 1914 2078 modo
1940 2023 2007 2077 il-

430 2112 607 2168 lorum
637 2112 931 2168 nonnullos
961 2128 1080 2167 eam
1121 2112 1488 2169 irreverenter
1520 2113 1809 2169 nominare
1849 2114 2008 2169 audi-

431 2204 590 2259 Inus?
635 2203 774 2258 Num
806 2203 980 2257 'trium
1026 2204 1488 2259 resurrectionum
1538 2203 1773 2258 fabulam
1803 2203 2007 2273 proba-

430 2292 590 2353 mus?
622 2291 773 2347 Num'
799 2294 946 2348 mille
974 2307 1243 2348 annorum
1280 2293 1759 2364 ingurgitationem
1785 2293 2010 2364 pollice-

431 2386 593 2440 mur?
664 2383 807 2439 Num
856 2381 1142 2439 Iudaicam
1211 2384 1557 2439 victimarum
1619 2387 2006 2439 mactationem

432 2477 631 2532 iterum
654 2475 965 2532 restitutum
1000 2475 1065 2529 iri
1097 2475 1397 2531 docemus?
1419 2474 1561 2530 Num
1594 2475 1661 2529 ad
1693 2485 2006 2529 terrestrem

430 2568 733 2625 Jerusalem
768 2581 893 2638 spes
914 2567 1197 2640 hominum
1231 2569 1585 2632 inclinamus,
1609 2576 1665 2622 et
1696 2568 2008 2623 instauran-

430 2662 557 2717 dam
587 2661 735 2715 illam
774 2675 900 2716 esse
927 2652 1246 2716 illustriori‘s
1276 2660 1516 2715 materia:
1548 2658 1823 2730 lapidibus
1852 2658 2009 2728 lingi-

432 2750 597 2806 mus?
628 2750 771 2818 Quid
799 2750 995 2804 horum
1023 2750 1182 2806 nobis
1207 2749 1372 2821 objici
1399 2757 1596 2820 potest,
1632 2764 1732 2803 cur
1765 2748 2006 2820 fugiendi

428 2840 775 2911 iudicemur,
817 2850 874 2896 et
900 2854 1002 2894 cur
1032 2824 1296 2896 adversus
1327 2854 1429 2895 nos
1460 2839 1633 2894 altare
1661 2838 1882 2909 quidam
1912 2854 2008 2892 ex-

434 2941 688 2997 struunt,
733 2933 892 3004 quasi
939 2933 1044 3003 ipsi
1085 2922 1299 2989 sancta
1328 2933 1738 3003 pollueremus?
1781 2929 2011 3000 Propter

436 3023 542 3079 ista
586 3038 711 3078 cum
738 3024 977 3078 excitata
1014 3022 1145 3077 mihi
1193 3022 1322 3077 bilis
1365 3030 1544 3085 esset,
1588 3030 1642 3075 ct
1673 3021 1833 3076 dolor“
1856 3020 2009 3075 cordi

435 3115 688 3180 obortus,
710 3114 876 3170 simul
904 3129 968 3170 ac
993 3128 1245 3170 reversus
1276 3110 1466 3182 pedem
1509 3113 1669 3183 posui
1709 3112 1766 3168 in
1809 3118 2013 3167 metro-

2106 1840 2408 1908 ζὼοθυσίαν
2456 1838 2618 1893 πάλιν
2669 1838 3224 1910 ὲπαναληφθὴσεσθαι
3273 1838 3537 1909 λέγομενς
3591 1840 3681 1909 Μὴ

2107 1932 2238 2003 περὶ
2262 1932 2363 2002 τὴν
2384 1931 2534 1985 κάτω
2576 1930 2930 2002 Ἰερουσαλὴμ
2953 1931 3054 1994 τὰς
3085 1930 3304 1994 ἐλπίδας
3330 1929 3439 1984 τῶν
3467 1930 3681 2003 ἀνθρώ-

2106 2040 2224 2078 πων
2246 2021 2521 2093 κλίνομεν,
2557 2019 2874 2092 ἀνοικισμὸν
2916 2021 3086 2092 αὐτῆς
3122 2019 3211 2073 διὰ
3232 2020 3332 2090 τῆς
3358 2020 3686 2088 εὐφανεστέ-

2109 2128 2210 2184 ρας
2258 2112 2368 2165 τῶν
2407 2111 2571 2164 λίθων
2629 2108 2763 2181 ὕλης
2804 2110 3273 2177 ἀναπλάσσοντες;
3325 2109 3392 2163 Τί
3441 2108 3686 2163 τοιοῦτον

2104 2202 2321 2281 ἔχοντες
2358 2202 2706 2271 ἐγκαλεῖσθαι
2750 2202 2976 2272 φευκτοὶ
3006 2200 3393 2273 ὲνομίσθημεν,
3439 2203 3534 2254 καὶ
3559 2202 3687 2256 ἄλλο

2109 2294 2262 2366 παρά
2300 2311 2465 2348 τινων
2515 2294 2890 2366 ἀντεγείρεται
2955 2294 3085 2364 ἡμῖν
3146 2293 3556 2364 θυσιαστήριον,
3610 2293 3684 2357 ὼς

2108 2381 2265 2453 ἡμῶν
2291 2380 2661 2452 βεϐηλούντων
2700 2381 2769 2436 τά
2798 2381 2968 2450 hic;
3012 2382 3182 2453 ’Υπὲρ
3216 2382 3422 2436 τούτων
3454 2384 3512 2437 ὲν
3561 2382 3687 2452 φλε-

2107 2474 2283 2543 γμονῇ
2304 2470 2399 2525 καὶ
2423 2469 2567 2542 λύπῃ
2604 2470 2704 2544 τὴν
2726 2471 2952 2543 καρδίαν
2974 2471 3134 2542 ἔχων,
3165 2472 3301 2542 ὁμοῦ
3326 2472 3405 2542 τῷ
3432 2473 3689 2544 ἐπιβῆναι

2104 2562 2205 2633 τῆς
2245 2560 2648 2632 μητροπόλεως,
2697 2560 3047 2615 ἀποηνῶσαι
3087 2562 3187 2632 τῆς
3229 2560 3410 2632 ψυχῆς
3456 2560 3558 2632 τὴν
3590 2580 3689 2614 πι-

2108 2640 2290 2725 κρίαν,
2318 2652 2406 2706 διὰ
2442 2653 2535 2706 τοῦ
2568 2651 2775 2724 γράψαι
2806 2652 2941 2723 πρὸς
2965 2653 3066 2724 τὴν
3094 2652 3313 2724 ἀγάπην
3344 2652 3522 2722 ὑμῶν,
3549 2670 3687 2724 προ-

2110 2743 2612 2817 εθυμήθην.Ὑμεῖς
2630 2743 2690 2796 δὲ
2718 2743 2803 2813 ἐφ’
2840 2744 2980 2815 ὅπερ
3007 2742 3073 2797 ἂν
3108 2744 3253 2813 ὑμᾶς
3297 2747 3687 2818 χειραγωγήσῃ

2107 2833 2169 2886 τὸ
2191 2832 2414 2903 Πνεῦμα
2439 2833 2499 2887 τὸ
2532 2832 2707 2901 ἅγιον,
2732 2834 2791 2886 ὲν
2810 2833 3006 2903 ἐκείνῳ
3030 2833 3201 2904 εἴητε,
3231 2833 3406 2886 ὀπίσω
3432 2832 3527 2887 τοῦ
3549 2834 3685 2886 Θεοῦ

2112 2923 2497 2996 πορευόμεναι,
2528 2925 2693 2995 σαρκὶ
2716 2923 2771 2977 δὲ
2793 2924 2887 2977 καλ⁸
2909 2924 3101 2994 αἵματι
3132 2923 3208 2995 μὴ
3232 2923 3684 2996 προσανέχουσαι,

2116 3014 2248 3085 μηδὲ
2285 3014 2540 3084 ἀφορμὴν
2570 3012 3091 3085 παρασκευάζουσαι
3136 3022 3246 3067 τισι
3289 3015 3687 3084 καυχήματος,

2115 3106 2201 3158 ἵνα
2228 3105 2306 3176 μὴ
2327 3105 2385 3157 ὲν
2413 3105 2541 3174 ὑμῖν
2567 3105 2973 3175 καυχήσωνται,
2994 3105 3089 3159 διὰ
3111 3104 3206 3158 τοῦ
3266 3104 3537 3177 ὑμετέρου
3574 3103 3690 3174 βίου

434 3204 577 3276 poli,
614 3203 923 3260 faciendum
950 3203 1106 3264 duxi,
1153 3211 1213 3257 ut
1257 3202 1453 3259 litteris
1482 3202 1551 3257 ad
1580 3216 1679 3259 vos
1705 3201 2003 3259 scribendis

2109 3198 2211 3269 τῆς
2266 3196 2573 3267 φιλοδοξίας
2629 3196 2811 3250 αὐτῶν
2870 3196 3344 3267 ὲπαυξανομένης.
3407 3195 3684 3265 Ἀναμνή-

436 3293 787 3349 acerbitatem
818 3294 986 3367 animi
1014 3293 1121 3350 mei
1159 3294 1530 3350 exhaurirem.
1561 3290 1668 3348 Vos
1700 3307 1850 3354 vero.
1901 3307 2003 3362 quo

2113 3286 2282 3359 σθῃτε
2336 3287 2448 3345 τῶν
2496 3287 2665 3356 ἁγίων
2718 3288 3000 3359 Πατέρων,
3043 3282 3127 3352 οἷς
3160 3286 3312 3358 παρά
3359 3284 3456 3339 τοῦ
3511 3303 3690 3356 μακα-

435 3385 781 3441 deducemini
808 3400 841 3440 a
869 3384 1075 3456 Spiritu
1115 3395 1331 3450 sancto,
1366 3385 1422 3439 in
1450 3399 1517 3439 eo
1554 3391 1813 3439 manete:
1866 3397 2003 3452 pone

2112 3378 2225 3450 ρίου
2254 3379 2458 3450 πατρὸς
2498 3378 2650 3449 ὑμῶν
2678 3378 3098 3449 ὲνεχειρίσθητε,
3133 3373 3208 3433 ὧν
3240 3378 3332 3431 καὶ
3357 3378 3518 3448 ἡμεῖς
3549 3374 3694 3429 κατά

437 3476 730 3532 Dominum
762 3476 1157 3549 ingredientes,
1185 3477 1339 3530 carni
1365 3484 1421 3531 et
1449 3474 1700 3545 sanguini
1754 3488 1865 3528 non
1911 3488 2003 3527 ac-

2107 3469 2241 3523 Θεοῦ
2270 3470 2429 3542 χάριν
2470 3470 2569 3542 τὴν
2619 3470 2869 3542 διαδοχὴν
2926 3470 3072 3541 ἔχειν
3102 3467 3544 3540 κατηξιώθημεν.
3578 3467 3693 3520 Καὶ

436 3566 808 3637 quiescentes,
834 3580 1014 3635 neque
1042 3565 1392 3620 occasionem
1422 3563 1693 3634 gloriandi
1724 3563 2003 3619 nonnullis

2111 3560 2187 3630 μὴ
2220 3562 2504 3632 μεταίρετε
2527 3562 2670 3632 ὅρια,
2698 3560 2736 3615 ἀ
2756 3560 2940 3615 ἔθεντο
2964 3563 3012 3614 οἱ
3038 3559 3283 3630 Πατὲρες
3310 3558 3488 3630 ἡμῶν,
3513 3556 3690 3628 μηδὲν

437 3656 742 3728 ριἐειλειιιθο
764 3694 780 3717 .
811 3662 873 3708 ut
899 3670 967 3709 ne
988 3652 1199 3723 jactent
1231 3668 1291 3708 se
1317 3651 1387 3707 de
1412 3652 1584 3715 vobis,
1618 3666 1755 3707 neve
1786 3660 2003 3723 propter

2115 3652 2409 3734 ἀτιμάζετε
2443 3653 2536 3707 τὸν
2594 3651 2906 3723 ίδιωτισμὸν
2937 3651 3032 3706 τοῦ
3076 3651 3447 3722 ἀπλουστέρου
3481 3646 3693 3718 κηρύγ-

436 3755 678 3804 vestram
711 3748 882 3801 vitam
911 3785 925 3809 ,
955 3744 1184 3799 ambitio
1229 3744 1471 3814 ipsorum
1500 3743 1677 3812 capiat
1704 3743 2003 3798 incremen-

2114 3762 2301 3816 ματος.
2337 3746 2490 3817 Μηδὲ
2518 3746 2793 3810 ποικίλαις
2829 3746 3099 3815 διαδοχαῖς
3133 3745 3194 3798 τὸ
3228 3743 3392 3797 πλέον
3423 3743 3645 3813 νείματε
3670 3754 3687 3771 ·

437 3846 577 3893 tum.
615 3836 800 3894 Estote
831 3849 1104 3891 memores
1159 3842 1474 3889 sanctorum
1521 3832 1769 3896 Patrum,
1811 3833 2003 3904 quibus

2111 3835 2246 3889 ἀλλά
2278 3838 2539 3906 στοιχείτε
2570 3835 2648 3907 τῷ
2678 3836 2894 3908 ἀρχαίῳ
2928 3835 3113 3890 κανόνι
3150 3836 3250 3905 τῆς
3283 3833 3517 3889 πίστεως
3535 3873 3551 3898 ,
3594 3830 3694 3884 ’καὶ

438 3926 836 3982 commendatae
866 3924 1051 3980 fuistis
1089 3939 1122 3979 a
1166 3924 1327 3981 beato
1357 3931 1514 3994 patre
1543 3931 1749 3988 vestro,
1780 3930 1838 3978 et
1883 3940 2003 3995 quo

2118 3928 2147 3979 ὁ
2177 3927 2310 3991 Θεὸς
2354 3927 2456 3996 τῆς
2503 3930 2727 3999 εἰρήνης
2778 3926 2930 3980 ἔσται
2980 3925 3100 4006 μεθ’
3151 3925 3306 3996 ὑμῶν
3365 3921 3695 3994 ἐρρωμένων

437 4036 562 4077 rum
588 4020 645 4075 in
670 4020 851 4075 locum
880 4016 986 4089 ipsi
1036 4017 1572 4080 utsuccederemus,
1614 4030 1712 4085 per
1742 4015 1836 4072 Dei
1893 4016 2003 4070 fac-

2118 4016 2263 4089 ψυχῇ
2290 4018 2383 4072 καὶ
2411 4017 2727 4089 σώματι.¹0
2762 4019 2964 4089 Κύριος
3001 4017 3262 4089 φυλάσσοι
3302 4015 3447 4085 ὑμᾶς
3484 4015 3543 4066 ὲν
3590 4010 3695 4078 ἀφ-

440 4123 557 4169 tum
587 4121 673 4168 est
693 4111 953 4184 gratiam,
1011 4126 1136 4181 quae
1166 4125 1233 4166 eo
1261 4109 1471 4166 honore
1521 4123 1624 4163 nos
1680 4117 1767 4163 est
1819 4107 2003 4179 digna-

2120 4108 2340 4182 θαρσίᾳ,
2370 4108 2552 4174 καθὼς
2571 4109 2863 4181 εὐχόμεθα.
3455 4186 3460 4191 θ
3714 4114 3721 4119 ’

443 4211 521 4260 ta.
569 4200 748 4256 Nolite
781 4215 921 4271 quos
951 4199 1142 4254 Patres
1184 4198 1359 4275 nostri
1414 4203 1713 4266 posuerunt
1780 4196 2045 4251 terminos
2081 4205 2313 4264 mutare,
2381 4214 2557 4267 neque
2607 4199 2974 4269 asperuemini
3005 4195 3359 4267 simplicioris
3422 4191 3690 4264 praedica-

441 4291 610 4347 tionis
640 4290 1005 4354 idiotismum,
1067 4304 1247 4360 neque
1274 4288 1539 4360 potiorem
1609 4287 1811 4357 putetis
1875 4285 2206 4351 doctrinam,
2273 4304 2396 4358 quae
2462 4304 2561 4360 per
2613 4290 2794 4345 varias
2847 4290 3227 4345 successiones
3286 4284 3554 4347 mutavit;
3595 4278 3694 4336 sed

441 4387 680 4457 antiqua:
706 4386 832 4443 ttdei
862 4387 1062 4457 regulae
1093 4385 1400 4455 congruite,
1425 4391 1481 4439 et
1512 4381 1657 4438 Deus
1689 4383 1841 4454 pacis
1900 4382 2181 4440 vobiscum
2215 4384 2342 4453 erit,
2398 4391 2454 4440 et
2510 4384 2696 4440 animo
2770 4393 2825 4440 et
2880 4399 3111 4454 corpore
3172 4379 3505 4438 valentibus.
3570 4373 3679 4428 Do-

444 4478 630 4537 minus
660 4491 763 4536 vos
793 4486 977 4537 servet
1003 4479 1380 4548 incorruptae,
1411 4476 1556 4533 sicut
1586 4485 1861 4546 Optamus.
