4092 6368
448 258 591 317 10⁸25

936 429 1280 485 ΕιιιΣτοΑιι
1343 430 1385 481 ιι
1423 428 1521 498 (ι).

1621 246 2004 306 ΕΡΙδΤΟΙυΕ.
2040 277 2111 291 -
2139 243 2354 299 EPIST.
2392 243 2480 298 IV.

3554 239 3691 294 1026

2687 415 3021 472 EPISTOLA
3064 416 3153 471 ιν.

522 614 732 680 Scripta
781 612 943 680 fuisse
994 611 1198 664 videtur
1244 610 1354 661 Iure
1395 606 1725 680 epistolam!
1768 604 2316 680 Enselvinm‘retrrent
2360 598 2419 680 S_.
2449 597 2638 649 Basilii
2664 596 2896 680 sodalem
2925 636 2940 656 ,
2966 596 3034 648 ad
3069 594 3687 680 quqm‘eazstot‘ejusdem

445 665 670 751 epistola
700 665 761 741 ll,
781 665 861 734 Ιιιι
890 698 993 749 qua
1033 696 1086 733 se
1121 665 1598 751 comitantem}qu
1632 678 1745 742 ipso
1780 677 1989 751 domum
2014 714 2026 733 ,
2059 672 2232 751 focum
2262 711 2273 723 .
2299 669 2668 751 predugognm,
2700 667 2908 733 aliaque
2940 669 3115 751 omnia
3153 665 3397 751 Itlnbuissc
3428 672 3687 743 testatur,

701 733 854 805 enini
890 733 939 802 έι
989 752 1125 801 hunc
1169 748 1407 816 Gregorii
1452 733 1681 814 Nysseni
1722 744 1955 796 sodalem
1998 733 2323 823 nuruumque
2356 733 2539 817 (insse.
2589 734 2841 823 F‘ortasse
2887 735 3118 787 adhunc
3168 733 3454 786 Eusebium
3489 733 3687 798 scripta

448 807 609 877 'etiam
638 833 716 875 est
749 820 986 890 Gregorii
1011 807 1339 871 Nazianze'ni
1363 807 1585 885 epistola
1620 814 1741 876 171,
1779 814 1833 865 in
1874 830 1977 881 qua
2006 811 2069 865 de
2093 811 2206 878 ejus
2237 809 2432 875 nuptiis
2462 807 2789 876 gratulatur.

922 980 1073 1047 Πρὸς
1123 978 1415 1031 Εὑσέὅιον
1455 977 1529 1044 (‘2)
1542 1019 1553 1028 .

2693 962 2775 1014 Ad
2804 960 3110 1013 Eusebium.

524 1114 692 1166 Ὅταν
743 1111 1053 1173 πλεονάζειν
1093 1112 1327 1181 ἄρχηται
1378 1110 1439 1161 τὸ
1488 1108 1785 1178 ἡμερήσιον
1826 1107 2021 1177 μέτρον

2196 1097 2328 1151 Cum
2359 1093 2670 1162 superiores
2701 1091 2821 1145 cceli
2860 1096 3043 1159 partes
3079 1103 3243 1142 cursu
3278 1102 3380 1140 suo
3416 1085 3499 1141 sol
3522 1100 3679 1155 repe-

450 1208 591 1258 κατὰ
617 1206 715 1275 τὴν
740 1204 1013 1273 χειμέριον
1042 1202 1189 1272 ὥραν
1214 1245 1227 1266 ,
1264 1200 1357 1253 τοῦ
1400 1200 1549 1270 ἡλίου
1605 1201 1740 1269 πρὸς
1779 1198 1867 1251 τὸν
1910 1200 2019 1252 ἅνω

450 1296 649 1366 δρόμον
680 1292 1108 1356 ἀναποδίζοντος,
1138 1293 1237 1360 τὴν
1262 1291 1354 1343 τοῦ
1382 1290 1633 1360 ἀληθινοῦ
1688 1289 1862 1358 φωτὸς
1902 1288 2019 1341 θεο-

454 1390 699 1455 φάνειαν,
731 1384 824 1435 τοῦ
870 1383 955 1435 διὰ
1006 1381 1205 1450 σαρκὸς
1244 1380 1649 1450 ἐπιλάμψαντος
1694 1382 1760 1448 τῇ
1811 1378 2019 1448 ἀνθρω-

454 1475 585 1546 πίνῃ
645 1473 755 1543 ζωῇ
820 1471 1144 1542 ἑορτάζομεν
1172 1487 1184 1498 ·
1234 1470 1350 1521 νυνὶ
1402 1470 1458 1521 δὲ
1520 1469 2019 1538 μεσουρανησαντος

453 1564 553 1633 ἤδη
579 1562 671 1615 τοῦ
714 1563 998 1631 φωστῆρος
1028 1560 1168 1613 κατὰ
1200 1560 1291 1612 τὸν
1344 1560 1563 1630 δρόμον,
1610 1561 1685 1622 ώς
1723 1560 1891 1611 νύκτα
1935 1575 2016 1624 τε,

452 1656 546 1707 καὶ
576 1654 785 1724 ἡμέραν
823 1652 956 1722 πρὸς
991 1649 1104 1703 ἴσον
1143 1651 1397 1721 ἀλλήλαις
1438 1652 1872 1722 ἁντιμετρεῖσθαι
1905 1650 2019 1703 διά-

457 1760 661 1814 στημα,
694 1744 728 1812 ἡ
769 1743 831 1794 ὲκ
876 1740 969 1793 τοῦ
1012 1740 1238 1793 θανάτου
1290 1742 1422 1810 πρὸς
1455 1740 1553 1809 τὴν
1599 1741 1741 1809 ζωὴν
1764 1740 2019 1803 ἐπάνοδος

451 1836 551 1905 τῆς
569 1832 911 1905 ἀνθρωπίνης
944 1831 1178 1900 φύσεως,
1215 1830 1466 1893 ὑπόθεσις
1514 1833 1644 1899 ἡμῖν
1679 1831 1885 1897 γίνεται
1922 1831 2018 1901 τῆς

457 1925 697 1996 μεγάλης
722 1924 918 1993 ταύτης
948 1924 1041 1976 καὶ
1100 1921 1388 1992 καθολικῆς
1434 1922 1646 1991 ἑορτῆς,
1691 1922 1757 1991 ἢν
1804 1921 2019 1990 σύμπα-

456 2032 522 2067 σα
555 2016 695 2067 κατὰι
726 2014 922 2066 ταύτὸν
966 2014 1041 2081 (5)
1080 2011 1326 2082 ἑορτάζει
1382 2011 1489 2062 τῶν
1540 2010 1838 2079 ἀνθρώπων
1881 2009 2015 2079 ζωὴ,

452 2104 559 2157 τῶν
612 2103 673 2155 τὸ
724 2103 1018 2173 μυστήριον
1055 2099 1466 2169 ἀναδεξαμένων
1504 2101 1603 2168 τῆς
1650 2098 2014 2159 ἀναστάσεως.

455 2197 521 2249 Τί
553 2211 640 2264 μοι
682 2192 925 2263 βούλεται
953 2192 1052 2260 τῆς
1087 2190 1370 2259 ἐπιστολῆς
1416 2190 1448 2258 ή
1488 2188 1776 2253 ὑπόθεσις;
1834 2188 2016 2257 ἐπειδὴ

457 2279 682 2347 συνῆθές
716 2280 861 2330 ἐστιν
884 2280 939 2330 ὲν
961 2280 1076 2338 ταῖς
1105 2277 1403 2346 πανδήμοις
1432 2276 1655 2338 ταύταις
1684 2276 2016 2347 ἱερομηνίαις

453 2372 543 2425 διὰ
581 2371 793 2424 πάντων
822 2371 966 2440 ἡμᾶς
996 2368 1390 2421 ἐπιδείκνυσθαι
1419 2366 1518 2437 τὴν
1548 2367 1871 2437 ἐγκειμένην
1896 2369 2015 2430 ταῖς

2125 1196 2278 1249 tens,
2333 1185 2566 1237 hiberno
2602 1190 2883 1249 tempore.
2928 1178 3113 1231 diurni
3165 1179 3329 1248 spatii
3373 1190 3688 1231 mensuram

2126 1284 2308 1343 auget,
2341 1289 2482 1325 vera:
2514 1272 2650 1325 lucis
2672 1286 2768 1340 per
2796 1284 3018 1322 carnem
3053 1268 3291 1319 humano
3313 1266 3498 1334 generi
3531 1263 3686 1317 afful-

2124 1368 2306 1437 gentis
2353 1366 2754 1435 apparitioncm
2806 1361 2999 1415 festiva
3050 1360 3398 1415 solemnitate
3448 1358 3691 1413 celebra-

2125 1470 2277 1521 mus;
2323 1470 2469 1508 nunc
2515 1467 2645 1507 vero
2683 1452 2921 1504 medium
2970 1449 3096 1503 caeli
3135 1448 3207 1500 ita
3242 1461 3408 1500 cursu
3452 1459 3551 1498 suo
3577 1444 3690 1512 jam

2126 1557 2342 1600 tenente
2380 1546 2495 1599 sole
2518 1583 2533 1605 ,
2569 1552 2628 1596 ut
2666 1553 2907 1602 noctem,
2945 1540 3200 1609 diemque
3223 1536 3420 1605 aequali
3457 1535 3689 1587 invicem

2127 1637 2387 1706 temporis
2433 1635 2720 1690 intervallo
2750 1632 3099 1693 dimetiatur,
3133 1629 3384 1681 humanae
3423 1634 3632 1678 natura:
3662 1639 3692 1677 e

2126 1736 2301 1781 morte
2332 1726 2399 1779 ad
2430 1728 2594 1779 vitam
2626 1723 2821 1777 reditio
2851 1728 3233 1791 argumentum
3267 1718 3428 1771 nobis
3458 1724 3545 1769 est
3572 1730 3691 1766 ina-

2124 1832 2243 1885 gna:
2273 1816 2458 1885 hujus,
2498 1824 2661 1883 atque
2687 1811 3017 1865 universalis
3048 1808 3384 1869 festivitatis,
3408 1819 3573 1875 quam
3598 1816 3693 1871 per

2126 1916 2296 1961 totum
2346 1907 2532 1961 orbem
2589 1918 2699 1957 uno
2753 1903 3056 1971 eodemque
3088 1907 3334 1967 tempore
3369 1896 3691 1958 celebrant,

2124 2003 2395 2067 quotquot
2466 1994 2890 2050 resurrectionis
2970 1991 3289 2061 mysterium
3360 1994 3689 2056 agnoscunt.

2123 2088 2397 2152 Quorsum
2441 2085 2544 2139 hoc
2585 2085 2835 2153 epistola:
2864 2091 3249 2152 argumentum
3282 2078 3395 2148 (ll)?
3423 2076 3689 2142 Quoniam

2126 2193 2243 2230 mos
2281 2184 2367 2231 est
2407 2177 2459 2229 in
2498 2176 2903 2229 universalibus
2948 2171 3264 2240 hujusmodi
3298 2167 3691 2223 festivitatibus

2122 2277 2364 2322 nostram
2396 2282 2522 2336 erga
2560 2266 2699 2319 alios
2726 2265 3063 2317 voluntatem
3096 2262 3274 2315 modis
3302 2258 3562 2314 omnibus
3594 2272 3689 2325 pa-

2123 2358 2227 2410 lam
2268 2357 2479 2417 facere.
2512 2371 2575 2409 ac
2608 2355 2888 2417 nonnulli,
2920 2354 3104 2407 missis
3136 2353 3302 2405 etiam
3337 2348 3689 2407 muneribus,

454 2461 651 2530 ψυχαῖς
705 2459 860 2529 ἡμῶν
916 2458 1151 2511 διάθεσιν
1185 2459 1281 2529 (5),
1325 2459 1417 2510 καί
1461 2475 1561 2509 που
1612 2458 1686 2527 (fi)
1726 2459 1867 2519 τινὲς
1904 2460 2013 2520 τοῖς

2127 2448 2549 2502 benevolentiam
2591 2462 2745 2500 suam
2799 2447 2923 2499 aliis
2976 2453 3252 2499 testantur
3285 2482 3300 2506 ,
3336 2457 3436 2497 nos
3472 2456 3693 2510 quoque

462 2550 610 2612 ἰδίοις
650 2548 841 2617 δώροις
875 2547 1310 2619 δωροφοροῦντες
1351 2546 1685 2618 εὐφροσύνην
1730 2549 2023 2618 ἐπισημαί-

457 2657 626 2703 νουσι,
660 2638 839 2701 καλῶς
869 2637 1009 2707 ἔχειν
1042 2637 1369 2705 ἐνομίσαμεν
1389 2677 1403 2701 ,
1448 2636 1521 2705 μὴ
1559 2636 1931 2705 παραδραμεῖν
1964 2655 2023 2689 σε

456 2729 564 2783 τῶν
594 2728 876 2799 ἡμετέρων
904 2726 1090 2797 δώρων
1124 2726 1425 2794 ἀγέραστον
1446 2765 1461 2789 ,
1511 2726 1647 2777 ἀλλά
1673 2742 1763 2777 σου
1795 2726 1891 2795 τὴν
1921 2727 2023 2794 ea-

458 2821 559 2890 χὴν
580 2821 677 2888 τὴν
713 2817 922 2887 ὑψηλήν
948 2835 1027 2878 τε,
1048 2817 1141 2869 καὶ
1171 2815 1567 2885 μεγαλόφρονα,
1610 2819 1718 2878 τοῖς
1753 2820 2024 2886 πενιχροῖς

460 2912 650 2976 ξενίοις
686 2914 749 2963 ὲκ
788 2911 883 2979 τῆς
918 2907 1187 2977 πτωχείας
1223 2906 1377 2977 ἡμῶν
1418 2905 1791 2971 δεξιώσασθαι.
1842 2907 2023 2960 Ξένιον

458 3004 514 3055 δὲ
537 3001 801 3072 ἡμέτερον
828 3000 887 3051 τὸ
911 2999 996 3051 διὰ
1024 2997 1116 3051 τοῦ
1141 2996 1463 3070 γράμματός
1488 3013 1568 3048 σοι
1599 2997 2021 3066 προσαγόμενον,

460 3091 591 3145 αὐτὸ
621 3091 679 3143 το
722 3090 954 3160 γράμμα
988 3089 1154 3148 ἐστὶν,
1202 3087 1259 3139 ἐν
1291 3078 1334 3153 ᾧ
1360 3086 1514 3153 λόγος
1557 3085 1654 3155 μέν
1682 3102 1765 3147 τις
1810 3102 2026 3156 περιην-

461 3182 711 3250 θισμένος
741 3181 859 3240 ταῖς
898 3177 1255 3244 καλλιφώνοις
1276 3192 1334 3228 τε
1356 3215 1371 3239 ,
1424 3175 1516 3227 κα)⁹
1550 3174 1890 3236 εὐσυνθέτοις
1917 3174 2025 3225 τῶν

459 3270 654 3335 λέξεών
677 3271 821 3321 ἐστιν
852 3268 1043 3329 οὐδεὶς,
1077 3266 1151 3328 ὡς
1182 3266 1268 3318 διὰ
1291 3264 1448 3319 τοῦτο
1482 3264 1653 3334 δῶρον
1686 3264 1782 3333 τὴν
1815 3265 2027 3315 ἐπιστο-

460 3359 554 3431 λὴν
579 3360 691 3420 τοῖς
727 3357 1025 3427 φιλολόγοις
1054 3354 1392 3424 νομίζεσθαι,
1424 3353 1538 3406 ἀλλ’
1569 3356 1596 3405 ὁ
1624 3353 1879 3422 μυστικὸς
1896 3372 2027 3422 χρυ-

462 3451 572 3515 σὸς,
606 3452 636 3504 ό
661 3453 726 3520 τῇ
763 3450 942 3501 πίστει
970 3448 1078 3500 τῶν
1103 3444 1439 3517 Χριστιανῶν
1466 3442 1573 3497 οἶόν
1600 3462 1706 3498 τινι
1737 3444 2027 3513 ἀποδέσμῳ

462 3541 865 3610 ἐνειλημμένος,
905 3539 1112 3606 γένοιτο
1138 3538 1200 3590 ἄν
1248 3554 1327 3588 σοι
1358 3536 1549 3605 δῶρον,
1572 3534 1919 3597 ὲξαπλωθεὶς,
1953 3535 2027 3598 ώς

459 3628 569 3685 οἷόν
594 3650 674 3692 τε.
701 3633 788 3684 διὰ
829 3631 938 3682 τῶν
982 3628 1343 3698 γραμμάτιον,
1387 3629 1479 3680 καὶ
1512 3628 1609 3695 τὴν
1641 3628 2027 3697 κεκρυμμένην

460 3722 773 3793 λαμπηδόνα
819 3722 1153 3791 προσῗεὶξας.
1210 3720 1415 3772 Οὐκοῦν
1457 3719 1862 3787 ἐπαναληπτέον
1898 3720 2028 3788 ἡμῖν

2124 2547 2270 2593 recte
2290 2540 2493 2605 factum
2524 2539 2587 2591 iri
2611 2538 2952 2599 censuimus,
2978 2546 3031 2589 te
3056 2550 3345 2589 munerum
3368 2543 3692 2588 nostrorum

2124 2637 2402 2699 expertem
2433 2644 2557 2682 esse
2595 2643 2701 2681 non
2744 2628 2963 2692 sinere,
2996 2626 3090 2680 sed
3133 2625 3317 2695 potius
3347 2639 3602 2693 magnum
3637 2630 3693 2677 et

2122 2719 2402 2772 excelsum
2434 2718 2677 2771 animum
2710 2726 2861 2769 tuum
2889 2716 3101 2785 exiguis
3126 2716 3466 2785 paupertatis
3489 2722 3697 2767 nostra:

2124 2809 2284 2863 donis
2320 2810 2603 2879 prosequi.
2646 2806 2855 2860 Donum
2884 2816 3089 2869 autem,
3118 2807 3264 2875 quod
3288 2820 3412 2858 cum
3445 2805 3529 2858 his
3550 2804 3695 2857 liltc-

2124 2904 2201 2955 ris
2237 2902 2431 2969 ollero,
2483 2904 2731 2972 ipsemet
2772 2903 2964 2955 littera:
3003 2910 3153 2963 sunt,
3211 2900 3265 2952 in
3311 2899 3512 2968 quibus
3559 2912 3699 2950 sane

2124 2992 2276 3044 nulla
2330 3000 2414 3044 est
2472 2993 2648 3045 oratio
2699 2991 2988 3043 verborum
3041 2990 3293 3051 delectu,
3348 2987 3696 3056 elegantique

2125 3079 2530 3148 compositione
2556 3080 2856 3140 nitescens,
2885 3087 2943 3130 ut
2965 3086 3249 3147 propterea
3275 3077 3416 3145 apud
3442 3077 3697 3143 eloquen-

2126 3170 2217 3223 tia:
2251 3172 2533 3224 studiosos
2560 3170 2811 3224 muneris
2842 3170 2964 3221 loco
2997 3169 3228 3238 epistola
3251 3168 3439 3221 haberi
3474 3167 3649 3235 possit
3677 3182 3700 3228 ;

2128 3261 2222 3317 sed
2269 3263 2561 3333 mysticum
2605 3277 2839 3327 aurum,
2877 3260 3022 3329 quod
3071 3261 3511 3315 Christianorum
3566 3258 3698 3320 lide,

2126 3357 2275 3407 Velut
2326 3356 2498 3407 linteo
2546 3354 2811 3423 quodam,
2864 3355 3193 3417 involutum,
3228 3350 3476 3406 muneris
3522 3350 3697 3402 vicem

2128 3447 2343 3507 subeat,
2366 3447 2494 3500 dum
2518 3445 2669 3500 hisce
2685 3446 2903 3507 litteris,
2922 3453 3186 3514 quantum
3209 3444 3319 3498 ﬁeri
3341 3442 3558 3512 poterit,
3579 3440 3698 3495 suis

2130 3537 2514 3606 integumentis
2543 3538 2846 3599 evolutum,
2884 3537 3031 3590 edito
3078 3534 3287 3603 fulgore
3322 3530 3695 3601 splendesci-t.

2130 3627 2319 3696 Itaque
2348 3627 2737 3681 resumendum
2782 3628 2941 3680 nobis
2976 3626 3217 3695 epistola
3240 3623 3563 3693 prooemium
3591 3630 3693 3673 est.

2131 3717 2272 3783 Quid
2303 3726 2408 3782 est,
2433 3718 2578 3786 quod
2614 3719 2760 3771 nocti
2785 3719 2851 3771 ad
2884 3717 3249 3786 longitudinis
3284 3728 3559 3769 summum
3582 3712 3693 3779 jam

459 3777 873 3884 ιιςὸιπρόοίμιον.⁸
903 3814 967 3865 Τί
1011 3777 1209 3882 δηπ-οτε
1237 3811 1601 3881 προελθούσης
1649 3777 1745 3879 μέν
1788 3777 2024 3879 πρὸς-τὸ

2136 3817 2425 3876 provectae,
2456 3808 2603 3860 nulla
2638 3824 2763 3861 cum
2788 3808 2903 3860 licri
2929 3815 3106 3876 potest
3138 3806 3404 3880 accessio,
3440 3814 3570 3857 tunc
3599 3820 3697 3855 no-

460 3902 758 3973 ἀκρότατον
789 3904 862 3972 (7)
891 3903 987 3971 τῆς
1016 3902 1234 3963 νυκτὸς,
1281 3902 1367 3952 ὅτε
1402 3900 1583 3952 οὐκέτι
1613 3897 1897 3967 προσθήκη
1938 3915 2029 3948 νυ·

461 3992 684 4063 κτερινὴ
739 3992 1035 4061 ἐπαύξησιν
1082 3993 1333 4061 δέχεται,
1396 3992 1515 4043 τότε
1552 3992 1683 4059 ἡμῖν
1715 3990 1802 4041 διὰ
1832 3989 2027 4061 σαρκὸς

534 4235 608 4303 (l)
639 4233 960 4306 Ἐπιστολῇ
995 4234 1048 4306 δ.
1091 4233 1202 4288 llas
1235 4235 1479 4306 Gregorii
1502 4235 1735 4306 Nysseni
1768 4234 2026 4306 epistolas

463 4320 604 4373 quas
636 4320 666 4358 e
694 4303 1184 4373 codiceVaticano
1227 4303 1397 4358 edidit
1439 4303 1764 4373 Zacagnins,
1796 4304 2031 4357 contulit

466 4370 587 4426 eum
639 4388 742 4428 ms.
790 4372 1036 4426 Mediceo
1078 4370 1319 4427 Joannes
1361 4370 1602 4442 Baptista
1648 4374 2027 4434 Caracciolus,

465 4444 755 4511 variasque
796 4443 1057 4495 lectiones
1090 4458 1213 4495 cum
1248 4444 1525 4497 nonnullis
1551 4443 2030 4497 observationibus

463 4513 687 4579 adjecit,
713 4521 917 4578 septem
941 4512 1065 4565 aliis
1090 4512 1334 4575 ejusdem
1360 4512 1534 4566 sancti
1570 4512 1751 4566 Patris
1778 4512 2029 4579 epistolis

462 4598 527 4633 ex
585 4583 705 4649 ipso
756 4581 999 4634 Mediceo
1044 4581 1241 4651 codice
1281 4582 1576 4651 descriptis
1616 4597 1680 4635 ac
1732 4580 2029 4651 Florentia‘

464 4666 611 4703 anno
636 4651 790 4712 1751,
815 4650 1108 4718 evulgatis,
1134 4666 1263 4719 mox
1304 4650 1685 4719 subjiciendis.
1717 4650 1866 4716 Quas
1903 4665 2030 4718 pro-

466 4729 652 4787 pterea
684 4721 951 4772 let-tiones
984 4735 1108 4771 cum
1132 4718 1196 4772 V.
1230 4720 1293 4774 C.
1323 4718 1902 4775 ani’madvcrsionihus
1942 4719 2030 4772 hic

464 4790 844 4842 sullnotandas
879 4789 1216 4842 curavimus.
1257 4788 1583 4853 Quindecim
1634 4790 1897 4856 epistolas
1939 4803 2025 4841 se-

463 4866 696 4924 quentes
729 4858 900 4926 edidit
938 4866 992 4909 et
1034 4858 1424 4926 interpretatus
1460 4868 1547 4913 est
1576 4858 1737 4913 Laur.
1767 4857 2025 4926 Zacagni.

464 4928 743 4994 (Biblioth.
770 4925 1024 4987 Galland,
1050 4924 1297 4997 Vl,604.
1318 4926 1448 4981 Vide
1474 4929 1847 4997 prtel'ationem
1885 4924 1935 4979 ιζ
1961 4925 2028 4992 ll,

463 4997 693 5064 hujusce
726 4996 1328 5065 editionisqprazlixam).

534 5063 611 5130 (ε)
651 5068 805 5132 Πρὸς
844 5063 1061 5117 Εὺσέϐ.
1103 5065 1199 5134 Ms.
1234 5063 1374 5121 Méd.
1402 5066 1644 5134 Εὐσεϐίῳ

532 5139 609 5205 (5)
646 5136 806 5205 Κατὰ
828 5134 1068 5205 ταύτόν,
1101 5133 1173 5205 Id.
1206 5135 1330 5189 cod.
1368 5138 1486 5186 κατ’
1510 5133 1692 5188 αὐτόν.

2135 3899 2219 3952 bis
2260 3899 2312 3951 in
2352 3914 2517 3952 carne
2538 3908 2794 3967 apparet,
2830 3900 2923 3968 qui
2951 3908 3151 3951 cuncta
3184 3896 3564 3966 complectitur
3588 3934 3602 3957 ,
3640 3902 3697 3945 et

2135 3990 2353 4059 propria
2394 3998 2659 4058 potestate
2700 3991 2865 4043 rebus
2903 3989 3178 4043 universis
3208 3988 3525 4041 dominatur
3550 4023 3565 4046 ,
3600 3984 3696 4054 qui

2133 4232 2433 4289 festivitate
2455 4246 2762 4302 acceperat,
2785 4235 3039 4305 Origenis
3067 4235 3419 4291 l’hilocaliam
3443 4253 3547 4291 una
3568 4254 3694 4292 cum

2131 4308 2493 4373 responsione
2534 4308 2597 4358 ad
2632 4306 2750 4373 ejus
2781 4307 2998 4359 litteras
3022 4322 3122 4375 pro
3152 4322 3383 4360 munere
3414 4309 3602 4366 mittit,
3636 4315 3694 4361 nt

2128 4383 2279 4445 patet
2317 4391 2379 4428 ex
2413 4376 2533 4443 ejus
2557 4376 2787 4445 epistola
2823 4375 2909 4427 87.
2940 4376 3032 4429 Sic
3058 4377 3198 4429 idem
3228 4376 3509 4445 Nyssenus
3537 4377 3698 4429 Petro

2128 4442 2285 4497 fratri
2317 4444 2370 4496 in
2405 4442 2695 4498 Paschalis
2731 4444 2870 4498 festo
2893 4446 3090 4498 librum
3123 4445 3190 4498 de
3228 4442 3556 4499 formatione
3593 4447 3696 4498 ho-

2128 4512 2303 4584 minis
2324 4514 2471 4584 dono
2501 4513 2685 4584 dedit,
2723 4522 2780 4565 ut
2822 4515 2874 4566 in
2910 4515 3144 4584 epistola
3173 4515 3352 4584 eidem
3378 4516 3516 4567 libro
3553 4531 3693 4584 pra:-

2129 4581 2234 4633 ﬁxa
2274 4582 2498 4637 dicitur.
2544 4582 2768 4635 Factum
2803 4592 2857 4636 et
2890 4581 2991 4636 hoc
3028 4583 3201 4636 fuisse
3228 4584 3282 4636 in
3311 4581 3518 4637 Natalis
3547 4581 3696 4638 lesti-
3736 4602 3739 4603 ν

2127 4651 2495 4723 vitalehtestis
2544 4650 2737 4723 est_S.
2786 4651 3026 4723 Basilius
3061 4653 3112 4705 in
3145 4655 3305 4720 epist.
3335 4654 3461 4717 404,
3503 4656 3555 4707 in
3588 4671 3694 4723 qua

2128 4720 2570 4789 Amphilochium
2623 4721 2770 4774 illius
2830 4721 2957 4775 festi
3021 4725 3316 4777 occasione
3369 4720 3694 4777 munuscula

2129 4792 2378 4861 quantam
2414 4792 2516 4861 sibi
2544 4790 2771 4861 Amisisse
2792 4800 3054 4861 testatur.

2203 4860 2280 4928 t5)
2325 4860 2507 4924 Τινές.
2540 4858 2637 4912 Ms.
2666 4859 2859 4911 Medic.
2894 4863 3077 4927 τομαῖς
3098 4900 3113 4923 ,
3145 4860 3602 4927 quemadmodum
3643 4870 3696 4914 et

2130 4927 2257 4981 Vat.
2304 4928 2551 4996 adeoque
2598 4943 2705 4981 non
2752 4930 3067 4981 necessaria
3125 4930 3344 4981 videtur
3399 4932 3691 4983 correctio.

2134 4997 2337 5051 Sensus
2370 4998 2513 5050 enim
2541 4999 2641 5048 hoc
2667 4996 2828 5049 modo
2853 5007 2999 5050 recte
3027 5013 3149 5051 esse
3177 5007 3353 5065 potest
3385 5016 3401 5052 :
3433 4998 3499 5050 Et
3532 4999 3701 5051 Itono-

2136 5068 2279 5119 ribus
2308 5068 2461 5135 quasi
2489 5067 2714 5131 propriis
2738 5066 2889 5118 donis
2917 5077 3247 5119 munerantes
3270 5069 3499 5135 (pupilli,
3524 5069 3694 5129 cives,

2138 5135 2881 5205 homines)Abenevolentiant
2932 5151 3084 5205 suum
3135 5136 3457 5204 signiﬁcant.
3512 5136 3699 5205 Neque

531 5203 607 5292 (4)
648 5204 819 5292 Cujus
854 5203 1113 5292 ιιιοτίξτὶιι
1149 5204 1249 5283 hac
1288 5206 1519 5271 epistola
1559 5203 1777 5292 mentito
1807 5204 1890 5292 ﬁt:
1924 5220 2024 5292 Iex—
2060 5236 2107 5292 ι)
2136 5219 2312 5284 povus
2343 5212 2434 5292 est.
2456 5203 2709 5292 loquendi
2750 5203 3367 5292 moduslNyssenianus,
3396 5203 3695 5286 praesertim

463 5270 613 5327 stant
652 5284 705 5325 et
731 5270 837 5325 alia
867 5272 968 5324 hoc
995 5270 1228 5341 Nysseni
1265 5270 1382 5326 aevo
1421 5274 1688 5335 exempla.
1723 5273 1813 5327 Sic
1842 5272 2025 5327 Hella-

458 5342 613 5393 dium
658 5342 1303 5412 querndam_episcopum
1348 5358 1549 5395 munus
1598 5357 1706 5395 una
1747 5360 1870 5397 cum
1912 5344 2031 5412 epi-

463 5411 645 5482 stola,
697 5411 750 5463 in
808 5426 913 5482 qua
946 5409 1244 5482 Paschalis
1297 5412 1615 5482 mysterium
1673 5409 1984 5482 explicabat
2016 5452 2031 5475 ,

461 5478 805 5531 Nazianzeno
832 5478 1053 5550 misisse
1078 5481 1248 5549 liquet
1276 5478 1491 5548 ex'ejns
1521 5478 1758 5549 epistola
1782 5482 1849 5534 54
1869 5522 1883 5543 ,
1911 5497 2030 5550 quae

463 5550 783 5616 responsiva
816 5557 899 5601 est
922 5550 987 5600 ad
1014 5549 1339 5604 llelladium.
1370 5550 1460 5603 Sic
1484 5551 1626 5603 idem
1647 5549 2029 5605 Nazianzenus

462 5616 752 5671 Theodoro
783 5619 1077 5682 Tyanensi,
1113 5636 1140 5671 a
1177 5637 1285 5688 quo
1316 5622 1610 5689 epistolam
1640 5622 1705 5675 dc
1738 5621 2027 5674 Paschalis

2134 5273 2189 5325 in
2220 5274 2468 5341 epistolis
2492 5287 2613 5339 quae
2635 5273 2937 5327 familiares
2962 5273 3267 5328 loeutioncs
3299 5273 3582 5328 continere
3607 5292 3700 5329 so-

2134 5343 2268 5405 lent,
2303 5350 2469 5409 atque
2498 5342 2703 5396 idcirco
2732 5343 3002 5410 quosdam
3035 5345 3306 5399 orationis
3328 5344 3577 5400 defectus
3607 5346 3694 5396 ina

2135 5411 2348 5483 terdum
2378 5410 2879 5483 deferre._CAuAcc.
2918 5429 3037 5483 pag.
3062 5414 3148 5467 94.

2205 5481 2402 5553 (ωηο
2447 5480 2851 5553 emendandum
2900 5480 3087 5537 ccn'sni
3145 5481 3263 5535 Vat.
3315 5482 3436 5537 cod.
3492 5484 3546 5535 in
3589 5496 3700 5553 quo

2132 5550 2418 5620 scribitur.
2451 5551 2554 5602 καί
2576 5567 2673 5602 που
2702 5554 2887 5615 τιμαῖς
2911 5556 3021 5614 τοῖς
3058 5553 3204 5615 ἰδίοις
3236 5553 3448 5620 δώροις.

2208 5619 2282 5687 (7)
2313 5619 2464 5686 Πρὸς
2499 5620 2562 5673 τό
2592 5621 2721 5687 ὰκρ.
2756 5619 2854 5674 Ms.
2895 5621 3028 5677 Med.
3077 5624 3153 5683 εἰς
3182 5623 3237 5673 τὸ
3263 5619 3387 5688 άκρ.
