4092 6368
413 296 546 355 1027

1678 290 1735 347 S.
1771 291 2094 348 GREGORII
2122 291 2420 349 NYSSENI

3514 280 3680 358 "toea

407 425 438 463 a
484 406 635 464 nulla
684 421 778 474 re,
821 422 946 478 quae
1001 407 1107 463 sub
1158 403 1581 476 intelligentiam
1635 405 1837 469 cadat,
1871 422 1971 475 cap

2097 408 2441 475 επιφαίνεται
2465 410 2494 459 ὁ
2520 406 2614 459 τοῦ
2639 407 2843 471 παντὸς
2865 406 3381 481 wishing,
3412 409 3507 463 καὶ
3531 427 3682 482 περι-

411 507 614 571 potest,
647 499 746 555 sed
784 509 988 553 cuncta
1012 500 1281 563 continet,
1314 507 1370 553 et
1403 497 1858 568 angustissimum
1877 499 1991 567 jam

407 591 660 661 corporis
703 590 931 645 humani
980 590 1326 645 domicilium
1380 588 1698 657 inhabitat;
1753 605 1990 655 summa,

408 685 664 747 scilicet,
691 690 970 753 potestate
1003 683 1081 735 ita
1114 681 1238 750 ejus
1272 681 1476 736 bonam
1507 682 1851 735 voluntatem
1896 682 1992 736 ob-

408 777 782 838 secundante,
837 788 1089 843 eamque,
1144 786 1480 843 quocunque
1536 773 1789 841 inclinet,
1835 788 1992 842 aequo

408 881 598 935 passu,
653 866 865 920 umbrae
897 866 1097 931 instar,
1131 863 1460 928 comitante,
1497 872 1557 917 ut
1590 879 1695 919 nec
1732 865 1787 917 in
1825 864 1991 919 rebus

335 1019 352 1029 _
409 955 663 1011 creandis
686 955 972 1009 voluntate
1000 954 1273 1010 inﬁrmior
1302 954 1648 1024 deprehensa
1683 955 1778 1019 sit,
1814 969 1991 1025 neque

408 1059 608 1098 rursus
641 1044 733 1099 ubi
763 1046 832 1098 ad
863 1053 1069 1099 nostrae
1102 1059 1228 1100 sese
1258 1053 1473 1098 natura:
1501 1045 1866 1099 humilitatem
1893 1061 1990 1114 pro

408 1136 687 1191 communi
728 1135 1012 1189 hominum
1045 1136 1226 1191 salute
1264 1136 1558 1191 demittere
1602 1135 1807 1200 voluit,
1839 1146 1991 1190 tanto

407 1226 623 1279 muneri
671 1224 991 1294 priestando
1040 1226 1218 1295 impar
1267 1226 1467 1293 fuerit;
1514 1227 1609 1283 sed
1650 1235 1706 1284 et
1732 1238 1986 1297 suscepta

408 1314 731 1370 inﬁrmitate
758 1323 949 1370 nostra
970 1355 984 1380 ,
1025 1315 1270 1370 universi
1323 1323 1504 1372 tamen
1536 1316 1987 1388 gubernationem

410 1421 692 1475 nunquam
711 1405 1021 1461 dimiserit?
1040 1406 1316 1473 Quoniam
1338 1408 1508 1477 igitur
1529 1408 1736 1477 aliquid
1762 1424 1989 1477 prorsus

405 1514 591 1554 causa-
634 1506 754 1565 est,
789 1514 892 1553 cur
930 1507 1228 1569 utrumque
1260 1498 1463 1554 festum
1507 1502 1848 1570 temporibus
1880 1500 1989 1556 illis

405 1591 752 1659 celebretur;
783 1605 958 1661 quare
983 1606 1048 1646 ea
1076 1592 1208 1646 anni
1247 1600 1571 1662 tempestate
1596 1632 1612 1656 ,
1640 1609 1748 1662 qua
1784 1593 1988 1663 longis-

406 1683 562 1737 simae
607 1690 817 1749 noctes
838 1691 970 1739 sunt
998 1722 1014 1746 ,
1056 1697 1226 1738 carne
1254 1694 1515 1754 apparet,
1550 1701 1675 1740 cum
1704 1700 1834 1740 vero
1866 1687 1987 1742 dies

404 1773 663 1830 noctibus
689 1782 1001 1845 aequantur,
1040 1774 1318 1831 hominem
1350 1784 1576 1849 propter
1607 1787 1895 1847 peccatum
1928 1778 1982 1833 in

406 1876 610 1921 terram
640 1880 945 1932 reversum,
977 1866 1047 1921 ad
1084 1867 1255 1921 vitam
1287 1883 1484 1925 rursus
1512 1870 1772 1925 revocat?
1802 1869 1980 1940 Hujus

404 1959 486 2013 rei
515 1973 739 2014 causam
768 1956 898 2012 dum
923 1971 1024 2028 pro
1052 1957 1202 2013 virili
1223 1958 1466 2015 breviter
1486 1974 1724 2031 expono,
1746 1961 1983 2031 epistola

404 2051 522 2105 haec
555 2060 617 2105 ut
642 2051 891 2105 muneris
919 2050 1039 2104 loco
1062 2050 1166 2114 sit,
1195 2048 1451 2105 eﬁiciam.
1480 2049 1620 2105 Num
1646 2066 1877 2122 prorsus
1892 2066 1982 2108 sa-

404 2143 645 2211 gacitate
673 2151 767 2196 tua
788 2141 904 2212 jam
936 2140 1257 2197 intellexisti
1286 2142 1632 2213 mysterium,
1656 2142 1805 2212 quod
1836 2143 1894 2197 in
1915 2158 1981 2198 ea

403 2239 715 2301 temporum
780 2231 1099 2285 diversitate
1162 2229 1334 2283 latere
1383 2228 1709 2300 opinamur,
1760 2236 1977 2284 noctem

402 2319 761 2389 nempelucis
781 2320 1122 2374 incremento
1143 2318 1427 2384 contrahi,
1457 2325 1512 2373 et
1539 2318 1818 2379 tenebras,
1851 2334 1980 2372 sen-

400 2409 509 2464 sim
542 2416 822 2463 crescente
852 2408 1032 2476 spatio
1070 2405 1270 2460 diurno
1294 2446 1308 2470 ,
1352 2407 1632 2461 breviores
1660 2406 1816 2461 ﬁeri?
1844 2405 1977 2460 Nam

401 2489 566 2555 nemo
606 2498 841 2552 fortasse
861 2499 1079 2567 ignorat
1101 2512 1213 2551 non
1246 2496 1516 2551 modicam
1548 2498 1809 2552 tenebras
1834 2498 1978 2552 inter

400 2598 459 2646 et
483 2600 770 2660 peccatum
808 2588 1232 2644 similitudinem
1262 2602 1385 2643 esse
1409 2596 1580 2657 atque
1614 2586 1973 2655 alliuitatem;

397 2692 455 2736 et
483 2695 616 2736 sane
641 2681 850 2735 malitia
873 2695 940 2736 eo
966 2680 1192 2734 nomine
1222 2679 1279 2733 in
1317 2677 1605 2749 Scriptura
1643 2681 1973 2748 appellatur.

396 2769 641 2841 Tempus
665 2773 850 2842 itaque
880 2771 1082 2841 ipsum,
1109 2770 1164 2823 in
1195 2784 1306 2839 quo
1343 2769 1741 2839 redemptionis
1773 2777 1978 2840 myste-

399 2860 542 2913 rium
588 2859 815 2927 incipit,
852 2858 1311 2929 dispensationis,
1341 2874 1505 2928 qualn
1535 2872 1634 2927 pro
1661 2869 1974 2914 nostrarum

399 2948 710 3002 animarum
742 2949 925 3005 salute
954 2947 1101 3002 Deus
1135 2948 1401 3011 instituit,
1440 2946 1690 3016 quaedam
1728 2948 1975 3017 explica-

2095 496 2313 567 κρατῶν
2342 497 2401 549 ἐν
2433 499 2498 567 τῇ
2530 495 2637 567 ἰδία
2665 495 2888 564 δυνάμει
2917 496 2977 548 τὸ
3005 491 3136 559 πᾶν,
3172 498 3206 550 6
3242 496 3383 565 μήτε
3417 494 3679 550 {miniu-

2092 605 2201 641 των
2229 587 2338 640 τῶν
2365 586 2572 656 νοητῶν
2605 587 2970 658 χωρούμενος,
3002 585 3141 639 ἀλλά
3165 587 3227 639 τὸ
3246 588 3357 641 πᾶν
3384 586 3681 655 περιέχων,
3720 626 3731 639 .

2092 680 2190 733 καὶ
2220 678 2297 750 τῷ
2322 678 2647 750 βραχυτάτῳ
2668 678 3113 748 εἰσοικιςόμενος,
3129 676 3272 730 οὕτω
3296 677 3396 747 τῆς
3431 677 3680 748 μεγάλης

2090 772 2370 842 δυνάμεως
2390 771 2468 840 τῷ
2482 770 2672 840 ἀγαθῷ
2695 771 2959 843 θελήματι
2981 768 3399 840 συνδιεξιούσης.
3415 771 3511 823 καὶ
3536 770 3675 823 κατά

2090 859 2230 925 ἶσον,
2262 864 2510 935 ὅπουπερ
2544 863 2610 917 ἂν
2638 863 2776 935 ῥέψῃ
2816 862 2876 915 τὸ
2904 861 3117 932 θέλημα
3136 901 3150 927 ,
3187 862 3317 931 σκιᾷ
3342 861 3542 931 ἑαυτὴν
3567 861 3676 914 δει-

2091 954 2358 1024 κνυούσης
2376 993 2391 1015 ,
2419 954 2495 1016 ὡς
2530 954 2669 1024 μήτε
2698 956 2755 1008 ὲν
2782 956 2848 1024 τῇ
2876 953 3050 1006 κτίσει
3079 952 3188 1006 τῶν
3215 952 3385 1006 ὄντων
3409 953 3670 1006 ἀτονωτέ-

2092 1063 2194 1116 ραν
2232 1048 2332 1117 τῆς
2367 1045 2672 1116 βουλήσεως
2705 1045 2993 1116 εὑρεθῆναι
3043 1044 3141 1115 τὴν
3181 1044 3432 1113 δύναμιν,
3483 1044 3558 1113 μή
3611 1059 3669 1096 τε

2089 1136 2406 1206 ὁρμήσαντα
2450 1134 2529 1204 τῷ
2557 1134 2799 1206 ταπεινῷ
2827 1135 2926 1206 τῆς
2966 1134 3182 1203 φύσεως
3212 1135 3369 1205 ήμῶν
3402 1136 3490 1187 ἐπ’
3514 1134 3670 1205 εὐερ-

2089 1227 2250 1297 γεσίᾳ
2279 1226 2387 1279 τῶν
2426 1225 2730 1297 ἀνθρώπων
2780 1227 3218 1298 συγκαταϐῆναι,
3264 1226 3401 1298 πρὸς
3444 1227 3506 1279 τὸ
3535 1225 3667 1280 αὐτὸ

2088 1315 2247 1371 τοῦτο
2270 1318 2618 1387 ἀδυνατῆσαι,
2659 1317 2796 1371 ἀλλά
2823 1319 2917 1371 καὶΙ
2961 1320 3018 1372 έν
3054 1318 3229 1388 τούτῳ
3254 1317 3525 1386 γενέσθαι,
3573 1319 3667 1370 καὶ

2092 1408 2166 1481 μή
2199 1410 2469 1478 διαφεῖναι
2490 1410 2551 1462 τὸ
2579 1410 2688 1462 πᾶν
2708 1409 3111 1480 ἀκυϐέρνητονς
3147 1411 3298 1462 Ἐπεὶ
3327 1405 3421 1462 οὖν
3448 1409 3664 1472 πάντως

2086 1517 2171 1563 τις
2207 1499 2362 1567 λόγος
2390 1501 2476 1551 ἐπ’
2502 1499 2827 1569 ἀμφοτέρων
2855 1500 2973 1552 ἐστὶ
2995 1499 3102 1553 τῶν
3131 1499 3362 1571 καιρῶν,
3399 1498 3516 1562 πῶς
3542 1499 3664 1551 τότε

2090 1591 2189 1661 μὲν
2212 1590 2302 1644 διὰ
2332 1590 2533 1662 σαρκὸς
2557 1590 2902 1659 ἐπιφαίνεται
2920 1633 2934 1657 ,
2984 1593 3050 1662 τῇ
3083 1591 3138 1644 δὲ
3174 1589 3433 1661 ίσημερίᾳ
3459 1591 3551 1643 τὸν
3581 1590 3662 1652 είς

2087 1688 2191 1758 γῆν
2239 1687 2573 1741 ἀναλυθέντα
2638 1686 2727 1740 διὰ
2773 1687 2872 1757 τῆς
2919 1685 3192 1756 ἁμαρτίας
3239 1684 3546 1754 ἄνθρωπον,
3590 1686 3657 1755 τῇ

2013 1768 2057 1821 Β
2083 1779 2196 1849 ζωῇ
2226 1777 2385 1830 πάλιν
2407 1775 2807 1846 ἀποκαθίστησι
2836 1793 2853 1841 ;
2878 1774 3068 1829 Ταῦτα
3089 1774 3177 1828 διά
3206 1774 3472 1846 βραχέων,
3496 1775 3570 1836 ὠς
3593 1774 3660 1827 ἂν

2079 1861 2192 1930 οἷός
2220 1883 2279 1919 τε
2305 1859 2371 1930 ὦ,
2403 1866 2760 1937 παραστήσας
2800 1863 2878 1935 τῷ
2910 1863 3075 1934 λόγῳ,
3124 1863 3294 1931 δῶρον
3340 1863 3398 1915 τὸ
3427 1854 3658 1934 γράμμα

2081 1955 2399 2024 ποιήσομαι.
2436 1953 2505 2007 “ll
2541 1954 2768 2017 πάντως·
2800 1952 3101 2024 προέλαϐες
3145 1952 3252 2006 ἀπὸ
3288 1951 3566 2021 ἀγχινοίας
3597 1952 3658 2005 τὸ

2080 2046 2517 2116 ὑποπτευόμενον
2548 2047 2604 2098 ὲν
2633 2046 2841 2108 τούτοις
2873 2045 3188 2115 μυστήριον,
3223 2044 3304 2097 ὃτι
3334 2043 3656 2111 ὲγκόπτεται

2079 2137 2180 2208 τῆς
2206 2138 2397 2200 νυκτὸς
2425 2139 2459 2207 ή
2489 2137 2716 2209 πρόοδος
2743 2140 2810 2209 τῇ
2835 2135 2931 2190 τοῦ
2966 2135 3144 2206 φωτὸς
3197 2135 3481 2206 προσθήκῃ
3498 2173 3513 2197 ,
3562 2133 3658 2187 καὶ

2082 2227 2461 2281 συστέλλεσθαι
2506 2228 2568 2282 τὸ
2616 2229 2807 2293 σκότος
2864 2230 3091 2300 ἄρχεται
3113 2268 3129 2292 ,
3190 2227 3489 2298 αὐξομένου
3537 2227 3656 2289 ταῖς

2080 2319 2417 2391 προσθήκαις
2465 2319 2560 2373 τοῦ
2607 2321 2868 2391 ήμερινοῦ
2910 2320 3310 2391 διαστήματος;
3350 2319 3505 2373 τοῦτο
3545 2321 3654 2391 γὰρ

2080 2411 2209 2472 Esto;
2244 2410 2340 2463 καὶ
2384 2413 2499 2475 τοῖς
2544 2411 2758 2475 πολλοῖς
2791 2411 2866 2481 (8)
2916 2410 2983 2465 ἂν
3020 2411 3233 2479 γένοιτο
3274 2409 3537 2482 φανερὸν,
3571 2410 3653 2462 ὅτι

2079 2500 2354 2568 συγγενῶς
2374 2500 2484 2571 ἔχει
2513 2503 2651 2573 πρὸς
2680 2502 2779 2572 τὴν
2797 2501 3075 2571 ἁμαρτίαν
3101 2501 3161 2553 τὸ
3186 2501 3373 2563 σκότος
3397 2500 3493 2553 καὶ
3511 2500 3656 2555 οὕτω

2075 2589 2136 2641 τὸ
2162 2589 2329 2643 κακὸν
2357 2590 2509 2660 παρά
2538 2591 2636 2661 τῆς
2674 2589 2900 2660 Γραφῆς
2925 2585 3276 2659 ὀνομάζεται.
3321 2587 3531 2640 Οὐκοῦν
3562 2589 3655 2658 έρ-

2079 2677 2275 2748 μηνεία
2306 2678 2391 2742 τίς
2419 2682 2534 2732 ἐστι
2582 2680 2682 2748 τῆς
2723 2680 2863 2751 ὑπὲρ
2900 2678 3009 2731 τῶν
3041 2678 3226 2749 ψυχῶν
3265 2677 3420 2748 ήμῶν
3447 2678 3655 2730 οἰκονο-

2079 2766 2206 2836 μίας
2248 2769 2277 2819 ό
2313 2769 2534 2839 καιρὸς,
2585 2771 2643 2822 ὲν
2685 2762 2731 2835 ᾧ
2759 2768 2822 2821 τὸ
2868 2770 3162 2838 μυστήριον
3199 2768 3359 2839 ἡμῶν
3402 2767 3651 2837 ἄρχεται.

2081 2857 2226 2910 Ἔδει
2247 2857 2355 2929 γὰρ
2373 2858 2507 2930 πρὸς
2526 2857 2751 2930 ἄπειρον
2771 2859 2871 2929 ’ήδη
2889 2858 2988 2927 τῆς
3007 2859 3204 2922 κακίας
3220 2856 3650 2929 ἐκχυθείσηςω),

2074 2948 2172 3016 τὴν
2191 2948 2279 3001 διά
2298 2948 2403 3001 τῶν
2425 2949 2633 3019 ἀρετῶν
2656 2952 2785 3020 ἡμῖν
2807 2949 3230 3021 λαμϐανομένην
3258 2951 3471 3020 ἡμέραν
3498 2949 3650 3020 παρά

398 3039 478 3092 tio
505 3051 609 3094 est.
638 3038 899 3110 Oportuit
923 3040 1100 3103 enim,
1136 3046 1197 3092 ut
1222 3039 1427 3093 malitia
1465 3039 1578 3108 jam
1612 3040 1667 3092 in
1700 3038 1971 3093 inﬁnitum

2075 3039 2167 3092 τοῦ
2195 3040 2255 3092 τὸ
2273 3040 2514 3094 τοιοῦτον
2532 3040 2648 3111 φῶς
2675 3043 2795 3104 ταῖς
2809 3041 3006 3112 ψυχαῖς
3027 3043 3060 3109 ἡ
3071 3041 3185 3111 μῶν
3205 3040 3500 3103 ἐντιθέντος
3514 3041 3648 3110 (10),

398 3140 724 3202 propagata,
761 3133 831 3186 ab
857 3147 923 3187 eo
952 3146 1053 3186 nos
1082 3132 1345 3186 virtutum
1378 3131 1524 3185 diem
1556 3132 1970 3200 acciperemus,

2075 3127 2216 3181 ῶστε
2244 3128 2335 3182 τὸν
2383 3130 2479 3199 μὲν
2510 3103 2786 3197 φωτεινδνγ
2805 3103 2921 3200 [ἐίοῖ
2950 3103 3029 3193 είς
3048 3103 3138 3183 ’δτι
3173 3132 3438 3202 μήκιστον
3473 3103 3649 3202 πᾷράὲ

395 3219 491 3288 qui
527 3221 690 3273 talem
731 3220 931 3273 animis
959 3220 1165 3274 nostris
1198 3219 1376 3273 lucem
1418 3217 1683 3284 aﬂundit,
1714 3227 1774 3273 ut
1806 3219 1972 3274 lumi-

396 3324 536 3365 nosa
568 3312 698 3372 vita.
731 3311 890 3365 novis
924 3311 1218 3381 probitatis
1246 3310 1662 3367 accessionibus
1702 3312 1968 3379 adaucta,

393 3415 561 3469 quam
594 3401 834 3457 maxime
861 3401 1262 3471 ampliﬁcetur;
1288 3402 1431 3454 mala
1460 3416 1592 3456 vero
1620 3402 1751 3468 vita,
1781 3404 1972 3472 paula-

394 3493 497 3546 t‘im
548 3492 694 3547 facta
747 3492 1117 3547 diminutione
1157 3493 1520 3560 decrescens,
1570 3494 1626 3547 in
1677 3495 1969 3548 minimum

392 3583 788 3646 contrahatur;
822 3597 947 3635 nam
980 3583 1244 3637 bonitatis
1279 3583 1713 3645 incrementum,
1746 3583 1970 3637 malitiae

392 3686 624 3742 prorsus
664 3670 974 3726 imminutio
1005 3681 1110 3726 est.
1145 3674 1213 3725 At
1248 3687 1388 3740 vero.
1418 3659 1842 3728 resurrectionis
1891 3673 1969 3727 fe-

390 3771 580 3825 stum,
613 3778 680 3817 eo
723 3762 1024 3817 adveniens
1070 3771 1351 3832 tempore,
1396 3778 1505 3833 quo
1540 3773 1729 3819 noctes
1773 3764 1967 3820 diebus

388 3863 697 3922 aequantur,
725 3854 828 3908 hoc
853 3853 1011 3908 nobis
1030 3852 1446 3924 intelligendum
1480 3856 1678 3921 innuit,
1708 3856 1967 3911 virtutem

387 3943 604 3998 scilicet
635 3956 742 3995 non
767 3941 1006 4010 amplius
1037 3942 1305 3997 adversus
1335 3943 1627 4009 malitiam,
1659 3946 1966 4013 aequalibus

388 4048 454 4087 ac
480 4033 597 4103 ipsa
624 4032 836 4087 viribus
866 4031 1191 4101 pollentem,
1223 4032 1451 4103 ancipiti
1484 4042 1659 4091 marte
1688 4045 1963 4105 pugnatu-

386 4141 543 4189 ram;
576 4124 671 4180 sed
696 4124 1025 4178 idololatriae
1046 4126 1290 4181 tenebris
1310 4125 1443 4189 dici,
1469 4125 1573 4180 hoc
1600 4134 1705 4190 est,
1733 4125 1858 4181 ﬁdei
1888 4129 1966 4182 in-

384 4222 669 4268 cremento
699 4212 987 4281 disjectis,
1033 4212 1364 4268 luminosam
1404 4214 1809 4283 praevalituram
1839 4229 1964 4270 esse

385 4305 577 4359 vitam.
622 4305 688 4358 Et
728 4305 891 4373 hujus
932 4319 1154 4374 quoque
1186 4309 1263 4361 rei
1311 4308 1486 4376 gratia
1526 4306 1655 4360 luna
1685 4307 1960 4361 decimum

2071 3220 2373 3285 τείνεσθαι,
2424 3223 2544 3284 ταῖς
2584 3221 2815 3289 ἀγαθαῖς
2865 3221 3207 3294 προσθήκαις
3255 3221 3645 3291 αὐξανόμενον

2070 3310 2168 3382 τὴν
2196 3311 2253 3365 δὲ
2275 3311 2334 3364 ὲν
2365 3314 2432 3381 τῇ
2467 3312 2635 3382 κακίᾳ
2659 3311 2801 3383 ζωὴν
2824 3312 2913 3366 διὰ
2935 3312 3036 3381 τῆς
3072 3314 3190 3367 κατ’
3215 3312 3391 3382 ὀλίγον
3419 3312 3645 3382 ὑφαιρέ-

2071 3418 2209 3465 σεως
2232 3402 2312 3479 είς
2336 3401 2618 3471 ἐλάχιστον
2648 3403 2978 3471 συσταλῆναι
3008 3419 3022 3435 ο
3079 3406 3111 3474 ή
3148 3403 3258 3475 γάρ
3289 3403 3395 3456 τῶν
3426 3401 3645 3471 ἀγαθῶν

2070 3490 2369 3562 ὲπαύξησις
2392 3492 2487 3545 τοῦ
2526 3492 2699 3547 κακοῦ
2734 3493 2959 3564 μείωσις
2981 3494 3204 3563 γίνεται.
3264 3496 3330 3548 Ἦ
3362 3494 3418 3548 δὲ
3451 3498 3641 3565 ἰσημε-

2071 3583 2163 3653 ρία
2188 3584 2289 3653 τὴν
2318 3583 2684 3655 ἀναπάσιμον
2714 3585 2906 3656 ἑορτὴν
2927 3586 3216 3657 δεξαμένη,
3241 3585 3400 3639 τοῦτο
3423 3586 3490 3639 δι’
3517 3587 3645 3638 ἑαυ-

2067 3668 2166 3737 τῆς
2197 3668 2510 3739 έρμηνεύει,
2531 3670 2613 3723 ὅτι
2638 3670 2823 3723 οὐκέτι
2847 3670 2983 3741 πρὸς
3010 3670 3299 3724 ἀντίπαλον
3324 3669 3476 3735 τάξιν
3503 3672 3646 3724 ἀντι-

2068 3760 2501 3829 καταστήσεται,
2552 3760 2821 3823 ίσοπάλως
2847 3760 2923 3831 τῷ
2947 3761 3138 3832 ἀγαθῷ
3164 3761 3264 3831 τῆς
3285 3761 3480 3824 κακίας
3506 3779 3642 3832 συμ-

2067 3848 2409 3919 πλεκομένης
2432 3865 2446 3879 ·
2494 3849 2610 3902 ἀλλ’
2638 3852 2667 3904 ὁ
2691 3851 2950 3919 φωτεινὸς
2987 3852 3342 3923 ἐπικρατήσει
3381 3850 3512 3921 βίος,
3544 3850 3638 3906 τοῦ

2066 3939 2232 4007 ζόφου
2277 3939 2376 4009 τῆς
2407 3939 2823 4010 εἰδωλολατρίας
2846 3943 2904 3995 ὲν
2924 3941 3002 4013 τῷ
3031 3941 3357 4013 πλεονασμῷ
3377 3942 3476 4011 τῆς
3499 3942 3638 4011 ήμέο

2065 4047 2165 4100 ρας
2189 4029 2609 4100 διαπαυομένου.
2644 4024 2718 4083 Οὐ
2751 4032 2929 4102 χάριν,
2969 4032 3178 4085 καὶτοῦ
3214 4033 3490 4102 σεληναίου
3516 4032 3639 4103 δρό·

2068 4136 2190 4189 μου,
2209 4118 2304 4173 τοῦ
2327 4123 2469 4173 κατὰ
2486 4121 2585 4191 τὴν
2616 4122 2673 4174 ιδ’
2695 4123 2800 4192 ήμέ
2810 4140 2928 4193 ραν,
2942 4123 3352 4196 ἀντιπρόσωπον
3369 4123 3635 4177 δείκνυσιν

2062 4211 2231 4278 αὐτὴν
2254 4213 2373 4273 ταῖς
2405 4210 2501 4263 τοῦ
2542 4211 2694 4282 ήλίου
2729 4212 2931 4283 βολαῖς,
2962 4214 3335 4284 πληθύνουσαν
3370 4217 3530 4270 παντὶ
3557 4215 3634 4284 τῷ

2064 4300 2278 4370 πλούτῳ
2317 4303 2417 4372 τῆς
2454 4302 2816 4374 λαμπηδόνος,
2864 4305 2957 4361 καὶ
2990 4305 3258 4376 μηδεμίαν
3286 4306 3380 4359 τοῦ
3412 4308 3635 4370 σκότους

380 4404 639 4466 quartum
687 4410 886 4452 cursus
920 4398 1007 4452 sui
1048 4397 1195 4452 diem
1231 4399 1580 4468 complente,
1612 4398 1748 4453 solis
1772 4399 1959 4455 radios

2072 4392 2308 4463 διαδοχὴν
2327 4397 2384 4446 ὲν
2398 4393 2476 4464 τῷ
2490 4395 2645 4465 μέρει
2667 4396 2917 4464 γενέσθαι
2941 4398 3482 4468 παρασκευάζουσαν.
3501 4400 3633 4453 Δυό-

381 4486 614 4541 adversa
639 4483 820 4540 fronte
844 4485 1148 4555 excipiens,
1177 4502 1237 4542 se
1262 4488 1435 4557 ipsam
1464 4488 1614 4543 omni
1638 4488 1777 4545 lucis
1798 4490 1958 4560 copia

2072 4500 2223 4551 μενον
2253 4484 2364 4556 γάρ
2401 4485 2761 4558 διαδεξαμένη
2794 4487 2884 4542 τὸν
2915 4488 3086 4559 ἥλιον,
3114 4490 3173 4543 οὐ
3205 4492 3468 4563 πρότερον
3495 4492 3632 4563 αὐτὴ

310 4576 317 4583 ³
381 4575 716 4639 alliuentem,
748 4576 1010 4644 nullaque
1039 4576 1125 4631 sui
1149 4586 1305 4648 parte
1333 4579 1660 4649 caligantem
1692 4582 1954 4636 ostendit.

378 4665 664 4722 Occidenti
698 4665 846 4720 enim
878 4667 978 4721 soli
1015 4667 1340 4733 succedens,
1377 4685 1485 4724 non
1517 4678 1682 4725 antea
1712 4672 1830 4740 ipsa
1855 4687 1953 4727 oc-

375 4757 533 4820 cidit,
558 4771 722 4826 quam
746 4756 892 4810 veris
919 4755 1169 4825 ejusdem
1199 4759 1334 4814 solis
1363 4758 1669 4829 fulgoribus
1701 4763 1951 4832 proprios

377 4849 710 4913 immisceat,
743 4849 818 4902 ita
851 4858 909 4903 ut
945 4864 1054 4903 una
1078 4850 1381 4920 eademque
1412 4853 1526 4915 lux,
1569 4862 1806 4923 utroque
1837 4864 1950 4907 tum

373 4938 595 5003 diurni,
651 4945 766 4993 tum
808 4938 1069 4995 nocturni
1110 4955 1312 4997 cursus
1355 4945 1537 5013 spatio
1585 4946 1947 5010 continuata,

443 5187 521 5265 _(8)
558 5190 747 5265 ΤοῦτοΔ
788 5190 909 5265 γάρῄ
950 5220 1020 5232 -—
1051 5190 1325 5258 πολλοῖς.
1358 5189 1437 5246 ld.
1464 5192 1587 5246 cod.
1636 5192 1794 5265 τοῦτο
1833 5194 1944 5265 γὰρ

370 5260 466 5313 καὶ
496 5261 609 5320 τοῖς
634 5260 851 5324 πολλαῖς
887 5261 1038 5323 ἴσως.

444 5328 520 5399 (9)
560 5327 722 5401 Ἰξδει
751 5331 861 5401 γὰρ
892 5329 1346 5401 κέν-τιθέντος.
1386 5330 1716 5401 Corruptum
1761 5332 1943 5388 locum

370 5395 1008 5468 puta’nsVZacagniusAob
1041 5400 1310 5454 orationis
1336 5395 1823 5466 constructionem,
1857 5403 1946 5457 ad-

369 5466 450 5541 dit
482 5467 720 5541 ἐπίδοσιν
752 5466 1017 5541 δέχεσθαι.
1052 5468 1158 5541 ﬁed
1193 5470 1341 5522 nulla
1387 5486 1525 5541 opus
1553 5483 1638 5526 est
1692 5472 1948 5526 immuta-

367 5538 538 5592 tione.
580 5534 1008 5590 Verbunt'enim
1058 5537 1159 5602 δεῖ,
1210 5534 1441 5607 oportet;
1474 5541 1847 5596 accusativum
1894 5553 1944 5596 et

367 5607 611 5679 dativum
658 5607 795 5679 bene
842 5615 1020 5679 potest
1070 5608 1337 5679 accipere.
1386 5611 1479 5661 ’Ἑν
1515 5610 1596 5661 δεῖ
1629 5612 1786 5679 μόνον
1821 5628 1935 5679 μοι,

367 5628 611 5661 uauvum
658 5628 795 5661 uene
842 5628 1020 5677 potes;
1070 5628 1337 5677 acetpere.
1390 5628 1479 5661 ιν
1515 5628 1593 5661 οει
1629 5628 1786 5679 μονον
1862 5628 1906 5663 οι

367 5685 453 5733 est
478 5677 536 5733 in
565 5675 832 5748 Euripide.
855 5676 947 5734 Sic
967 5685 1022 5731 et
1058 5678 1202 5747 apud
1238 5678 1481 5733 Latinos.
1528 5679 1753 5735 Plautus
1799 5628 1906 5734 ﬁt!

2057 4576 2414 4639 καταδύεται,
2464 4579 2593 4646 πρὶν
2636 4581 2756 4640 ταῖς
2788 4578 3067 4648 ἀληθιναῖς
3119 4580 3314 4648 αὐγαῖς
3348 4580 3442 4634 τοῦ
3481 4582 3630 4652 ἡλίου

2056 4667 2156 4731 τὰς
2198 4669 2333 4732 ἰδίας
2362 4669 2701 4739 συμμίξειεν,
2732 4670 2873 4723 ὥστε
2919 4670 2975 4724 ἓν
3008 4671 3123 4739 φῶς
3145 4673 3287 4725 κατά
3312 4673 3372 4726 τὸ
3413 4675 3633 4744 συνεχὲς

2057 4761 2350 4831 διαμεῖναι,
2383 4761 2525 4815 κατὰ
2552 4761 2612 4813 τὸ
2638 4761 2912 4833 διάστημα
2938 4762 3032 4817 τοῦ
3059 4766 3379 4837 νυκτερινοῦ
3405 4768 3452 4836 (1
3469 4768 3516 4835 Ι)
3545 4785 3627 4830 τε,

2057 4853 2151 4905 καὶ
2187 4852 2446 4922 ήμερινοῦ
2476 4853 2677 4923 δρόμου
2698 4894 2713 4917 ,
2751 4857 2818 4924 τῇ
2849 4857 3243 4927 παρεμπτώσει
3290 4859 3381 4912 τοῦ
3407 4859 3631 4924 σκότους

2061 4943 2308 5013 μηδαμοῦ
2340 4943 2733 5015 διαιρούμενον.
2782 4946 2972 5001 Ταῦτά
3009 4964 3113 5018 σοι,
3145 4943 3191 5002 ὦ
3220 4948 3349 5019 φίλη
3396 4948 3628 5021 κεφαλὴ,

2043 5198 2223 5253 cuI.V.
2251 5201 2304 5274 1,
2311 5199 2420 5274 _iO,
2450 5199 2623 5274 Puero
2647 5208 2883 5274 opus‘est
2915 5199 3111 5274 cibum.
3150 5200 3239 5274 Ait
3278 5202 3452 5274 igitur
3485 5203 3630 5274 Nys-

2043 5283 2210 5342 senus
2232 5287 2246 5321 :
2265 5270 2431 5342 _'E6$t
2463 5269 2619 5342 ήμῶν
2649 5271 2747 5342 τὴν
2785 5269 2874 5342 διά
2898 5269 3006 5323 τῶν
3041 5271 3256 5342 ἀρετῶν
3277 5269 3629 5342 λαμϐανομέ-

2042 5354 2142 5408 νην
2168 5338 2382 5410 ἡμέραν
2413 5339 2565 5408 παρὰ
2591 5338 2714 5396 τοῦς
2737 5369 2807 5410 -έ
2836 5338 3125 5410 Oportebat
3171 5341 3320 5394 nobis
3351 5338 3488 5395 diem
3521 5338 3627 5410 (lu-

2043 5408 2183 5479 cem)
2204 5411 2438 5479 accipere
2466 5410 2721 5462 virtutum
2753 5409 2819 5461 ab
2844 5428 2923 5464 eo.
2942 5438 3010 5449 —
3030 5408 3293 5479 Perplexa
3318 5408 3627 5479 aliquantu-

2046 5477 2162 5551 lunt
2186 5477 2369 5551 oratio
2397 5477 2727 5551 Zacagnium
2763 5479 3020 5551 turbavit.
3053 5477 3289 5551 Canace.
3327 5496 3377 5548 p.
3408 5477 3477 5537 94
3497 5497 3622 5551 sqq.

2119 5548 2232 5619 (l0)
2265 5549 2675 5616 Ἐκχυθείσης.
2699 5547 2831 5619 (ξοδ.
2856 5547 2991 5601 Med.
3022 5547 3363 5619 έγχυθείσης.

2115 5617 2163 5685 (~l
2183 5617 2227 5687 l)
2255 5620 2504 5698 lyvxzsp.
2535 5619 2611 5673 ιιι.
2640 5618 2762 5672 cod.
2792 5616 3053 5688 ήμερινοῦ
3094 5616 3152 5672 τε
3180 5616 3381 5691 δρόμου
3405 5620 3500 5675 καὶ
3524 5636 3622 5675 νυ-

2042 5704 2136 5741 κτε
2146 5704 2316 5758 ρινου.
