4092 6368
486 298 620 354 Μ’ὅι

1729 288 1788 343 S.
1818 283 2149 343 CREGORil
2186 284 2474 343 NYSSENI

3602 286 3743 345 1033

481 417 837 477 conﬁtemur.
881 426 983 468 nec
1030 409 1312 485 quidpiam
1364 407 1697 473 sublimius,
1736 422 1839 463 nec
1888 408 2062 462 tutius

2172 409 2399 472 πίστεως
2419 407 2812 479 ὁμολογοῦμεν,
2836 409 2928 463 καὶ
2952 406 3073 461 οὔτε
3100 407 3431 480 ὑψηλότερον
3451 407 3552 477 τῆς
3575 425 3743 478 παραυ

482 506 802 575 certiusque
849 519 915 560 ea
961 503 1261 558 traditione
1307 515 1433 556 esse
1481 498 1784 554 credimus.
1846 497 2060 553 Domini

486 605 670 652 autem
715 595 967 651 doctrina
1019 595 1134 648 hac
1174 599 1298 647 est:
1339 590 1574 653 Eunlea,
1621 589 1835 658 inquit,
1883 588 2065 642 docete

486 703 667 743 omnes
697 697 876 757 gentes
898 723 912 744 ,
950 685 1286 753 baptizantea
1318 697 1408 735 eos
1439 681 1493 733 in
1519 680 1730 734 nomine
1760 678 1945 733 Patris
1969 718 1985 742 ,
2014 687 2065 732 et

489 777 658 839 Filii,
688 787 736 831 et
773 775 1008 844 Spiritus
1053 772 1229 827 sancti
1261 772 1298 828 ί.
1335 768 1610 836 Quoniam
1656 768 1823 838 igitur
1861 774 2067 823 sancta

489 867 779 923 Trinitatis
806 867 951 920 dono
972 902 988 926 ,
1017 862 1249 918 viviﬁcae
1292 862 1518 918 virtutis
1556 870 1843 931 computes
1888 861 2064 924 ﬁunt,

487 961 583 1029 qui
610 975 674 1012 ex
711 964 887 1011 morte
925 955 993 1008 ad
1022 965 1287 1009 aeternam
1337 955 1507 1007 vitam
1549 959 1976 1023 regenerantur,
2011 958 2067 1005 et

489 1052 668 1120 gratia
702 1050 804 1105 ista
838 1063 936 1118 per
965 1046 1127 1102 iidem
1163 1045 1315 1116 digni
1348 1043 1478 1099 facti
1517 1052 1648 1100 sunt
1676 1060 1692 1107 ;
1730 1044 1805 1098 ita
1847 1058 2069 1114 quoque

489 1141 807 1212 imperfecta
863 1138 1038 1211 gratia
1089 1145 1209 1203 est,
1265 1139 1313 1193 si
1359 1152 1532 1192 unum
1584 1134 1812 1206 aliquod
1862 1143 2070 1191 sanctae

490 1232 781 1288 Trinitatis
815 1245 1017 1286 nomen
1040 1269 1057 1296 ,
1090 1229 1482 1299 qualecunque
1515 1226 1653 1282 illud
1688 1227 1796 1291 sit,
1834 1226 1890 1280 in
1921 1226 2071 1281 salu-

489 1324 594 1378 tari
627 1323 901 1393 baptismo
940 1319 1416 1391 praetermittatur.
1452 1316 1589 1373 Nam
1626 1332 1804 1389 neque
1848 1318 1906 1371 iu
1950 1316 2071 1373 solo

492 1415 690 1483 Patre,
720 1424 775 1470 et
818 1414 993 1479 Filio,
1031 1413 1153 1469 sine
1200 1418 1400 1468 sancto
1451 1409 1693 1481 Spiritu.
1747 1408 2070 1482 mysterium

499 1506 942 1579 regenerationis
971 1504 1339 1575 adimpletur;
1364 1517 1543 1573 neque
1572 1501 1619 1558 si
1648 1499 1824 1557 Filius
1852 1500 2073 1557 silentio

492 1605 872 1672 praetereatur,
907 1598 963 1651 in
1000 1597 1120 1653 solo
1153 1594 1354 1661 Patre,
1405 1600 1462 1649 et
1503 1591 1713 1664 Spiritu
1762 1593 2071 1664 baptismus

493 1691 689 1755 habet,
720 1691 867 1745 unde
895 1689 1058 1745 nobis
1089 1686 1390 1758 perfectam
1426 1684 1596 1740 vitam
1624 1683 1935 1755 largiatur;
1968 1698 2070 1739 nec

494 1781 549 1836 in
595 1779 755 1836 Patre
785 1787 842 1835 et
871 1778 1011 1833 Filio
1034 1816 1050 1841 ,
1095 1777 1477 1848 praetermisso
1523 1776 1735 1847 Spiritu
1756 1816 1773 1842 ,
1814 1789 2070 1851 resurre—

493 1872 698 1928 ctionis
751 1878 955 1927 nostra:
1017 1869 1195 1941 gratia
1238 1875 1681 1925 consummatur.
1725 1865 2073 1938 Quapropter

494 1977 711 2017 omnem
739 1978 888 2031 spem
909 2001 924 2026 ,
947 1970 1113 2032 atque
1139 1957 1396 2026 ﬁduciam
1425 1967 1740 2014 nostrarum
1764 1958 2070 2012 animarum

495 2054 694 2110 salutis
727 2054 783 2108 in
812 2054 992 2108 tribus
1018 2053 1295 2123 personis,
1325 2067 1449 2123 quae
1474 2053 1542 2107 iis
1570 2050 1886 2106 nominibus
1912 2043 2072 2103 nobis

496 2144 900 2207 innotescunt,
956 2143 1264 2209 habemus,
1315 2150 1372 2198 et
1416 2141 1697 2197 credimus
1746 2141 1803 2194 in
1851 2138 2070 2193 Patrem

496 2235 718 2291 Domini
770 2235 952 2290 nostri
1000 2231 1129 2289 Jesu
1169 2233 1415 2297 Christi,
1471 2232 1566 2303 qui
1614 2239 1701 2287 est
1744 2231 1869 2286 vitae
1911 2230 2070 2295 fons,

492 2337 550 2383 et
581 2329 637 2382 in
669 2325 866 2381 Filiqu
900 2325 1460 2396 Patrisunigenitum
1484 2363 1499 2389 ,
1532 2323 1628 2394 qui
1672 2331 1759 2378 est
1808 2323 1931 2376 vitae
1975 2336 2074 2374 au-

494 2426 638 2479 ctor,
667 2415 1128 2487 quemadmodum
1149 2417 1230 2470 ait
1250 2414 1550 2485 Apostolus
1578 2415 1621 2477 ²,
1642 2420 1698 2469 et
1724 2413 1778 2467 in
1804 2413 2072 2483 Spiritum

497 2517 753 2564 sanctum
786 2507 916 2570 Dei,
967 2509 1036 2562 de
1072 2522 1184 2578 quo
1214 2504 1479 2561 Dominus
1528 2506 1641 2569 ait,
1677 2502 1908 2572 Spiritus
1958 2510 2071 2568 est,

497 2601 589 2670 qui
615 2599 843 2667 vivi/ient
877 2598 919 2651 ³.
954 2596 1093 2663 Quia
1122 2611 1253 2651 vero
1281 2595 1442 2649 nobis
1475 2610 1505 2648 a
1542 2601 1718 2648 morte
1740 2590 2072 2661 redemptis,

498 2689 937 2745 immortalitatis
963 2688 1136 2759 gratia
1167 2702 1265 2758 per
1290 2687 1452 2740 iidem
1484 2686 1539 2739 in
1560 2685 1777 2739 Patrem
1799 2725 1812 2749 ,
1838 2681 2036 2736 Filium
2055 2720 2071 2745 ,

497 2790 555 2834 et
583 2778 852 2848 Spiritum
884 2786 1138 2833 sanctum
1158 2815 1175 2841 ,
1203 2776 1260 2830 in
1287 2781 1479 2830 sancto
1505 2772 1864 2843 baptismate,
1884 2784 2076 2840 Quem-

496 2869 791 2924 admodum
847 2868 1122 2934 diximus,
1174 2865 1483 2937 impertitui
1518 2882 1536 2933 ;
1571 2865 1676 2918 hac
1720 2864 1930 2918 ratione
1974 2860 2073 2915 ad-

497 2962 687 3025 ducti,
717 2961 795 3014 nil
826 2958 1030 3014 servile
1050 2998 1066 3023 ,
1102 2959 1179 3013 nil
1209 2965 1456 3013 creatum
1481 2995 1496 3021 ,
1543 2955 1626 3010 nil
1668 2952 1849 3008 Patris
1902 2953 2075 3022 maje-

2165 501 2365 564 δόσεως
2392 500 2626 571 ἐκείνης,
2659 498 2781 553 οὔτε
2811 499 3213 571 ἀσφαλέστερον
3236 498 3365 554 ἄλλο
3400 515 3452 553 τι
3480 496 3616 553 εἶναι
3650 515 3743 553 πι-

2168 591 2449 662 στεύομεν.
2492 592 2554 644 Ἢ
2587 590 2643 645 δὲ
2670 590 2762 644 τοῦ
2798 589 3001 660 Κυρίου
3029 589 3345 643 διδασκαλία
3378 591 3527 644 ἐστὶν
3558 589 3697 661 αὕτη
3723 605 3739 622 δ

2166 684 2582 751 Πορευθέντες,
2612 683 2765 753 φησὶ,
2803 682 3221 751 μαθητεύσατε
3248 681 3445 736 πάντα
3480 684 3553 735 τὰ
3573 684 3738 749 ἔθνη,

2160 773 2554 839 ,βαπτίζοντες
2580 772 2804 839 αὐτοὺς
2826 775 2914 839 είς
2945 774 3010 825 τὸ
3034 773 3224 842 ὄνομα
3255 773 3362 826 τοῦ
3386 772 3612 839 Πατρές
3642 772 3741 826 καὶ

2167 866 2275 920 τοῦ
2307 867 2463 931 ΥΙοῦ,
2487 866 2584 920 καὶ
2606 865 2711 920 τοῦ
2742 866 2912 934 ἁγίου
2934 866 3297 934 Πνεύματος.
3330 862 3544 936 Ἐπειδὴ
3564 865 3743 917 τοίνυν

2169 958 2203 1027 ἡ
2252 956 2514 1020 ζοωποιὸς
2558 954 2785 1024 δύναμις
2827 954 2918 1008 ἐπὶ
2965 953 3074 1007 τῶν
3107 955 3171 1006 ὲκ
3212 952 3306 1007 τοῦ
3337 952 3566 1006 θανάτου
3606 953 3741 1024 πρὸς

2168 1046 2266 1115 τὴν
2303 1045 2517 1099 αἰώνιον
2558 1043 2704 1116 ζωὴν
2761 1043 3259 1113 ἀναγεννωμένων,
3311 1044 3401 1097 διὰ
3439 1044 3539 1113 τῆς
3581 1043 3744 1112 ἁγίας

2169 1136 2398 1207 Τριάδος
2424 1138 2762 1209 περιγίνεται
2792 1140 2904 1201 τοῖς
2943 1137 3081 1209 μετά
3119 1138 3355 1200 πίστεως
3382 1135 3742 1206 καταξιουμέ-

2171 1244 2282 1292 νοις
2317 1230 2416 1300 τῆς
2448 1229 2701 1300 χάριτος,
2744 1229 2838 1283 καὶ
2875 1230 3075 1301 ὁμοίιος
3114 1229 3310 1301 ἀτελὴς
3337 1230 3372 1299 ἡ
3413 1229 3591 1300 χάρις,
3624 1227 3744 1292 ἑνός

2171 1336 2335 1384 τινος,
2364 1319 2476 1373 οἴου
2503 1319 2723 1392 δήποτε,
2764 1319 2874 1374 τῶν
2904 1323 2968 1375 ὲκ
2992 1321 3090 1393 τῆς
3115 1321 3276 1390 ἁγίας
3302 1320 3530 1391 Τριάδος
3555 1320 3744 1391 ὀνομά-

2170 1427 2282 1464 των
2326 1412 2786 1483 παραλειφθέντος
2828 1416 2887 1467 ὲν
2925 1413 3003 1484 τῷ
3047 1414 3301 1485 σωτηρίῳ
3362 1412 3699 1484 βαπτίσματι
3727 1430 3742 1444 ·

2169 1503 2233 1557 οὗ
2263 1502 2372 1575 γὰρ
2401 1505 2564 1577 χωρὶς
2587 1504 2902 1575 Πνεύματος
2932 1506 2988 1559 ἐν
3020 1507 3164 1577 μόνῳ
3188 1505 3321 1577 Υίῷ,
3351 1507 3444 1561 καὶ
3481 1507 3658 1579 Πατρὶ
3682 1507 3745 1560 τὸ

2176 1598 2472 1668 μυστήριον
2510 1597 2741 1652 τελεῖται
2797 1598 2898 1668 τῆς
2943 1600 3354 1670 ἀνα-γεννήσεως
3383 1618 3397 1629 ·
3438 1599 3564 1653 οὔτε
3612 1599 3744 1654 Υἱοῦ

2175 1690 2563 1760 σιωπηθέντος,
2620 1692 2678 1744 ὲν
2728 1691 2932 1762 Πατρὶ,
2977 1693 3071 1745 καὶ
3117 1693 3393 1762 Πνεύματι
3430 1692 3490 1745 τὸ
3537 1692 3745 1769 τέλειον

2171 1781 2270 1852 τῆς
2316 1782 2462 1852 ζωῆς
2500 1780 2857 1854 παραγίνεται
2897 1782 3261 1854 βαπτίσματι·
3305 1784 3428 1837 οὔτε
3462 1787 3518 1838 ὲν
3546 1786 3742 1857 Πατρὶ,

2172 1875 2265 1928 καὶ
2294 1873 2442 1945 Υίῷ,
2477 1875 2808 1947 παρεθέντος
2837 1874 2933 1928 τοῦ
2969 1874 3319 1947 Πνεύματος,
3370 1875 3668 1931 ὲκτελείται
3710 1880 3744 1949 ή

2171 1964 2269 2035 τῆς
2301 1963 2647 2028 ἀναστάσεως
2679 1966 2868 2037 χάρις·
2901 1965 2990 2020 διὰ
3018 1967 3175 2021 τοῦτο
3202 1969 3383 2021 πᾶσαν
3411 1967 3508 2039 τὴν
3530 1969 3742 2032 ἐλπίδα,

2172 2054 2265 2106 καὶ
2294 2052 2392 2123 τὴν
2433 2053 2757 2122 πεποίθησιν
2783 2056 2882 2125 τῆς
2919 2054 3027 2108 τῶν
3073 2055 3260 2126 ψυχῶν
3289 2055 3446 2127 ήμῶν
3476 2057 3745 2128 σωτηρίας

2174 2146 2235 2225 ὲν
2255 2148 2376 2209 ταῖς
2404 2147 2580 2227 τρισὶν
2596 2146 2946 2200 ύποστάσεων
2972 2146 3187 2217 ἔχομεν,
3219 2145 3305 2199 διὰ
3332 2146 3442 2201 τῶν
3468 2129 3744 2219 ὀνομάτων

2173 2233 2378 2288 τούτων
2416 2234 2856 2305 γνωριζομένην·
2917 2235 3013 2288 καὶ
3052 2235 3501 2306 πιστεύομενρεῖς
3554 2254 3615 2291 τε
3651 2238 3744 2292 τὸν

2174 2325 2391 2398 Πατέρα
2412 2326 2505 2379 τοῦ
2537 2327 2742 2398 Κυρίου
2770 2327 2927 2398 ἡμῶν
2961 2327 3134 2398 Ἰησοῦ
3165 2329 3422 2399 Χριστοῦ,
3447 2329 3506 2392 ὃς
3532 2331 3678 2383 ἐστιν
3710 2331 3744 2401 ἡ

2176 2416 2326 2487 πηγὴ
2363 2416 2464 2487 τῆς
2497 2415 2667 2488 ζωῆς,
2692 2417 2787 2471 καὶ
2825 2420 2905 2481 εἰς
2935 2416 3026 2471 τὸν
3058 2418 3319 2489 μονογενῆ
3349 2419 3478 2473 Υἱὸν
3513 2419 3606 2475 τοῦ
3638 2422 3746 2474 Πα-

2173 2509 2321 2577 τρὸς,
2351 2508 2410 2571 ὃς
2434 2509 2581 2560 ἐστιν
2616 2509 2856 2580 ἀρχηγὸς
2876 2509 2976 2578 τῆς
3002 2509 3166 2579 ζωῆς,
3201 2509 3346 2565 καθὰ
3370 2527 3533 2582 φησιν
3552 2513 3748 2565 611:6-

2177 2598 2383 2662 στολος,
2422 2599 2517 2653 καὶ
2561 2602 2641 2663 εἰς
2674 2600 2735 2653 τὺ
2765 2600 2988 2670 Πνεῦμα
3019 2601 3080 2654 τὸ
3126 2600 3281 2663 ἅγιον
3309 2600 3403 2654 τοῦ
3431 2602 3586 2662 Θεοῦ,
3617 2605 3746 2675 περὶ

2173 2682 2236 2742 οῦ
2282 2685 2437 2744 εἶπεν
2479 2691 2508 2743 ὀ
2550 2690 2782 2762 Κύριος,
2838 2692 2922 2745 ὅτι
2956 2693 3026 2745 Τὸ
3052 2690 3297 2761 Πνεῦμά
3339 2693 3470 2747 ἐστι
3498 2695 3564 2747 τὸ
3609 2691 3745 2756 ζωο-

2175 2779 2411 2834 ποιοῦν.
2458 2781 2569 2833 Καὶ
2607 2779 2793 2851 ἐπειδὴ
2823 2782 2935 2843 τοῖς
2970 2779 3322 2852 λυτρωθεῖσιν
3350 2785 3483 2854 ἡμῖν
3507 2785 3615 2838 ἀπὸ
3651 2784 3745 2839 τοῦ

2176 2872 2429 2933 θανάτου,
2452 2872 2486 2942 ἡ
2511 2870 2669 2942 χάρις
2699 2873 2798 2944 τῆς
2827 2872 3129 2942 ἀφθαρσίας
3159 2872 3250 2927 διὰ
3279 2875 3378 2945 τῆς
3402 2877 3482 2939 είς
3508 2875 3742 2943 Πατέρα,

2177 2963 2272 3015 καὶ
2295 2962 2445 3030 Υἱδν,
2480 2963 2574 3016 καὶ
2602 2961 2755 3028 ἅγιον
2794 2962 3016 3032 Πνεῦμα
3046 2963 3299 3029 πίστεως,
3315 2967 3373 3018 ὲν
3399 2965 3474 3036 τῷ
3496 2965 3744 3038 σωτηρίῳ

499 3059 645 3106 state
679 3050 967 3121 indignum
998 3057 1206 3104 sanctae
1234 3047 1492 3103 Trinitati
1523 3045 1912 3101 connumerari
1955 3058 2071 3099 cre-

2186 3051 2540 3123 βαπτίσματι,
2576 3052 2754 3116 καθὼς
2779 3054 3098 3123 εἰρήκαμεν,
3131 3056 3512 3126 παραγίνεται,
3544 3059 3606 3110 ἐκ
3632 3057 3746 3111 τού-

498 3143 720 3207 dimus;
756 3142 960 3211 quippe
993 3155 1102 3196 una
1133 3147 1346 3194 tantum
1379 3146 1467 3194 est
1498 3137 1612 3194 vita
1648 3144 1838 3191 nostra
1860 3174 1875 3199 ,
1908 3149 2073 3205 quam

500 3249 598 3303 per
626 3232 787 3287 (idem
824 3233 878 3287 in
910 3242 1161 3287 sanctam
1193 3230 1521 3285 Trinitatem
1563 3227 1977 3297 consequimur,
2010 3242 2077 3280 ex

501 3323 611 3379 Deo
636 3323 860 3394 quidem
911 3326 1338 3389 universorum,
1390 3321 1565 3376 veluti
1612 3319 1802 3386 fonte,
1858 3333 2077 3388 proma-

499 3430 641 3471 naus
667 3454 683 3478 ,
719 3431 817 3487 per
857 3414 1054 3469 Filium
1087 3429 1219 3469 vero
1249 3412 1590 3484 procedens,
1640 3420 1698 3467 et
1748 3412 1803 3465 in
1862 3410 2075 3480 Spiritu

498 3517 696 3562 sancto
727 3514 1131 3562 consummata.
1164 3504 1278 3561 Hoc
1311 3505 1482 3576 igitur
1526 3512 1743 3560 certum
1785 3511 1952 3572 atque
1981 3517 2077 3557 ex-

500 3598 773 3669 ploratum
827 3596 1127 3660 habentes,
1181 3594 1529 3665 baptizamur
1578 3592 1836 3663 quidem,
1885 3606 2077 3660 quem-

497 3688 794 3744 admodum
824 3686 984 3742 nobis
1021 3683 1339 3740 mandatum
1368 3692 1456 3740 est
1482 3700 1498 3749 ;
1529 3683 1815 3739 credimus
1854 3691 2072 3742 autem,

497 3777 963 3850 quemadmodum
996 3776 1261 3846 baptizati
1292 3790 1485 3831 sumus
1515 3793 1530 3841 ;
1563 3773 1835 3829 sentimus
1866 3781 2072 3835 autem,

495 3869 959 3940 quemadmodum
1015 3867 1336 3932 credimus;
1400 3866 1478 3920 ita
1534 3875 1596 3920 ut
1641 3866 1761 3920 sine
1804 3864 1913 3917 ulla
1968 3863 2077 3917 dis-

495 3961 778 4028 crepantia
807 3959 1113 4029 baptisma,
1187 3966 1241 4014 et
1272 3958 1442 4023 fides,
1485 3965 1540 4014 et
1584 3959 1855 4013 sententia
1885 3965 2075 4011 nostra

500 4054 557 4109 in
593 4052 794 4116 Patre,
828 4052 1000 4117 Filio,
1051 4060 1106 4106 et
1158 4050 1372 4122 Spiritu
1424 4057 1617 4108 sancto
1669 4048 1960 4103 consistat.
2018 4046 2072 4100 Si

499 4145 627 4215 quis
651 4156 831 4199 autem
860 4145 1028 4209 duos,
1051 4143 1135 4198 vel
1159 4152 1271 4198 tres
1293 4143 1453 4206 deos,
1497 4141 1581 4197 vel
1609 4147 1726 4196 tres
1755 4138 2076 4194 divinitatea

501 4237 672 4301 dicit,
702 4236 994 4291 anathema
1026 4235 1118 4289 sit.
1156 4233 1219 4287 Et
1246 4234 1292 4288 si
1324 4235 1451 4303 quis
1480 4232 1784 4288 secundum
1812 4230 1927 4285 Arii
1960 4244 2080 4299 per-

501 4332 817 4386 versitatem
853 4345 921 4384 ex
952 4344 1064 4383 non
1116 4326 1339 4381 entibus
1381 4323 1618 4388 Filium,
1666 4323 1752 4379 vel
1805 4321 2074 4392 Spiritum

2175 3162 2285 3199 των
2310 3144 2692 3217 ὁδηγούμενοι,
2744 3144 2896 3197 οὐδὲν
2931 3145 3117 3198 δοῦλον
3137 3186 3151 3211 ,
3202 3146 3321 3200 οὐδὲ
3360 3148 3595 3212 κτιστὸν,
3623 3149 3744 3203 οῦδὲ

2174 3235 2275 3305 τῆς
2332 3235 2745 3307 μεγαλειότητος
2801 3236 2896 3290 τοῦ
2951 3238 3162 3305 Πατρὸς
3227 3236 3442 3305 ἀνάξιον
3487 3242 3553 3310 τῇ
3615 3241 3747 3311 ἁγίᾳ

2176 3326 2368 3397 Τριάδι
2434 3326 2885 3398 συναριθμεῖσθαι
2936 3328 3280 3398 πιστεύομεν.
3370 3331 3587 3400 Ἐπειδὴ
3649 3332 3747 3400 μία

2177 3417 2380 3487 ἐστὶνὴ
2417 3413 2531 3487 ζωὴ
2557 3415 2733 3487 ἡμῶν,
2767 3419 2801 3488 ή
2840 3417 2927 3471 διὰ
2956 3418 3053 3487 τῆς
3093 3419 3170 3480 είς
3204 3416 3300 3486 τὴν
3344 3417 3507 3485 ἁγίαν
3543 3419 3746 3487 metu

2177 3507 2412 3571 πίστεως
2454 3510 2864 3581 παραγινομένη
2887 3525 2903 3542 ο
2955 3511 3021 3563 ἐκ
3052 3507 3152 3578 μὲν
3187 3506 3281 3561 τοῦ
3311 3506 3447 3560 Θεοῦ
3475 3507 3582 3560 τῶν
3610 3508 3746 3562 ὅλων

2176 3597 2532 3668 πηγάξουσα,
2586 3582 2673 3652 aia
2723 3600 2780 3653 δὲ
2826 3598 2920 3653 τοῦ
2961 3598 3093 3651 nos
3146 3598 3442 3669 προϊοῦσα,
3489 3598 3547 3649 ὲν
3580 3598 3636 3651 δὲ
3667 3597 3747 3667 τῷ

2177 3691 2317 3763 ἁγίῳ
2362 3691 2640 3761 Πνεύματι
2678 3691 3067 3761 ἐνεργουμένη.
3128 3693 3345 3760 Ταύτην
3394 3685 3487 3743 οῦν
3534 3690 3746 3760 ἔχοντες

2175 3779 2276 3850 τὴν
2318 3778 2690 3850 πληροφορίαν
2729 3778 3105 3849 βατπιζόμεθα
3137 3779 3267 3850 μὲν,
3304 3780 3381 3842 ὡς
3403 3776 3743 3848 προετάχθης

2179 3888 2278 3941 μεν
2296 3909 2312 3934 ,
2345 3869 2672 3940 πιστεύομεν
2691 3869 2747 3923 δὲ
2764 3910 2781 3934 ,
2805 3869 2881 3933 ὼς
2911 3868 3287 3940 βαπτιζόμεθα
3304 3908 3319 3934 ,
3344 3869 3633 3939 δοξάζομεν
3663 3868 3741 3931 δὲ,

2177 3957 2251 4020 ὡς
2272 3955 2597 4027 πιστεύομεν
2621 3972 2635 3987 ·
2686 3956 2826 4010 ὥστε
2870 3958 3166 4028 ὁμοφώνως
3207 3957 3271 4010 τὸ
3303 3956 3616 4028 βάπτισμα,
3649 3958 3745 4011 καὶ

2174 4046 2275 4118 τὴν
2321 4046 2534 4113 πίστιν,
2578 4047 2674 4101 καὶ
2707 4048 2807 4120 τὴν
2852 4048 3039 4113 δόξαν,
3084 4050 3165 4110 είς
3192 4049 3412 4119 Πατέρα
3436 4045 3605 4111 εῖναι,
3646 4048 3745 4102 καὶ

2175 4135 2326 4198 Υἱὸν,
2348 4136 2442 4188 καὶ
2468 4135 2691 4206 Πνεῦμα
2722 4135 2897 4204 ἆγιον.
2932 4138 2997 4190 El
3023 4136 3080 4189 δέ
3103 4154 3185 4201 τις
3207 4136 3372 4210 δύο,ῆ
3395 4140 3543 4208 τρεῖς
3566 4137 3741 4202 θεοὺς,

2174 4226 2208 4297 ἢ
2242 4229 2389 4297 τρεῖς
2433 4226 2689 4298 θεότητας
2733 4226 2900 4295 λέγει,
2952 4227 3198 4297 ἀνάθεμα
3239 4227 3397 4285 ἔστω.
3451 4226 3552 4282 Καὶ
3579 4229 3632 4282 εί
3657 4244 3743 4292 τις

2175 4317 2318 4370 κατὰ
2355 4316 2454 4387 τὴν
2493 4317 2702 4388 Ἀρείου
2728 4317 3053 4388 διαστροφὴν
3081 4320 3147 4372 ὲκ
3180 4318 3255 4390 μὴ
3285 4318 3454 4372 ὅντων
3481 4320 3627 4387 λέγει
3649 4320 3743 4373 τὸν

501 4430 753 4479 sanctum
788 4420 990 4474 tactum
1027 4418 1199 4473 fuisse
1228 4416 1365 4472 dicit
1387 4452 1403 4477 .
1434 4414 1726 4469 anathema
1765 4413 1859 4469 sit.
1898 4410 2071 4477 Quot-

2186 4408 2326 4474 Υἱὸν,
2349 4407 2384 4479 ἢ
2412 4408 2475 4463 τὸ
2502 4409 2726 4480 Πνεῦμα
2747 4408 2903 4478 ἅγιον
2936 4409 3281 4479 γεγενῆσθαι,
3303 4411 3549 4480 ἀνάθεμα
3578 4410 3736 4464 ἔστω.

499 4517 635 4580 quot
686 4515 870 4562 autem
939 4507 1184 4562 veritatis
1234 4506 1481 4576 regulam
1527 4503 1745 4570 secuti,
1788 4509 1905 4559 tres
1952 4516 2080 4557 con-

501 4602 723 4656 ﬁtentur
757 4612 1059 4668 personas,
1105 4611 1316 4666 easque
1363 4597 1419 4651 in
1475 4595 1596 4652 suis
1645 4594 2079 4665 proprietatibus

500 4691 587 4761 pie
612 4704 678 4744 ac
709 4689 963 4758 religiose
990 4698 1376 4760 cognoscunt,
1407 4694 1463 4742 et
1488 4700 1656 4741 unam
1686 4686 1923 4742 credunt
1953 4700 2077 4741 esse

500 4785 840 4840 divinitatem
861 4821 877 4847 ,
904 4798 1074 4837 unam
1105 4782 1407 4838 bonitatem
1428 4820 1446 4846 ,
1476 4795 1646 4836 unum
1675 4779 2072 4850 principatum,

501 4891 665 4930 unam
695 4881 1015 4944 potestatem
1040 4913 1056 4939 ,
1089 4880 1254 4942 atque
1278 4872 1569 4935 virtutem,
1606 4886 1709 4925 nec
1738 4868 2071 4925 monarchiae

498 4967 796 5037 potentiam
845 4965 1150 5034 abrogant,
1183 4978 1285 5018 nec
1316 4962 1384 5017 ad
1431 4961 1782 5017 asserendam
1836 4960 2067 5015 deorum

495 5040 902 5111 multitudinem
947 5056 1302 5120 delabuntur,
1352 5067 1455 5107 nec
1510 5066 1777 5122 personas
1830 5050 2068 5106 confun-

493 5148 664 5214 dunt,
695 5162 799 5202 nec
827 5161 895 5202 ex
920 5146 1286 5202 dissimilibus
1315 5142 1630 5213 diversique
1656 5140 1875 5212 generis
1901 5142 2067 5198 rebus

493 5247 745 5294 sanctam
791 5237 1119 5292 Trinitatem
1160 5243 1540 5306 componunt,
1581 5234 1678 5290 sed
1712 5233 1837 5288 ﬁdei
1867 5233 2069 5303 dogma

496 5326 552 5379 in
609 5324 972 5392 simplicitate
1018 5324 1376 5394 suscipiunt,
1433 5338 1653 5377 omnem
1705 5321 1904 5376 salutis
1954 5335 2071 5377 suae

494 5426 645 5481 spem
675 5411 730 5464 in
762 5410 926 5466 Patre
946 5452 963 5477 ,
991 5411 1132 5467 Filio
1155 5452 1170 5475 ,
1203 5420 1257 5467 et
1298 5410 1509 5481 Spiritu
1556 5418 1752 5465 sancto
1793 5410 2071 5466 collocan-

493 5510 607 5564 tes,
656 5500 711 5554 hi
762 5517 929 5554 unum
975 5502 1226 5572 idemque
1277 5502 1564 5557 nobiscum
1613 5501 1894 5564 sentiunt,
1943 5516 2068 5556 cum

493 5591 692 5661 quibus
723 5598 777 5644 et
807 5606 907 5644 nos
942 5602 1148 5659 partem
1180 5592 1233 5645 in
1267 5590 1496 5646 Domino
1523 5590 1727 5644 habere
1758 5605 2060 5660 precamur.

599 5703 613 5731 ³
644 5701 830 5757 Matth.
862 5718 1052 5767 xxvul,
1094 5704 1174 5758 19.

2176 4499 2334 4554 Ὅσοι
2364 4499 2421 4554 δὲ
2461 4498 2539 4569 τῷ
2577 4500 2760 4554 κανόνι
2798 4500 2899 4569 τῆς
2935 4498 3187 4570 ἀληθείας
3223 4503 3596 4571 στοιχήσουσι,
3647 4502 3743 4554 καὶ

2173 4590 2272 4654 τὰς
2304 4592 2452 4661 τρεῖς
2491 4590 2842 4661 ὁμολογοῦσιν
2875 4590 3221 4658 ὑποστάσεις,
3259 4575 3498 4656 εὐσεϐῶς
3541 4594 3600 4646 ὲν
3629 4595 3744 4657 τοῖς

2173 4681 2383 4735 ἑαυτῶν
2412 4680 2666 4751 ίδιὼμασι
2697 4681 3097 4752 γνωριζομένας
3117 4722 3134 4747 ,
3168 4684 3262 4737 καὶ
3298 4682 3427 4754 μίαν
3453 4683 3742 4736 πιστεύου-

2174 4789 2259 4825 σιν
2287 4768 2424 4825 εῐναι
2450 4771 2698 4842 θεότητα,
2732 4771 2860 4843 μίαν
2887 4772 3227 4845 ἀγαθότητα,
3266 4774 3394 4844 μίαν
3424 4774 3618 4845 ἀρχὴν,
3646 4774 3742 4828 καὶ

2175 4863 2449 4930 ἐξουσίαν,
2498 4863 2595 4917 καὶ
2630 4863 2892 4934 δύναμιν
2943 4866 3040 4918 καὶ
3076 4865 3200 4919 οὔτε
3239 4866 3418 4937 τὸτῆς
3445 4866 3743 4938 μοναρχίας

2174 4950 2425 5004 ἀθετοῦσι
2461 4952 2692 5022 κρᾶτος,
2735 4951 2860 5006 οὔτε
2904 4954 2985 5016 είς
3024 4954 3312 5009 πολυθείαν
3361 4955 3738 5021 ἐκπίπτουσιν,

2172 5042 2296 5096 οὔτε
2318 5043 2418 5107 τὰς
2446 5044 2770 5107 ὑποστάσεις
2790 5043 3127 5115 συγχέουσιν,
3154 5043 3276 5099 οὔτε
3297 5045 3356 5112 ἐξ
3386 5046 3738 5117 ἑτερογενῶν,

2172 5132 2268 5185 καὶ
2288 5131 2557 5202 ἀνομοίων
2595 5131 2694 5202 τὴν
2739 5132 2900 5200 ἁγίαν
2944 5133 3150 5204 Τριάδα
3209 5134 3575 5191 συντίθενται’
3624 5136 3739 5190 ἀλλ’

2166 5223 2224 5273 ὲν
2252 5222 2514 5293 ἁπλότητι
2543 5223 2788 5294 δέχονται.
2813 5224 2873 5278 τὸ
2900 5224 3003 5294 τῆς
3033 5226 3268 5290 πίστεως
3298 5227 3476 5298 δόγμα
3496 5267 3513 5291 ,
3559 5229 3740 5281 πᾶσαν

2165 5316 2263 5384 τὴν
2289 5314 2480 5367 ἐλπίδα
2507 5314 2606 5384 τῆς
2633 5314 2827 5368 ἑαυτοῦ
2859 5315 3133 5386 σωτηρίας
3175 5317 3233 5369 ἐν
3264 5318 3438 5387 Πατρὶ
3475 5318 3570 5371 καὶ
3604 5316 3738 5387 Υἱῷ,

2167 5406 2260 5459 καὶ
2290 5404 2430 5476 ἁγίῳ
2450 5405 2726 5477 Πνεύματι
2762 5408 3275 5474 καταπιστεύοντες,
3303 5401 3449 5462 οὗτοι
3480 5409 3621 5462 κατὰ
3643 5408 3741 5477 τὴν

2168 5496 2440 5567 ἡμετέραν
2474 5497 2688 5568 κρίσιν,
2737 5502 2806 5552 τὰ
2849 5499 2986 5552 αὐτὰ
3023 5499 3311 5569 φρονοῦσι,
3362 5499 3483 5570 μεθ’
3517 5493 3591 5554 ὧν
3648 5502 3740 5551 2:".

2172 5589 2330 5657 ἡμεῖς
2364 5588 2505 5659 ἔχειν
2530 5590 2590 5642 ἐν
2628 5589 2814 5659 Κυρίῳ
2849 5589 3011 5662 μέρος
3040 5590 3327 5660 εὐχόμεθα.

1263 5706 1282 5734 ²
1320 5705 1441 5758 Act.
1475 5720 1570 5769 ιιι,
1606 5702 1691 5759 15.
1779 5704 1799 5735 ³
1837 5700 1993 5756 Joan.
2035 5718 2123 5769 Vl,
2164 5698 2253 5754 65.
