4092 6368
294 329 312 383 l
325 327 434 384 θὂὸ

774 465 1123 520 ΕΠΙΣΤΟΛΗ
1164 469 1232 534 ς’
1258 467 1389 536 (15).

1498 326 1881 382 ΕΙῚΞΤΟΙΑΕ.
1903 358 1971 368 --
1989 326 2211 383 EPIST.
2255 327 2343 381 VI.

3407 331 3547 387 i035

2548 466 2881 524 EPISTOLA
2919 468 3008 524 Vl.

297 670 431 725 llwc
458 668 713 741 epistola,
740 668 797 741 in
828 669 1193 741 quarNysseni
1230 669 1299 722 ad
1322 665 1618 720 Ecclesium
1654 667 1754 720 sibi
1786 667 2127 741 commissam
2169 666 2753 741 reditus__describitur,
2798 671 2997 736 scripta
3038 670 3204 739 fuisse
3243 673 3449 727 videtur
3471 676 3549 727 rel

363 735 1164 811 postConstantinopolitéuam
1182 742 1413 810 primum
1433 742 1717 806 synodum,
1744 737 1821 811 vel
1848 754 1910 793 eo
1941 745 2193 807 tempore,
2230 754 2333 811 quo
2361 735 2638 811 gssenus
2656 739 2758 811 Aab;
2780 735 2972 811 exsilio
2994 735 3232 811 reversus
3279 754 3381 798 est.
3415 742 3551 809 Quis

363 806 503 881 enim
527 809 761 881 crederet
785 851 813 881 ,ν
835 806 1139 866 redeuntem
1176 806 1480 881 episcopum
1510 824 1571 862 eo
1602 824 1723 881 cum
1755 807 1972 881 honore,
2002 806 2222 877 cumque
2265 809 2329 861 iis
2361 806 2590 881 lwtitia:_
2620 808 3125 881 signiﬁcationibus,
3173 828 3290 881 quia
3341 814 3397 867 in
3422 806 3551 866 “hac

369 879 613 947 Epistola
642 880 1041 950 describuntur,
1077 878 1357 950 exceptum
1383 878 1570 950 fuisse,
1605 879 1709 931 nisi
1752 878 2117 950 voldiuturno
2150 888 2377 944 tempore
2405 878 2591 944 procul
2630 878 2693 930 ab
2723 878 2965 950 Ecclesia
2997 878 3308 947 exstitisset,
3336 884 3414 936 vel
3434 894 3554 950 post

364 952 635 1022 egregiam
673 948 924 1022 aliquam
951 966 1163 1018 operam
1184 948 1441 1022 Ecclesia:
1470 958 1741 1022 novatam,
1777 948 1846 1001 ad
1867 950 2056 1022 sedem
2085 963 2239 999 suam
2274 964 2518 1022 reversus
2539 951 2722 1003 esset?
2778 948 2839 1003 Si
2862 950 3010 1016 prior
3029 951 3334 1019 conjectura
3360 948 3551 1019 ploret,

369 1017 574 1089 sl'ripta
603 1029 683 1074 est
730 1017 842 1074 Im'c
878 1017 1124 1089 Epistola
1175 1036 1313 1073 mmo
1349 1018 1784 1089 58idrsiuente;
1832 1018 1916 1073 sin
1954 1033 2071 1071 rero
2102 1021 2364 1083 posterior
2394 1017 2703 1089 conjectura
2739 1023 2905 1088 magis
2949 1017 3216 1083 arriserit,
3275 1017 3556 1076 dicendum

365 1102 446 1145 est
475 1087 727 1156 scriptam
754 1087 934 1161 [uisse
957 1093 1030 1145 uel
1072 1091 1234 1159 paulo
1263 1099 1384 1144 ante
1427 1088 1662 1141 Valentis
1690 1090 1912 1151 obitum,
1946 1098 2022 1141 vet
2049 1089 2233 1141 statim
2275 1090 2338 1142 ab
2363 1087 2478 1156 ejus
2508 1099 2695 1151 morte,
2728 1087 2845 1159 quin
2862 1092 3081 1161 contigit
3106 1091 3193 1145 die
3236 1107 3380 1146 nona
3440 1094 3554 1145 Au-

366 1162 513 1231 gusti
531 1176 672 1213 anno
704 1160 827 1215 578.

370 1362 637 1416 Διέσωσεν
666 1362 812 1433 ἡμᾶς
858 1364 888 1413 ὁ
934 1359 1159 1430 Κύριος,
1213 1358 1291 1421 ὼς
1322 1357 1466 1421 εἰκὸς
1504 1352 1593 1428 ἦν,
1631 1356 1736 1410 ὐπὸ
1781 1354 1887 1409 τῶν

2065 1352 2304 1408 Salvavit
2332 1370 2432 1409 nos
2453 1393 2466 1416 ,
2498 1362 2557 1407 ut
2602 1372 2698 1425 par
2720 1362 2872 1417 erat,
2912 1353 3175 1409 Dominus
3201 1396 3214 1417 ,
3255 1371 3394 1425 quos
3448 1358 3559 1411 tuis

303 1455 412 1508 σῶν
448 1453 905 1525 προπεμφθέντας
951 1451 1144 1521 εὐχῶν,
1186 1450 1279 1503 καί
1329 1467 1409 1502 σοι
1453 1449 1749 1519 τεκμήριον
1789 1447 1888 1515 τῆς

301 1546 588 1618 εὐμενείας
615 1546 727 1617 (14)
762 1545 930 1614 σαφὲς
958 1544 1321 1613 διηγήσομαι·
1354 1542 1428 1604 ὡς
1467 1539 1575 1611 γὰρ
1602 1540 1702 1610 ἤδη
1740 1538 1890 1609 ἣλιος

302 1636 370 1711 ἦν
402 1638 507 1693 ἀνά
539 1638 599 1690 τὸ
632 1636 849 1709 χωρίον,
892 1636 921 1689 ὂ
962 1635 1191 1689 κατόπιν
1232 1631 1459 1703 Ἐαρσοῦ
1504 1630 1718 1702 (lii-16)
1759 1646 1892 1682 κατ-

303 1737 581 1807 ελίπομεν,
628 1734 824 1805 ἀθρόον
874 1732 1091 1801 ἐγένετο
1129 1730 1306 1800 νεφῶν
1356 1729 1654 1800 συστροφὴ,
1684 1729 1777 1779 καὶ
1812 1727 1891 1790 εἰς

306 1828 475 1899 βαθὺν
504 1826 666 1895 ζόφον
696 1825 806 1897 (l7)
833 1824 891 1890 ἐξ
926 1823 1142 1895 αἰθρίας
1179 1822 1464 1892 μετέπεσε.
1499 1821 1699 1892 Ψυχρά
1725 1820 1784 1873 δέ
1810 1837 1893 1883 τις

306 1920 449 1991 αὖρα
493 1919 602 1972 τῶν
648 1917 824 1987 νεφῶν
874 1916 1233 1979 διαπνέουσα,
1276 1912 1571 1985 δροσώδης,
1612 1915 1705 1967 καὶ
1733 1914 1895 1983 ὑγρο-

305 2013 441 2082 τάτη
492 2011 605 2073 τοῖς
639 2009 885 2078 σώμασιν
926 2005 1083 2078 ἡμῶν
1122 2005 1557 2076 προσπίπτουσα,
1590 2005 1712 2058 ὅσον
1744 2002 1894 2055 οὐδέ-

308 2121 397 2157 πω
425 2103 515 2156 τὸν
547 2102 701 2154 ὑετὸν
727 2098 959 2167 ἠπείλει,
1006 2098 1101 2151 καὶ
1147 2095 1288 2151 κατὰ
1318 2096 1379 2148 τὸ
1434 2094 1710 2164 εὐώνυμον
1739 2093 1895 2163 βρονο

307 2198 399 2251 ταὶ
445 2196 686 2264 συνεχεῖς
727 2192 1155 2262 ὑπερῤήγνυντο,
1200 2190 1296 2242 καὶ
1332 2187 1610 2257 ἀστραπαὶ
1639 2183 1809 2249 ὁξείαί
1837 2201 1895 2237 τε

311 2287 407 2341 καὶ
441 2284 732 2354 ἐπάλληλοι
779 2284 886 2337 τῶν
933 2281 1168 2353 βροντῶν
1209 2279 1569 2351 προηγοῦντο,
1602 2278 1671 2331 τά
1699 2293 1757 2329 τε
1794 2275 1896 2345 ὅρη

312 2380 492 2434 πάντα
525 2377 713 2449 πρόσω
757 2392 816 2429 τε
859 2376 953 2428 καὶ
991 2374 1186 2439 ὀπίσω,
1235 2371 1329 2426 καὶ
1366 2369 1487 2425 καθ’
1520 2369 1757 2440 ἑκάτερα
1790 2368 1897 2421 τῶν

309 2468 574 2539 πλαγίων,
610 2466 895 2537 κατηρεφῆ
929 2466 1041 2527 τοῖς
1086 2462 1302 2530 νέφεσιν
1345 2455 1435 2531 ἧν.
1479 2458 1590 2511 Καὶ
1627 2456 1729 2529 ήδη
1758 2457 1897 2525 ὑπὲρ

309 2557 547 2629 κεφαλῆς
577 2555 732 2626 ἡμῶν
777 2554 1004 2625 βραχεῖα
1031 2550 1228 2619 νεφέλη
1261 2549 1394 2619 (18),
1430 2546 1698 2617 πνεύματι
1741 2545 1899 2615 βιαίῳ

311 2647 703 2719 ὐποληφθεῖσα,
736 2645 825 2699 τὸν
873 2643 1024 2696 ὑετὸν
1072 2639 1263 2701 ῶδινε,
1308 2639 1402 2691 καὶ
1441 2639 1600 2707 ἡμεῖς
1654 2636 1796 2689 κατὰ
1840 2635 1901 2688 τὸ

1991 1446 2245 1514 precibus
2284 1460 2651 1515 prosequens,
2689 1446 2980 1513 dimisisti,
3015 1447 3251 1517 ejusque
3295 1464 3423 1518 erga
3459 1464 3560 1504 nos

1992 1536 2344 1607 benignitatis
2379 1546 2759 1605 argumentum
2792 1536 3018 1592 evidens
3045 1538 3143 1593 tibi
3168 1539 3427 1594 narrabo.
3459 1538 3562 1594 Ubi

1991 1629 2135 1682 enim
2177 1628 2412 1697 primum
2453 1628 2537 1682 sol
2576 1642 2741 1696 supra
2776 1627 2955 1683 locum
3002 1628 3157 1683 illum
3182 1629 3370 1695 stetit,
3401 1645 3561 1699 quem

1992 1733 2135 1788 pone
2196 1717 2428 1773 Earsum
2507 1718 2869 1787 reliquimus,
2941 1722 3150 1778 coactis
3206 1722 3353 1778 illico
3405 1725 3567 1779 nubi-

1994 1809 2137 1875 bus,
2180 1825 2432 1864 serenum
2484 1811 2683 1864 coelum
2733 1813 2786 1865 in
2841 1812 3143 1881 profundas
3203 1829 3263 1870 se
3314 1819 3569 1871 tenebras

1995 1898 2333 1970 densamque
2373 1900 2660 1971 caliginem
2691 1902 2903 1956 induit:
2966 1914 3081 1958 tum
3119 1912 3305 1961 nostra
3337 1921 3369 1961 e
3404 1909 3566 1962 nubi-

1996 1994 2100 2047 bus
2157 2008 2389 2062 eorpora
2439 1992 2677 2063 perﬂans
2704 2034 2718 2058 ,
2762 1995 2995 2067 frigida,
3024 1998 3356 2068 roscidaquo
3398 2014 3567 2065 aura,

1996 2083 2301 2153 eademque
2328 2083 2712 2137 humidissima
2739 2126 2753 2149 ,
2788 2100 3039 2155 magnam
3063 2086 3173 2141 vim
3206 2086 3400 2143 imbris
3434 2088 3573 2158 jam-

1993 2174 2103 2245 jam
2132 2176 2400 2229 ruituram
2428 2176 2828 2245 praenuntiare;
2861 2177 2930 2231 ad
2960 2178 3147 2232 laevam
3175 2181 3369 2234 crebra
3387 2195 3573 2237 erum-

2000 2283 2128 2338 pere
2157 2268 2437 2332 tonitrua,
2469 2268 2671 2336 quibus
2718 2268 2905 2338 rapida
2949 2277 3003 2325 et
3042 2271 3370 2335 alternantia
3417 2285 3574 2341 prte-
3659 2302 3667 2311 -

1998 2359 2267 2413 cedebant
2297 2358 2548 2429 fulgura:
2579 2360 2712 2430 quin
2744 2362 2909 2415 etiam
2949 2370 3218 2432 quotquot
3266 2371 3427 2419 erant
3459 2372 3571 2419 tam

2001 2453 2127 2507 hinc
2172 2460 2335 2520 atque
2368 2450 2532 2517 inde,
2575 2467 2738 2522 quam
2775 2466 2804 2505 a
2848 2451 3034 2509 fronte
3073 2462 3128 2507 et
3154 2469 3185 2509 a
3223 2462 3378 2524 tergo
3418 2470 3576 2510 mou-

2002 2552 2083 2598 tes
2106 2543 2344 2599 nubibus
2368 2542 2735 2613 undequaque
2769 2545 3094 2613 tegebantur
3125 2562 3143 2609 ;
3192 2546 3415 2616 jamque
3473 2563 3576 2601 nu-

2003 2635 2135 2701 bes,
2186 2649 2309 2703 quae
2384 2645 2572 2689 nostro
2620 2634 2972 2704 impendebat
3017 2638 3220 2706 capiti.
3286 2648 3577 2708 postquam

323 2735 713 2809 Ἰσραηλιτικδν
745 2734 951 2805 θαῦμα,
985 2733 1141 2802 μέσοι
1188 2729 1523 2800 πανταχόθεν
1564 2728 1671 2781 τῶν
1696 2727 1902 2780 ὑδάτων

2008 2728 2121 2780 acri
2152 2727 2572 2794 vehementique
2603 2735 2767 2780 vento
2801 2726 3025 2796 abrepta
3055 2766 3068 2789 ,
3099 2728 3206 2782 alio
3232 2729 3409 2784 dolata
3436 2728 3575 2795 fuit,

309 2829 700 2899 διειλημμένοι,
748 2825 968 2895 ἄϐροχοι
1023 2823 1121 2892 τὴν
1192 2820 1382 2892 μέχρις
1432 2819 1743 2888 Οὐεστηνῆς
1791 2816 1900 2889 (19)

308 2922 427 2976 ὁδὸν
457 2919 804 2991 ἐπεράσαμεν
824 2933 841 2949 ο
864 2918 922 2969 ὲν
1050 2912 1428 2983 καταχθέντων
1468 2911 1627 2981 ἡμῶν
1661 2910 1781 2981 ήδη,
1809 2908 1901 2961 καὶ

313 3012 421 3082 γὰρ
452 3010 564 3080 (20)
600 3007 838 3079 ἡμιόνων
866 3003 1295 3059 ἀναπαυσὰντων
1323 3001 1455 3072 (τι),
1488 3001 1607 3053 τότε
1634 2998 1786 3070 παρὰ
1808 2998 1902 3052 τοῦ

312 3102 447 3156 Θεοῦ
502 3100 658 3169 ἐδόθη
680 3098 758 3168 τῷ
798 3098 921 3167 ἀέρι
969 3094 1065 3148 τοῦ
1095 3094 1302 3164 ὄμϐρου
1332 3093 1394 3145 τὸ
1422 3091 1689 3161 σύνθημα.
1723 3090 1903 3161 Τριῶν

312 3194 371 3247 δὲ
400 3192 575 3264 ὡρῶν,
608 3191 640 3261 ἢ
668 3191 761 3243 καὶ
784 3188 1063 3258 τεσσάρων
1086 3188 1263 3238 ἐκεῖσε
1292 3183 1584 3252 διαγόντων
1606 3181 1783 3252 ἡμῶν,
1811 3184 1905 3235 καὶ

317 3283 517 3345 ίκανῶς
568 3282 786 3351 εἴχομεν
830 3278 931 3347 τῆς
982 3275 1364 3337 ἀναπαύσεως,
1420 3272 1581 3326 πάλιν
1626 3272 1836 3343 διέσχεν
1875 3272 1905 3324 ὁ

314 3372 446 3435 Θεὸς
476 3372 566 3425 τὸν
597 3370 821 3442 ὄμϐρον,
865 3368 957 3422 καὶ
996 3368 1057 3421 τὸ
1101 3366 1288 3436 ὄχημα
1330 3364 1734 3436 εὐδρομώτερον
1773 3365 1903 3417 ἑαυ-

314 3464 395 3536 τῷ
434 3463 547 3535 (22)
584 3463 619 3533 ἢ
672 3460 906 3532 πρόσθεν
939 3454 1029 3530 ἦν,
1070 3460 1128 3513 ὲν
1161 3456 1317 3528 ὑγρῷ
1348 3474 1408 3510 τε
1458 3457 1552 3509 καὶ⁴
1600 3455 1905 3526 ὲπιπολαίῳ

316 3555 396 3626 τῷ
446 3553 603 3625 πηλῷ
639 3552 733 3607 τοῦ
782 3550 976 3624 τροχοῦ
1022 3551 1090 3603 δι’
1132 3548 1384 3613 εὐκολίας
1430 3548 1901 3611 ἐνολισθαίνοντος.

324 3646 482 3699 Ἐστι
513 3644 571 3696 δὲ
608 3643 725 3706 ὁδὸς
767 3642 861 3695 ἀπ’
906 3643 1113 3693 ἐκείνου
1162 3639 1255 3692 ἐπὶ
1297 3637 1395 3709 τὴν
1446 3638 1705 3708 πολίχνην
1749 3635 1906 3707 ἡμῶν

318 3738 473 3791 πᾶσα
500 3734 879 3805 ὲπιποτάμιος,
912 3730 1055 3785 κατά
1081 3729 1209 3801 ῥοῦν
1230 3729 1597 3799 συγκατιοῦσα
1625 3728 1701 3799 τῷ
1730 3726 1903 3794 ὒδατι,

318 3828 495 3901 χωρία
520 3845 582 3881 τε
622 3827 819 3897 συνεχῆ
848 3827 976 3897 περὶ
1003 3824 1101 3888 τὰς
1130 3822 1295 3894 ὄχθας
1336 3822 1430 3875 τοῦ
1462 3818 1728 3892 ποταμοῦ,
1770 3838 1909 3891 παρ-

316 3919 437 3972 όδια
468 3918 537 3970 τὰ
568 3917 768 3981 πάντα,
798 3918 891 3970 καὶ
935 3916 998 3969 οὐ
1038 3912 1218 3983 πολλῷ
1250 3911 1329 3982 τῷ
1360 3912 1510 3983 μέσῳ
1547 3911 1641 3965 ἀπ’
1664 3910 1908 3979 ἀλλήλων

317 4007 671 4077 διῳκισμένα.
716 4007 874 4059 Πᾶσα
905 4006 1083 4059 τοίνυν
1130 4005 1163 4073 ἡ
1213 4003 1330 4066 ὁδὸς
1369 4004 1432 4056 ἐκ
1471 4002 1572 4072 τῆς
1610 4000 1907 4070 ὲπαλλήλου

319 4058 527 4167 eadem.
577 4098 861 4168 οἰκήσεως,
916 4096 1025 4148 τῶν
1087 4058 1186 4166 μὲν
1250 4058 1630 4159 ὑπαντώντων,
1691 4058 1810 4147 τῶν⁸
1849 4094 1905 4146 δὲ
1936 4058 1978 4114 C

319 4190 801 4259 παραπεμπόντων
835 4187 974 4241 κατά
1003 4188 1063 4239 τὸ
1094 4186 1314 4256 συνεχὲς
1341 4184 1643 4256 ἀνθρώπων
1668 4185 1906 4256 ἐπεπλή-

322 4296 484 4348 ρωτο,
510 4279 644 4332 πολὺ
674 4281 740 4349 τῇ
769 4278 931 4349 ἡδονῇ
961 4276 1412 4347 καταμιγνύντων
1439 4276 1499 4328 τὸ
1522 4276 1773 4345 δάκρυον.
1799 4272 1906 4328 Ἦν

320 4369 377 4422 δὲ
409 4368 582 4437 ψεκὰς
616 4369 928 4439 ἀνεπαχθὴς
962 4369 1052 4420 τὸν
1083 4368 1220 4437 ἀέρα
1258 4368 1674 4430 ὐπονοτίξουσα·
1712 4367 1907 4437 μικρὸν

320 4458 379 4512 δὲ
406 4460 512 4529 πρὸ
538 4461 636 4531 τῆς
669 4460 924 4531 πολίχνης
965 4461 1044 4522 εἰς
1080 4459 1378 4529 βιαιότερον
1404 4458 1608 4529 ὄμϐρον
1637 4458 1698 4510 τὸ
1738 4459 1908 4530 ὐπερ-

322 4551 573 4620 κείμενον
632 4550 872 4603 ἑθλίόετο
928 4550 1086 4617 νέφος
1138 4550 1273 4620 (23),
1321 4548 1460 4601 ὥστε
1510 4548 1631 4602 καθ’
1676 4550 1907 4618 ἡσυχίαν

323 4642 455 4710 ἡμῖν
497 4640 747 4709 γενέσθαι
793 4639 892 4711 τὴν
943 4639 1162 4703 εῐσοδον,
1198 4639 1426 4710 μηθενὸς
1477 4637 1906 4708 προαισθομένου

400 4862 511 4935 (15)
541 4860 901 4935 *Ἐπιστολήτ
941 4858 1316 4935 Ha‘cepistola
1359 4860 1414 4914 in
1466 4859 1655 4915 codice
1704 4860 1897 4916 Medic.

326 4931 647 4988 inscribitur
680 4931 1232 5000 ‘A6Xa6ltp,Ablabio.

396 5003 509 5070 (Μ)
548 5002 895 5069 Εὑμενείας.
924 4999 1037 5054 Ms.
1080 5000 1217 5053 Med.
1253 4999 1536 5067 εὐμενείας
1568 4999 1726 5053 Θεοῦ.

325 5139 586 5196 canonis.
606 5142 864 5195 scribitur
895 5141 948 5193 in
979 5139 1216 5193 Mediceo
1244 5139 1473 5192 ἑαυτῶνο
1504 5148 1562 5192 ιιι
1604 5141 1913 5195 obscuritas

325 5223 379 5266 ct
415 5210 710 5265 diflieultas
750 5211 929 5264 onmis
976 5210 1121 5263 illico
1177 5210 1391 5264 sublata
1426 5208 1607 5263 fuerit.
1670 5210 1902 5265 (ΖΑειΑοο.

328 5298 466 5352 pag.
484 5280 574 5352 92.
595 5310 661 5352 έ
687 5280 980 5352 Quiltujus
1004 5279 1450 5352 locimemiuerit,
1477 5280 1679 5333 nullum
1706 5281 1904 5352 reperi.

400 5348 513 5418 (l7)
542 5350 757 5417 Ζόερον.
784 5348 1055 5404 ΜεζΜοᾱ.
1088 5348 1250 5416 ζόφον
1272 5350 1299 5400 ὁ
1317 5349 1445 5418 ἀήρ,
1476 5364 1573 5416 pro
1600 5350 1905 5418 quocmlum

329 5417 635 5490 zaeagnius
669 5420 958 5490 supplevit_.
1002 5418 1207 5490 Mortin
1226 5417 1421 5490 eodem
1448 5420 1570 5472 cod.
1605 5417 1749 5490 αὖρα
1771 5421 1907 5489 δρω-

330 5486 509 5557 σὼδης
535 5506 594 5541 τε
626 5486 905 5543 scribitur.
933 5488 1011 5544 Id.
1044 5489 1175 5543 ibid.
1211 5503 1334 5557 pag.
1357 5486 1447 5541 98.

402 5507 509 5609 mg;
535 5507 594 5541 τε
626 5507 905 5543 seruntur.
933 5507 1011 5544 lt].
1044 5507 1175 5543 lDlu.
1211 5507 1334 5557 pag.
1357 5507 1447 5541 uo.
1741 5559 1751 5569 _

402 5560 448 5629 (l
497 5558 784 5624 )Fortasse
814 5559 1097 5628 legendum
1128 5557 1317 5629 βαρεῖα
1343 5558 1561 5629 νεφέλη,
1605 5574 1906 5629 gravisnu—

331 5626 437 5682 bes.
473 5659 540 5668 —
567 5629 823 5695 Βραχεῖα
866 5626 1310 5695 ὧηεφέληίηθηο
1360 5626 1645 5682 lectionem
1699 5628 1906 5683 codicis

335 5699 457 5751 Vat.
498 5699 717 5752 exhibet
745 5714 964 5766 quoque
985 5697 1276 5753 Mediceus.
1311 5698 1489 5767 Atque
1520 5699 1725 5765 optime
1753 5706 1896 5750 uter-

326 5785 472 5839 que:
537 5777 596 5821 ut
653 5769 878 5835 promde
929 5769 1294 5837 inopportuna
1361 5770 1607 5823 videatur
1661 5767 1917 5839 Zacaguii

652 5865 923 5924 ιἈΤιιυι..
960 5866 1004 5923 (ᾧ
1018 5884 1048 5921 ιι
1062 5910 1075 5923 .
1114 5865 1165 5923 Χ
1180 5864 1333 5924 LVI.

2007 2818 2239 2872 hiemem
2300 2816 2552 2887 peperit,
2612 2830 2677 2870 ac
2724 2830 2869 2881 nos,
2928 2818 3075 2885 quod
3134 2818 3263 2871 olim
3318 2818 3580 2875 lsraelitis

2006 2908 2099 2963 Dei
2132 2909 2404 2962 miracqu
2436 2907 2708 2979 contigit,
2752 2912 3108 2977 quantumvis
3165 2912 3348 2980 pluvia
3410 2913 3581 2968 unde-

2005 3016 2224 3070 quaque
2265 3001 2631 3065 circumdati,
2681 3001 2847 3056 nullis
2893 3010 3070 3057 tamen
3120 3004 3277 3072 aquis
3334 3006 3578 3074 aspersi,

2004 3090 2298 3147 Yestenam
2344 3107 2521 3160 usque
2567 3092 2670 3147 iter
2714 3091 3093 3158 confecimus;
3141 3094 3231 3148 ubi
3261 3093 3580 3150 divertenti-

2002 3184 2110 3239 bus
2143 3184 2302 3239 nobis
2340 3193 2395 3238 et
2434 3185 2671 3254 quietem
2721 3184 3069 3254 capientibus
3130 3186 3324 3247 mulis,
3382 3194 3497 3240 tum
3545 3202 3583 3241 δ

2007 3276 2118 3331 Deo
2147 3277 2334 3331 datum
2373 3286 2457 3332 est
2487 3278 2601 3332 aeri
2643 3278 2841 3348 pluviae
2880 3279 3115 3346 signum.
3174 3280 3243 3333 At
3288 3288 3581 3350 postquam

2005 3382 2072 3422 eo
2113 3368 2167 3421 in
2190 3368 2308 3422 loco
2341 3368 2505 3421 trium
2527 3378 2830 3437 quatuorve
2858 3370 3081 3423 circiter
3115 3369 3376 3425 horarum
3401 3372 3583 3441 spatio

2007 3472 2241 3527 corpora
2287 3457 2505 3514 abunde
2534 3460 2885 3524 curavimus,
2916 3459 3059 3515 Deus
3110 3476 3305 3517 rursus
3342 3463 3581 3531 pluviam

2009 3550 2265 3616 cohibet,
2300 3558 2355 3604 et
2376 3550 2544 3604 rheda
2581 3551 2825 3605 velocius
2856 3559 3017 3621 quam
3056 3560 3217 3607 antea
3267 3552 3580 3614 ferebatur,

2010 3641 2066 3695 in
2119 3640 2269 3696 molli
2331 3642 2542 3696 scilicet
2600 3643 2715 3696 luto
2780 3644 3115 3713 minimeque
3170 3645 3283 3698 alto
3328 3643 3585 3697 facillime

2010 3732 2363 3789 currentibus
2397 3733 2551 3787 rotis.
2581 3732 2752 3789 Porro
2779 3734 2864 3787 via
2893 3774 2906 3797 ,
2943 3749 3064 3804 qua:
3108 3736 3250 3789 inter
3282 3736 3463 3789 locum
3521 3734 3587 3789 il-

2011 3822 2124 3876 lum
2170 3830 2226 3877 et
2258 3823 2590 3877 civitatulam
2636 3832 2881 3877 nostram
2922 3832 3039 3890 est,
3087 3832 3199 3878 tota
3237 3824 3461 3879 flumine
3507 3826 3586 3876 al-

2012 3915 2217 3977 luitur,
2239 3920 2291 3970 et
2326 3917 2379 3968 in
2415 3914 2660 3969 eamdem
2691 3925 2899 3983 partem
2942 3916 2995 3968 in
3028 3930 3191 3985 quam
3235 3913 3354 3969 ﬂuit
3383 3917 3582 3977 amnis,

2011 4003 2253 4058 ducitur.
2277 4001 2427 4072 Ripae
2451 4018 2669 4073 quoque
2700 4004 2909 4058 crebris
2945 4004 3219 4059 distinctae
3271 4016 3400 4059 sunt
3430 4008 3586 4075 oppi-

2012 4096 2192 4161 dulis,
2234 4098 2411 4166 iisque
2448 4099 2589 4166 apud
2646 4098 2784 4150 viam
2826 4098 2950 4152 sitis
3007 4114 3107 4152 nec
3156 4099 3300 4152 inter
3331 4114 3390 4153 se
3442 4100 3585 4152 mul-

2014 4197 2128 4242 tum
2154 4189 2510 4244 distantibus.
2530 4187 2665 4243 Tota
2699 4190 2905 4258 itaque,
2929 4191 2998 4243 ob
3026 4189 3168 4242 hanc
3203 4204 3483 4258 nunquam
3512 4191 3588 4243 in-

2015 4288 2314 4349 terruptam
2345 4280 2674 4349 oppidorum
2723 4281 2961 4343 seriem,
3010 4280 3330 4334 hominibus
3387 4282 3584 4350 partim

2014 4372 2228 4424 obviam
2265 4372 2642 4436 venientibus,
2692 4374 2887 4441 partim
2946 4373 3444 4443 prosequentibus,
3500 4374 3591 4427 iis-

2016 4481 2125 4533 que
2156 4465 2413 4519 omnibus
2447 4467 2647 4519 multas
2677 4464 2878 4535 gaudio
2906 4465 3266 4521 miscentibus
3296 4467 3586 4537 laerymas.

2016 4556 2562 4611 sineiutermissione
2597 4557 2799 4624 repleta
2829 4566 2969 4612 erat.
3002 4562 3198 4611 Aerem
3243 4573 3351 4611 non
3398 4557 3589 4611 admo-

2016 4645 2144 4698 dum
2187 4646 2418 4698 molesta
2468 4662 2619 4715 aqua:
2650 4646 2908 4700 irroratio
2954 4648 3337 4715 humer-tabat;
3394 4662 3587 4717 parum

2001 4864 2335 4937 emendatio,
2374 4866 2566 4936 βαρεῖα
2597 4868 2815 4936 νεφέλη.
2844 4869 3034 4937 Agitur
3067 4869 3210 4922 enim
3243 4883 3271 4920 a
3302 4867 3589 4937 Gregorio.

2004 4947 2113 5007 non
2147 4933 2214 4987 de
2240 4933 2389 5007 nube
2411 4933 2624 5005 quavis,
2650 4933 2742 4991 sed
2777 4933 2843 4991 de
2871 4933 2933 4990 ea
2969 4954 3089 5006 quae
3112 4948 3274 5007 eaput
3308 4933 3467 4992 suum
3505 4941 3592 4991 ob-

2006 5003 2143 5056 terit
2185 5003 2446 5077 :__idcireo
2486 5009 2791 5077 rectissime
2846 5003 2999 5061 brevi
3038 5025 3132 5063 seu
3174 5003 3376 5077 parva,
3421 5012 3593 5061 nomi-

398 5069 612 5143 (15-16)
646 5071 922 5150 ’ῌᾳρσοιᾎ
964 5070 1337 5150 [πο-,Ἑαρσοῦ
1373 5070 1515 5150 quod
1546 5072 1725 5150 Aest_in
1756 5069 1903 5150 vati-

2009 5073 2265 5150 “391"!-

2087 5081 2158 5125 ta.
2188 5076 2265 5128 Id.
2339 5091 2422 5144 ag.
2455 5076 2538 5130 95.
3176 5076 3189 5077 ί

2087 5143 2131 5227 μ
2146 5143 2199 5211 9)
2221 5092 2443 5227 Μέε-ρές
2478 5146 2848 5227 ίξὺιεστηνῆςο,
2878 5145 3014 5227 096‘-
3058 5145 3195 5200 Μεδ·
3243 5147 3402 5227 μέχρι
3456 5148 3592 5226 0°57

2017 5213 2308 5286 στίνην.έ-
2356 5215 2552 5269 Nescio
2590 5232 2658 5268 an
2709 5218 2849 5284 apud
2904 5216 3071 5269 alium
3103 5213 3411 5286 quempiam
3457 5221 3595 5271 seri-

2016 5290 2224 5353 ptorem
2254 5285 2354 5353 loci
2388 5285 2552 5353 hujus
2582 5288 2787 5339 mentio
2818 5286 3097 5340 habeatur.

2089 5351 2200 5425 (2Q)
2244 5351 2661 5423 Supervacanea
2696 5356 2786 5409 hic
2812 5356 3028 5409 videtur
3055 5357 3326 5424 particula
3363 5354 3491 5425 γάρ.

2088 5422 2200 5493 (21)
2227 5422 2340 5476 Καί
2360 5426 2471 5493 γὰρ
2494 5426 2756 5492 ἡμιόνων
2790 5422 3292 5481 ἀναπαυοῖάντων.
3343 5425 3419 5479 Id.
3440 5422 3586 5480 'cod.

2017 5491 2558 5567 xa‘t‘robgﬁﬂutdyou’g
2581 5495 3013 5567 ἀναπαυσάντων
3048 5496 3281 5567 (ἡμῶν).

2090 5562 2202 5627 (2'2)
2239 5562 2484 5628 Ἐιιυτίῖλ
2513 5564 2652 5619 Med.
2672 5566 2887 5619 ἑαυτοῦ.

2088 5632 2199 5700 (2'5)
2232 5632 2306 5686 Ita
2329 5635 2727 5688 emendandum
2757 5636 2945 5692 censui
2981 5635 3305 5692 Vaticanum
3340 5633 3589 5690 codicem

2013 5699 2065 5755 in
2099 5699 2208 5772 quo
2239 5704 2496 5760 scribitur
2518 5704 2698 5758 έθλιϐε
2725 5706 2796 5759 τὸ
2821 5706 3000 5775 νέφος.

3200 5864 3283 5923 33
