4092 6368
525 362 662 416 1035

1767 358 1824 413 5.
1866 357 2197 414 GREGORII
2234 355 2526 413 NYBSENI

3633 358 3775 415 1036

522 488 701 533 autem
733 478 891 566 longe
932 480 1000 535 ab
1045 480 1221 546 urbe.
1280 480 1458 535 nubes
1497 494 1619 550 quae
1676 488 1866 534 nostro
1924 479 2089 549 capiti

2196 478 2290 549 τῆς
2336 478 2658 548 παρουσίας.
2710 477 2797 539 Ὡς
2837 476 2892 529 δὲ
2919 475 3018 547 ἤδη
3056 475 3154 546 τῆς
3202 475 3361 538 στοᾶς
3405 473 3554 536 ἐντὸς
3596 472 3777 542 ἐγενό-

526 572 864 636 imminebat,
893 571 950 624 in
980 572 1441 628 vehementiorem
1476 572 1715 642 pluviam
1754 570 2047 626 resolvitur
2074 589 2087 625 :

521 676 692 730 quare
742 661 899 716 licuit
931 662 1088 717 nobis
1122 662 1306 732 quiete
1338 663 1530 718 urbem
1561 662 1817 734 ingredi,
1873 663 2094 718 nemine

523 750 812 805 adventum
852 758 1102 804 nostrum
1150 753 1551 820 praesentieute.
1605 750 1803 806 Verum
1856 759 1917 805 ut
1975 766 2096 822 por-

525 842 692 893 ticum
713 841 1075 910 (24)ingressi
1105 841 1330 908 fuimus,
1351 858 1475 897 cum
1504 832 1575 897 ob
1603 843 1703 899 soli
1725 841 1981 897 duritiem
2029 857 2094 897 ac

523 933 824 986 siccitatem
881 947 1084 987 currus
1143 935 1383 989 sonitum
1456 935 1681 1000 ederet,
1736 935 1928 989 nescio
1983 949 2093 1004 quo

523 1032 680 1091 pacto
721 1037 787 1078 ac
828 1021 1009 1090 unde,
1049 1026 1214 1079 veluti
1268 1041 1333 1080 ex
1384 1026 1619 1096 quadam
1670 1026 1921 1079 machina
1950 1064 1965 1088 ,
2009 1040 2093 1079 re-

522 1123 683 1181 pente
726 1115 874 1168 circa
913 1130 1017 1170 nos
1076 1116 1151 1169 ita
1202 1117 1482 1171 confertus
1513 1116 1748 1186 populus
1779 1115 1988 1171 exstitit
2034 1124 2095 1168 ut

524 1205 671 1258 nulla
714 1205 876 1262 nobis
924 1206 990 1261 de
1028 1206 1198 1263 rlteda
1250 1207 1537 1262 desiliendi
1584 1207 1741 1276 copia
1787 1214 1967 1272 esset;
2029 1221 2093 1259 ac

521 1297 739 1351 tandem
768 1315 798 1352 a
847 1298 1009 1353 turba
1051 1313 1155 1354 nos
1207 1299 1449 1369 undique
1500 1299 1894 1367 comprimente
1923 1337 1936 1361 ,
2007 1299 2093 1351 vix

523 1402 586 1441 ac
621 1404 689 1443 ne
709 1389 795 1443 vix
818 1390 1037 1459 quidem
1073 1389 1324 1445 obtinere
1353 1390 1503 1443 licuit
1545 1398 1605 1443 ut
1663 1389 1817 1444 nobis
1867 1389 2093 1443 descen-

522 1478 719 1544 dendi,
764 1479 1035 1548 anulisque
1092 1480 1411 1535 transeundi
1448 1490 1660 1549 tempus
1689 1481 2091 1546 concederent;

521 1584 692 1638 quare
715 1585 904 1639 parum
932 1568 1149 1635 abfuit,
1194 1573 1327 1641 quin
1378 1570 1581 1625 amoris
1641 1579 1804 1641 atque
1859 1571 2094 1626 benevo-

522 1662 703 1718 lentiae
736 1677 997 1718 excessus
1039 1663 1203 1718 nobis
1233 1662 1401 1717 animi
1433 1660 1793 1717 defectionem
1826 1662 2090 1727 intulerit.

525 1751 799 1807 Caeterum
836 1766 962 1807 cum
1009 1752 1153 1807 intra
1207 1753 1473 1822 porticum
1527 1752 1744 1822 longius
1781 1755 2089 1822 progressi,

2199 572 2368 640 μεθα,
2427 571 2615 641 ἐπειδὴ
2666 569 2752 623 διὰ
2808 569 2973 639 ξηροῦ
3010 569 3104 621 τοῦ
3157 569 3387 637 ἐδάφους
3447 566 3775 621 κατεκτύπει

2192 659 2256 713 τὸ
2299 659 2501 730 ὄχημα,
2555 658 2655 712 οὑκ
2695 653 2811 712 οἶδα
2855 658 2996 722 ὅθεν,
3044 658 3077 727 ἦ
3115 658 3285 720 ὅπως,
3322 655 3396 720 ὡς
3432 656 3498 709 ἐκ
3530 654 3778 725 μηχανῆς

2193 767 2356 814 τινος,
2388 749 2598 822 ἀθρόως
2624 749 2864 818 ἀνεφάνη
2889 747 3081 818 δῆμος,
3114 746 3297 817 κύκλῳ
3326 746 3456 816 περὶ
3477 745 3632 816 ἡμῶν
3673 762 3776 798 πε-

2194 841 2545 911 πυκνωμένος
2576 840 2708 910 (25),
2751 840 2826 903 ὡς
2879 839 3011 910 μηδὲ
3052 838 3325 892 κατελθεῖν
3366 838 3457 890 τοῦ
3506 839 3776 909 ὀχήματος

2193 932 2423 1004 εὔπορον
2447 931 2603 986 εἶναι’
2625 934 2685 984 οὑ
2706 931 2814 1003 γὰρ
2828 926 2895 1001 ἦν
2909 931 3088 1002 εὑρεῖν
3102 930 3263 983 τόπον
3279 931 3430 982 κενὸν
3452 928 3548 982 ἀνθ
3555 928 3774 1000 ρώπων.

2194 1024 2364 1092 Μόγις
2383 1024 2440 1077 δὲ
2458 1024 2568 1096 (ἳϐ)
2586 1024 2869 1086 πείσαντες
2885 1024 3016 1093 ἡμῖν
3034 1039 3091 1075 τε
3124 1021 3304 1075 δοῦναι
3320 1019 3506 1090 καιρὸν
3527 1020 3660 1090 πρὸς
3678 1021 3778 1087 τὴν

2194 1114 2436 1180 κάθοδον,
2481 1114 2574 1167 καὶ
2613 1116 2726 1176 τοῖς
2770 1114 3011 1184 ἡμιόνοις
3058 1112 3341 1183 ἐπιτρέψαι
3383 1111 3479 1181 τὴν
3524 1110 3777 1183 πάροδον,

2195 1205 2344 1276 παρά
2370 1204 2478 1257 τῶν
2513 1205 2930 1275 παραρρεόντων
2972 1207 3101 1274 ἡμῖν
3130 1203 3271 1257 κατὰ
3301 1204 3409 1255 πᾶν
3454 1202 3615 1273 μέρος
3651 1218 3778 1254 συν-

2194 1296 2527 1366 θλιϐόμενοι,
2564 1295 2703 1349 ὥστε
2747 1297 2846 1364 τὴν
2880 1293 3318 1365 ὑπερϐάλλουσαν
3357 1291 3777 1366 φιλοφροσύνην,

2197 1384 2392 1456 μικροῦ
2422 1385 2531 1437 δεῖν
2564 1385 2656 1438 καὶ
2696 1382 3048 1453 λειποθυμίας
3076 1381 3323 1450 γενέσθαι
3356 1381 3552 1435 αἰτίαν.
3602 1380 3689 1443 Ὡς
3718 1379 3779 1433 δὲ

2195 1477 2419 1548 πλησίον
2468 1475 2561 1529 τοῦ
2584 1475 2733 1530 ἔνδον
2756 1474 3051 1546 ἐγενόμεθα
3079 1476 3171 1528 ἐπὶ
3195 1475 3365 1528 στώου
3401 1475 3533 1545 (27),
3563 1475 3780 1545 ὁρῶμεν

2198 1566 2375 1636 ῥύακα
2402 1565 2573 1637 πυρὸς
2622 1565 2712 1618 ἐπὶ
2744 1565 2842 1636 τὴν
2870 1564 3161 1635 ἐκκλησίαν
3211 1565 3525 1634 είσρέουσαν
3547 1582 3559 1595 ·
3594 1566 3623 1617 ὁ
3670 1565 3778 1635 γὰρ

2192 1656 2300 1708 τῶν
2348 1653 2628 1726 παρθένων
2662 1654 2839 1725 χορὸς,
2887 1654 2985 1718 τὰς
3034 1656 3095 1707 ἐκ
3143 1656 3318 1726 κήρης
3350 1655 3461 1724 (‘28)
3491 1656 3778 1725 λαμπάδας

2193 1747 2281 1801 διὰ
2327 1746 2507 1818 χειρὸς
2554 1747 2833 1818 φέρουσαι,
2866 1745 3141 1816 στοιχηδὸν
3193 1745 3449 1817 ἀλλήλαις
3499 1746 3639 1799 κατά
3679 1746 3778 1818 τὴν

522 1842 668 1896 baud
705 1842 896 1912 procul
918 1843 988 1898 ab
1028 1843 1275 1898 ecclesiae
1301 1843 1489 1897 limine
1525 1858 1773 1898 essemus
1801 1882 1815 1905 ,
1859 1844 2092 1898 vidimus

2196 1837 2394 1890 εἴσοδον
2432 1835 2530 1906 τῆς
2569 1835 2859 1905 ἐκκλησίας
2887 1831 3182 1906 προῄεσαν,
3214 1838 3324 1899 τοῖς
3352 1839 3575 1907 πυρσοῖς
3604 1835 3778 1889 διόλου

522 1932 665 2002 ignis
695 1932 870 1986 rivum
931 1933 984 1987 in
1038 1934 1329 1989 ecclesiam
1387 1931 1731 1988 inﬂuentem.
1798 1932 2093 1988 Sacr-arum

521 2023 669 2075 cnim
725 2023 999 2094 virginum
1050 2024 1294 2087 chorus,
1348 2023 1617 2079 ardentes-
1647 2039 1773 2078 cera
1825 2024 2098 2093 lampades

523 2114 850 2169 inmanibus
881 2125 1184 2185 gestantes,
1214 2118 1278 2169 ad
1308 2116 1555 2171 ecclesia:
1598 2116 1793 2182 limen,
1826 2115 1942 2171 alia:
1977 2117 2099 2173 aliis

521 2204 715 2258 ordine
762 2206 1159 2266 succedentes.
1208 2214 1630 2276 processerant,
1672 2208 1884 2263 facibus
1931 2210 2100 2262 unde-

520 2307 738 2362 quaque
776 2294 1144 2365 splendentes.
1197 2296 1483 2367 Ingressus
1535 2307 1712 2352 autem
1763 2297 2087 2361 ecclesiam,

518 2391 575 2436 ct
610 2397 719 2436 una
770 2398 896 2438 cum
929 2386 1130 2455 populo
1178 2389 1422 2455 gaudens
1448 2424 1462 2448 ,
1523 2401 1737 2455 unaque
1778 2386 2090 2457 lacrymans

519 2475 777 2542 (utroque
806 2474 952 2528 enim
976 2474 1139 2529 modo
1177 2488 1278 2529 nos
1302 2474 1438 2529 allici
1479 2489 1575 2543 par
1603 2483 1742 2537 erat,
1795 2476 1879 2530 vel
1904 2492 1967 2529 ex
1990 2477 2091 2530 hoc

518 2562 665 2631 quod
692 2562 747 2616 in
774 2562 1046 2633 frequenti
1077 2564 1280 2635 popqu
1307 2565 1635 2619 duosltosce
1692 2565 1859 2617 animi
1912 2573 2096 2620 motus

2195 1924 2701 1994 καταλαμπόμεναι.
2764 1924 2943 1987 Ἐντὸς
2998 1925 3054 1977 δὲ
3119 1925 3440 1995 γενομένου,
3501 1927 3593 1979 καὶ
3654 1942 3779 1979 συν-

2196 2015 2381 2085 ησθεὶς
2433 2017 2510 2086 τῷ
2556 2015 2688 2085 λαῷ,
2744 2017 2838 2069 καὶ
2897 2015 3270 2084 συνδακρύσας
3301 2015 3505 2086 (ταῦτα
3556 2017 3661 2088 γάρ
3708 2014 3779 2091 ἦν

2196 2104 2475 2176 ἀμφότερα
2501 2104 2727 2174 πάσχειν
2751 2103 2828 2175 τῷ
2857 2106 2958 2158 κάν
2998 2105 3076 2175 τῷ
3119 2105 3311 2175 πλήθει
3341 2104 3553 2175 βλέπειν
3578 2106 3648 2157 τὰ
3683 2105 3779 2159 δύο

2198 2198 2389 2268 πάθη),
2432 2196 2566 2267 ὁμοῦ
2609 2216 2667 2251 τε
2697 2198 2804 2252 τῶν
2855 2196 3026 2269 εὐχῶν
3070 2197 3414 2267 ἐπαυσάμην,
3447 2199 3539 2250 καὶ
3574 2197 3778 2266 ταύτην

2194 2292 2261 2360 τῇ
2307 2288 2543 2360 ὁσιότητί
2587 2305 2680 2342 σου
2718 2289 2817 2361 τὴν
2858 2291 3143 2360 ἐπιστολὴν
3181 2286 3475 2363 διεχὰρνᾶξεζ
3519 2288 3773 2347 ἐτττῖςεύτ

2194 2381 2336 2446 δων,
2382 2382 2458 2444 ὼς
2502 2377 2613 2434 οἶόν
2653 2398 2749 2445 τε,
2792 2381 2869 2452 τῷ
2916 2385 2981 2452 τῇ
3038 2382 3164 2454 δίψῃ
3206 2384 3775 2454 προσαναγκάξεσθαι,

2197 2472 2700 2542 προσασχοληθῆναι
2733 2473 2875 2543 μετά
2902 2474 2960 2526 τὸ
2999 2475 3233 2545 γράμμα
3273 2477 3338 2546 τῇ
3382 2475 3645 2545 θεραπείᾳ
3682 2475 3780 2527 τοῦ

2206 2581 2474 2633 σωματος.

530 2652 924 2723 iutuebamur),
979 2655 1163 2709 statim
1207 2660 1372 2723 atque
1423 2654 1865 2722 preeibustinem
1920 2653 2177 2722 imposui,
2220 2655 2359 2706 hanc
2401 2652 2694 2707 Sanclilali
2750 2661 2857 2708 tua:
2914 2654 3201 2724 epistolam
3268 2653 3588 2711 festinanter
3640 2671 3777 2711 con-

525 2742 746 2812 scripsi,
782 2753 841 2799 ut
877 2743 1117 2817 possem,
1153 2763 1219 2803 eo
1258 2748 1400 2818 quod
1430 2747 1517 2801 siti
1560 2761 1801 2818 urgcrer,
1834 2754 2249 2815 postexaratam
2280 2748 2365 2815 cpi
2401 2746 2563 2800 tolam
2593 2749 2809 2817 corpori
2843 2749 3084 2803 curando
3111 2763 3325 2805 vacare.

1081 3091 1413 3152 EPIS'I‘OLA
1442 3097 1553 3154 Vll.

2696 3104 3039 3158 ΕΠΙΣΤΟΛΗ
3069 3106 3121 3157 Z'
3152 3102 3286 3175 (29).

526 3248 818 3329 Taurinae,
873 3267 1030 3322 quam
1060 3269 1276 3329 sequens
1304 3254 1527 3321 epistola
1565 3256 1779 3329 scripta
1800 3256 2028 3325 fortasse
2051 3257 2151 3325 fuit
2176 3256 2403 3329 Cynegio
2432 3257 2662 3329 Nysscni
2693 3260 3022 3314 amicissimo
3048 3259 3177 3322 viro,
3205 3266 3263 3312 ut
3291 3268 3431 3328 patet
3458 3273 3522 3312 ea:
3536 3259 3775 3327 ejusdem

593 3322 830 3387 epistolis
876 3339 1013 3376 nona
1044 3333 1092 3375 et
1125 3323 1363 3387 decima;
1392 3341 1512 3376 nam
1555 3322 1692 3378 hunc
1740 3322 2124 3394 Prwlecturam
2156 3322 2398 3395 privto'rii
2427 3322 2730 3383 in‘Oriente
2764 3330 2828 3382 ab
2858 3347 2948 3384 an.
2983 3329 3087 3383 584
3124 3346 3185 3386 us
3223 3322 3379 3384 ue'ad
3407 3346 3495 3383 an.
3520 3322 3624 3383 590
3658 3349 3778 3404 ges-

602 3392 734 3444 sisse
765 3405 828 3445 ea:
858 3391 1101 3453 pluribus
1153 3391 1503 3446 Tlteodosiani
1546 3395 1743 3448 codicis
1782 3396 1981 3453 lenibus
2015 3407 2252 3453 apparet.
2298 3397 2420 3452 Vide
2450 3399 2911 3452 accuratissimum
2951 3347 3295 3453 Gotofrejum
3329 3401 3383 3453 in
3407 3400 3777 3453 Prosonoara-

602 3392 734 3469 δίε-ιε
765 3391 1101 3469 ex_pluriltu_s
1153 3391 1503 3469 [headosiani
1538 3395 1743 3469 audiris
1782 3391 1981 3469 legibus
2015 3391 2252 3464 apparet.
2298 3397 2420 3452 Vide
2450 3399 2911 3452 arcuratissimum
2951 3397 3167 3469 Gotofre

592 3460 719 3527 pltia
742 3470 792 3513 et
824 3462 881 3516 in
920 3462 1113 3515 notitia
1141 3462 1464 3531 dignitatum
1500 3464 1736 3531 ejusdem
1768 3460 1985 3519 codicis.

3208 3416 3295 3454 um
3329 3401 3383 3454 in
3407 3400 3777 3472 Prosopogra-

590 3614 699 3669 Lex
725 3615 885 3670 nobis
913 3623 996 3671 est
1020 3629 1146 3670 eum
1181 3614 1441 3673 ﬂentibus
1473 3616 1605 3673 ﬂere
1628 3618 1853 3687 jubens,
1881 3626 1936 3675 et
1965 3633 2090 3673 cum

2265 3622 2447 3691 Νόμος
2497 3623 2643 3676 ἐστὶν
2707 3623 3003 3695 ἡμέτερος-ς
3032 3624 3253 3681 κλαίειν
3294 3625 3432 3696 μετά
3486 3625 3782 3683 κλαιόντων

520 3703 890 3774 gaudentibus
945 3701 1214 3773 gaudere;
1278 3703 1397 3768 sed,
1444 3711 1505 3758 ut
1554 3720 1640 3760 res
1685 3704 1887 3772 ferunt,
1930 3707 2093 3777 hujus

521 3781 672 3865 legis
706 3807 836 3864 pars
888 3793 1061 3847 altera
1118 3799 1330 3848 tantum
1373 3795 1517 3866 apud
1573 3810 1674 3852 nos
1733 3797 1879 3869 viget
1923 3814 1936 3850 :
1982 3799 2093 3853 rari

519 3884 668 3939 ettim
703 3882 997 3938 admodum
1042 3890 1173 3938 sunt
1206 3885 1300 3955 qui
1355 3899 1554 3941 securo
1584 3894 1749 3957 atque
1782 3887 1951 3944 alacri
1982 3889 2093 3944 sint

518 3978 728 4041 animo,
754 3983 812 4030 ut
835 3974 996 4031 facile
1019 3975 1257 4031 inveniri
1299 3986 1578 4048 nequeant
1604 3980 1697 4049 qui
1722 3993 1824 4034 nos
1851 3979 2091 4035 felicium

518 4069 878 4138 laetarumque
904 4081 1088 4122 rerum
1113 4068 1411 4139 participes
1441 4068 1682 4136 faciant;
1736 4086 1926 4126 eorum
1961 4088 2091 4127 vero

517 4158 613 4227 qui
647 4170 805 4213 secus
833 4169 895 4213 se
921 4157 1149 4223 habent,
1170 4159 1451 4215 uberrima
1484 4167 1570 4216 est
1596 4161 1775 4231 copia.
1808 4160 1935 4219 Haec
1956 4179 2095 4233 prae—

520 4245 618 4300 fati
651 4261 844 4303 sumus
867 4256 1090 4319 propter
1118 4245 1393 4305 infelicem
1413 4250 1759 4320 tragoediam,
1785 4267 1947 4322 quam
1977 4270 2093 4308 ma-

522 4340 608 4399 lus
636 4336 861 4408 quidam
910 4338 1124 4394 daemon
1155 4338 1424 4397 adversus
1455 4341 1582 4397 illos
1606 4357 1839 4411 quorum
1871 4345 2097 4415 integer-

521 4430 661 4482 rima
699 4442 919 4498 seraper
958 4430 1072 4485 vita
1120 4429 1247 4497 fuit,
1283 4432 1561 4487 excitavit.
1600 4431 1807 4490 Nobilis
1849 4433 2089 4504 juvenis,

520 4518 788 4588 Synesius
830 4519 1072 4587 nomine,
1112 4536 1178 4577 ex
1226 4522 1555 4594 cognatione
1598 4533 1811 4591 nostra,
1866 4526 1922 4580 in
1973 4526 2093 4595 ipso

518 4609 696 4664 aetatis
727 4608 859 4664 ﬂore
897 4617 951 4665 et
979 4611 1221 4666 nondum
1254 4613 1367 4668 fere
1395 4612 1559 4668 vitam
1589 4630 1846 4680 exorsus,
1894 4618 1948 4672 in
1981 4634 2091 4674 ma-

519 4701 640 4769 gnis
664 4700 923 4769 periculis
946 4711 1197 4758 versatur
1225 4718 1291 4759 ex
1318 4705 1520 4774 quibus
1575 4706 1727 4760 illum
1755 4708 1965 4778 eripere
1991 4725 2084 4767 so-

520 4792 605 4847 lus
634 4789 777 4846 Deus
821 4799 1022 4861 potest,
1065 4807 1129 4848 ae
1177 4802 1303 4863 post
1347 4794 1515 4851 Deum
1562 4804 1641 4860 tu,
1674 4798 1761 4851 cui
1813 4798 1879 4854 de
1914 4811 2090 4859 morte

590 5014 702 5096 (24)
723 5013 866 5096 Nota
894 5030 1098 5096 morem
1126 5017 1479 5096 construendi
1509 5020 1694 5090 longas
1715 5025 1976 5096 porticus,
2002 5041 2096 5094 per

518 5099 657 5154 quas
679 5085 781 5140 iter
802 5085 867 5139 ad
896 5085 1153 5159 majorem
1186 5087 1469 5142 ecclesiam
1495 5085 1731 5159 pateret,
1763 5092 1946 5148 Romae
1961 5085 2089 5149 olim

520 5153 819 5228 servatum,
857 5155 998 5223 apud
1032 5153 1259 5228 Nyssam
1290 5153 1510 5226 quoque
1524 5160 1780 5228 viguisse,
1825 5164 1948 5218 licet
1970 5179 2089 5219 eam

518 5221 801 5304 Nyssenus
838 5221 1099 5304 Aparvam'
1132 5221 1520 5282 fuisse‘urbem
1548 5221 1605 5282 ἰιῖ
1628 5229 1727 5284 hac
1755 5221 1941 5288 eadem
1975 5234 2089 5304 epi-

520 5293 661 5349 Stola
694 5300 945 5348 tentetur.

595 5362 708 5440 (35)
734 5362 874 5428 Περὶ
1100 5365 1588 5440 πείτυκνωμένος.
1627 5368 1759 5423 Cod.
1789 5370 1928 5440 Med.
1968 5373 2098 5440 περὶ

521 5432 669 5503 ipsi;
699 5431 1133 5503 πεπυκνωμένοι.
1166 5431 1336 5486 Paulo
1366 5431 1493 5488 ante
1525 5450 1745 5503 pravam
1794 5438 1915 5495 Vat.
1953 5431 2096 5496 codi-

520 5499 604 5577 cis
635 5499 921 5577 lectionem
968 5499 1282 5577 'Z_acagnius
1326 5515 1474 5558 recte
1524 5499 1855 5577 emendavit,
1900 5512 2099 5566 rcsvri-

520 5570 659 5624 bene
688 5568 928 5644 ἐθλίόετο
960 5568 1315 5644 νέφοςῖςιυω
1343 5584 1428 5629 est
1449 5574 1668 5644 quidem
1702 5568 1925 5635 Medicei
1959 5580 2098 5636 scri-

520 5650 702 5709 ptura.
729 5639 975 5709 Canace.
997 5653 1117 5709 pag.
1148 5639 1238 5696 95.
1402 5680 1405 5685 .

591 5654 702 5694 ura.
729 5654 964 5694 LABACC.
997 5654 1060 5705 pa
1103 5679 1117 5693 .
1148 5654 1238 5696 tta.
1402 5680 1405 5685 .

591 5707 703 5782 (26)
734 5708 921 5778 Μόγις
952 5708 1037 5766 δέ.
1065 5654 1150 5767 id.
1184 5709 1309 5766 cod.
1344 5711 1503 5782 μόγις
1527 5730 1607 5770 τε.
1645 5714 1767 5772 Mox
1815 5735 1945 5778 vero
1997 5741 2093 5779 πε..

516 5779 864 5851 ριρρεόντων.

2202 3711 2528 3782 νομοθετῶν,
2552 3716 2648 3768 καὶ
2679 3714 2992 3786 συγχαίρειν
3017 3718 3126 3779 τοῖς
3152 3715 3430 3787 χαίρουσιν
3446 3732 3461 3749 ο
3489 3717 3623 3772 ἀλλά
3642 3720 3783 3775 ντοὺο

2200 3819 2328 3868 των,
2352 3802 2426 3866 ὡς
2459 3802 2621 3868 ἔοικε,
2668 3803 2729 3857 τὸ
2774 3805 2957 3877 ¹ἕτερον
3009 3807 3093 3875 ἐφ’
3131 3808 3261 3877 ἡμῖν
3288 3807 3400 3879 (50)
3430 3807 3527 3878 τῆς
3555 3810 3781 3879 νομοθε-

2203 3891 2319 3955 σίας
2347 3894 2567 3965 ἐνεργόν
2603 3897 2719 3948 ἐστι
2766 3896 2954 3967 μόνον·
2987 3896 3152 3968 πολλὴ
3189 3897 3297 3969 γὰρ
3342 3898 3450 3951 τῶν
3480 3900 3781 3970 εὐθυμούν-

2200 4001 2309 4038 των
2335 3988 2368 4054 η
2402 3988 2615 4052 σπάνις,
2652 3988 2727 4051 ὡς
2775 3988 2848 4058 μὴ
2899 3988 3041 4059 ἔχειν
3075 3991 3252 4059 εὑρεῖν
3299 3990 3493 4060 ῥᾳδίως
3531 3991 3642 4043 τίσι
3668 3992 3780 4046 τῶν

2202 4077 2420 4146 ἀγαθῶν
2448 4079 2945 4151 συμμετάσχωμεν·
2976 4082 3082 4135 τῶν
3109 4081 3165 4135 δὲ
3193 4080 3267 4144 ὡς
3296 4081 3480 4151 ἕτερον
3512 4085 3780 4152 πραττόν-

2191 4185 2316 4234 των,
2367 4168 2595 4238 ἀφθονία
2621 4191 2625 4194 ’
2648 4171 2838 4242 πολλή.
2876 4173 3057 4227 Ταῦτα
3097 4176 3517 4247 προοιμιάζομαι
3553 4175 3639 4230 διὰ
3675 4177 3781 4243 τὴν

2191 4258 2431 4329 δυστυχῆ
2466 4260 2795 4331 τραγῳδίαν,
2826 4263 2892 4333 ἣν
2924 4266 3153 4336 πονηρός
3202 4285 3286 4330 τις
3329 4268 3533 4338 δαίμων
3572 4269 3631 4322 ἐν
3661 4272 3779 4332 τοῖς

2193 4348 2358 4402 πάλαι
2388 4349 2498 4421 (51)
2528 4353 2770 4422 γνησίοις
2813 4354 3311 4429 ἐδραματούργησε.
3361 4361 3497 4424 Νέος
3538 4360 3645 4415 τῶν
3681 4361 3778 4413 εὑ-

2197 4440 2495 4511 πατριδῶν,
2545 4443 2927 4514 Συνέσιοςῶἳ)
2959 4447 3129 4518 ὄνομα
3177 4449 3346 4520 αὑτῷ,
3378 4451 3477 4505 οὐκ
3524 4451 3627 4516 ἔξω
3682 4451 3779 4505 τοῦ

2200 4532 2334 4602 ἐμοῦ
2367 4532 2574 4601 γένους,
2605 4535 2662 4587 ἐν
2689 4536 2838 4606 ἀκμῇ
2881 4535 2980 4606 τῆς
3019 4537 3251 4608 ἡλικίας,
3285 4539 3437 4594 οὑπω
3467 4541 3649 4612 σχεδὸν
3680 4542 3778 4596 τοῦ

2199 4622 2297 4693 ξῇν
2324 4621 2645 4694 ἀρξάμενος,
2681 4626 2737 4678 ὲν
2772 4627 3023 4695 μεγάλοις
3073 4626 3335 4694 κινδύνοις
3377 4632 3544 4697 ἐστὶν,
3587 4633 3646 4687 δν
3683 4633 3777 4699 ἐξ·

2198 4714 2411 4767 ελέσθαι
2443 4714 2601 4785 μόνος
2642 4718 2669 4770 ό
2710 4716 2842 4782 Θεὸς
2889 4721 3040 4790 ἰσχὺν
3068 4722 3200 4793 ἔχει,
3233 4724 3325 4778 κα)⁵
3362 4724 3497 4795 μετά
3530 4726 3618 4779 τὸν
3643 4725 3778 4779 Θεὸν

2200 4806 2287 4871 σὺ,
2327 4808 2354 4859 ὁ
2388 4808 2486 4877 τὴν
2532 4809 2657 4877 περὶ
2701 4809 2928 4865 θανάτου
2962 4816 3055 4868 καὶ
3088 4813 3233 4887 ζωῆς
3264 4816 3442 4888 ψῆφον
3478 4835 3777 4872 πεπιστευ-

2272 5033 2787 5134 (ξξὶΑέξΞὶ-στώου.
2814 5044 2952 5099 Med.
2986 5048 3113 5117 περὶ
3134 5044 3325 5101 στὼου.
3354 5045 3418 5102 Ει
3448 5063 3570 5104 mox
3594 5050 3777 5120 ῥύακα

2200 5130 2270 5141 ·-·
2300 5122 2324 5155 ε
2334 5122 2576 5165 ισρεοντα
2586 5153 2597 5165 .

2276 5123 2758 5260 (Ξθῗτέῗῗςίξρης.
2794 5184 2868 5238 ltl.
2908 5185 3031 5240 cod.
3061 5188 3125 5240 ὲκ
3178 5185 3369 5257 κηροῦ.
3419 5185 3586 5243 Paulo
3624 5200 3774 5260 post,

2198 5242 2354 5320 ἐντὸς
2445 5242 2656 5320 ’γενόμε
2664 5242 2770 5316 νος.

2419 5313 2874 5401 Ἰξπισὶιμιξςοίί..
2899 5323 3037 5378 Med.
3068 5327 3385 5401 inscribitur
3434 5327 3605 5398 Ίερίῳ
3641 5332 3771 5401 ἡγε-

2200 5382 2375 5467 μόΥὲ,ί,
2401 5394 2604 5467 ‘31““30.
2740 5393 3103 5467 δ,ιΞ¹ιί,¹¹¹Ν’‹ξθι·‹›
3134 5398 3315 5467 Νόμος
3332 5415 3432 5460 τις.
3507 5382 3517 5398 ’
3577 5384 3589 5398 ’
3661 5382 3700 5401 ’ί
3723 5382 3740 5384 -
3772 5455 3777 5458 .

2199 5456 2547 5591 ﬁgat-Ea
2572 5459 2733 5528 ἡμῖν.
2771 5463 2908 5518 Med.
2948 5465 3031 5532 ἐφ’
3071 5456 3234 5536 apati.
3289 5456 3456 5521 Paulo
3505 5477 3661 5538 post,

2274 5593 2616 5730 (§1)Hd.lat.
2660 5598 2795 5652 Med.
2825 5601 2983 5655 πάνυ.
3021 5601 3169 5669 Mox,
3217 5607 3466 5671 Συνέσιος
3508 5606 3771 5678 τοῦνομα.

2300 5664 2388 5729 02)
2445 5664 2614 5730 Hujus
2668 5669 2914 5730 Syrtesii,
2978 5670 3225 5730 NVSst-no
3300 5679 3771 5730 consattauinitatu

2300 5664 2388 5740 5_2)
2445 5664 2914 5747 flujus__S_vuesii,
2978 5664 3225 5747 Nysscno
3300 5664 3775 5747 consaugttinii:tte

2206 5738 2508 5819 conjuncti,
2548 5738 2728 5819 _nulla,
2770 5741 2914 5819 quod
2966 5738 3169 5819 sciam,
3205 5747 3346 5819 apud
3387 5738 3550 5801 alium
3578 5765 3773 5818 quem-

2215 5805 2362 5871 piam
2398 5805 2716 5875 scriptorem
2752 5805 2952 5866 mentio
2994 5805 3243 5869 habetur;
