4092 6368
268 331 407 384 ίοξόῗ

1437 324 1822 378 EI'ISTOLA‘I.
1860 356 1928 364 —
1965 325 2210 381 EPIIST.
2257 326 2386 379 Vill.

3380 328 3516 385 1058

272 445 450 516 μένος.
483 443 812 514 Δυστύχημα
843 442 1063 511 γέγονεν
1095 440 1344 495 ἀκούσιον
1371 455 1384 470 ·
1421 439 1505 504 τίς
1536 440 1580 492 δ’
1611 440 1677 493 ἂν
1710 438 1851 492 ἑκὼν

1976 457 2019 495 ιο
2051 441 2158 493 vita
2177 438 2497 508 suffragium
2529 439 2797 493 creditum
2827 448 2933 493 est.
2955 439 3324 496 lnvoiuntarie
3350 441 3524 495 infor-

267 537 660 607 δυστυχήσειε;
711 533 820 586 Καὶ
860 531 955 586 νῦν
989 533 1236 602 ἔγκλημα
1267 532 1364 602 τὴν
1412 531 1699 600 δυστυχίαν
1747 548 1845 582 πε-

269 628 520 697 ποίηνται
559 626 609 679 ot
643 625 763 678 κατ’
814 623 979 677 αὐτοῦ
1016 623 1112 694 τὴν
1147 623 1489 677 ὲπιθανάτιον
1543 622 1744 691 ταύτην
1773 621 1848 672 δί-

268 737 370 791 κην
419 719 800 788 συστήσαντες.
848 717 985 768 Ἀλλ’
1039 715 1277 778 ἐκείνους
1327 714 1425 785 μὲν
1473 714 1618 776 ίδίοις
1669 712 1848 783 γράμ-

271 829 405 880 μασι
435 809 756 877 καθυφεῖναι
793 807 890 878 τῆς
920 808 1086 878 ὀργῆς
1130 806 1443 876 δυσωπῆσαι
1485 804 1844 875 πειράσομαν

268 902 330 953 τὸ
367 901 424 954 δὲ
471 899 560 952 σὺν
589 897 813 968 εὐμενὲς
847 898 984 966 μετὰ
1031 895 1125 948 τοῦ
1155 896 1361 949 δικαίου
1402 895 1496 948 καὶ
1537 894 1650 965 μεθ’
1693 894 1849 963 ἡμῶν

269 993 517 1061 γενέσθαι
545 988 865 1060 παρακαλῶ,
896 990 1042 1051 ὅπως
1075 987 1139 1040 ἂν
1177 986 1271 1056 τὴν
1295 985 1583 1053 ἀθλιότητα
1608 983 1699 1036 τοῦ
1730 982 1849 1035 νέου

270 1089 304 1155 ἡ
360 1085 426 1153 σὴ
476 1080 850 1154 φιλανθρωπία
898 1081 1155 1149 νικήσειε,
1193 1078 1374 1129 πᾶσαν
1417 1074 1663 1145 μηχανὴν
1699 1072 1850 1138 ἐξευ-

273 1174 460 1242 ροῦσα,
492 1172 558 1226 δι’
603 1167 670 1242 ἧς
717 1171 820 1238 ἔξω
868 1169 1124 1224 κινδύνων
1155 1167 1307 1220 ἔσται
1335 1168 1363 1218 ὁ
1398 1167 1530 1228 νέος,
1560 1165 1650 1217 τὸν
1690 1180 1852 1231 πονη-

274 1267 366 1337 ρὸν
399 1267 522 1319 κατ’
560 1263 722 1318 αὑτοῦ
767 1263 994 1333 δαίμονα
1022 1261 1108 1314 διὰ
1145 1260 1242 1330 τῆς
1283 1259 1383 1328 σῆς
1433 1255 1746 1326 συμμαχίας
1775 1271 1853 1306 νι-

273 1357 468 1426 κήσας.
503 1355 687 1407 Πάντα
716 1350 864 1406 εἷπον
897 1353 954 1403 ὲν
987 1349 1279 1418 κεφαλαίῳ,
1313 1347 1347 1401 ά
1381 1345 1666 1416 βούλομαι’
1703 1343 1764 1395 τὸ
1796 1341 1851 1394 δὲ

276 1447 396 1499 καθ’
446 1447 671 1499 ἕκαστον
712 1443 1075 1504 ὑποτίθεσθαι,
1113 1441 1260 1502 ὅπως
1299 1440 1365 1491 ἂν
1395 1434 1760 1505 κατορθωθείη
1794 1432 1854 1485 τὸ

278 1538 724 1606 σπουδαζόμενον,
756 1535 876 1590 οὗτε
918 1535 1048 1605 ἐμὸν
1077 1532 1141 1586 ἂν
1175 1533 1258 1602 εἴη
1286 1530 1346 1583 τδ
1376 1529 1572 1597 λέγειν,
1599 1525 1722 1580 οὔτε
1763 1526 1852 1578 σὺν

273 1629 339 1681 τὸ
369 1627 728 1682 διδάσκεσθαι.

767 2053 1111 2109 ΕΠιΣτοΑιι
1143 2054 1204 2105 H'
1232 2051 1363 2121 (εδ).

1955 531 2171 585 tunittm
2198 530 2416 583 accidit.
2441 529 2575 595 Quis
2601 529 2744 584 enim
2771 539 2962 600 sponte
2986 547 3084 585 sua
3109 529 3294 586 infelix
3318 531 3436 586 est?
3461 531 3526 585 Iit

1956 636 2102 676 nunc
2133 620 2494 676 infortunium
2537 620 2687 675 istud
2732 621 2953 675 crimini
2990 630 3208 677 vertunt
3237 622 3332 692 qui
3370 623 3523 676 illum

1956 714 2036 767 rei
2067 713 2316 782 capitalis
2343 721 2690 768 accusarunt.
2715 712 2820 768 Sed
2845 727 2940 768 eos
2967 714 3208 782 quidem,
3244 716 3324 768 ira
3355 715 3523 784 depu-

1957 805 2088 866 sita,
2121 805 2281 860 mites
2317 813 2674 874 pacatosque,
2710 805 2895 862 missis
2929 806 2994 859 ad
3025 805 3272 874 singulos
3305 806 3524 871 litteris,

1959 897 2190 952 reddere
2235 897 2477 952 conabor
2508 916 2521 951 :
2561 905 2619 952 at
2647 912 2776 951 vero
2819 897 3107 952 clementia
3139 907 3254 960 tua,
3281 913 3404 952 cum
3435 898 3527 966 jn-

1960 989 2110 1044 stitia
2137 987 2455 1057 conjuncta,
2488 1003 2558 1042 ne
2586 1003 2616 1041 a
2650 989 2808 1042 nobis
2848 989 2950 1043 hac
2988 989 3042 1042 in
3083 1004 3141 1044 re
3181 988 3529 1044 desideretur

1956 1081 2117 1135 enixe
2159 1095 2313 1150 rogo,
2353 1087 2414 1134 ut
2446 1079 2658 1135 scilicet
2705 1079 3012 1149 benignitas
3041 1087 3132 1134 tua
3164 1079 3528 1134 adolescentis

1958 1167 2142 1218 vim-at
2171 1167 2558 1228 calamitatem,
2593 1167 2726 1220 nihil
2755 1168 3078 1222 intentatum
3107 1169 3384 1232 amittens,
3417 1183 3528 1238 quo

1958 1255 2299 1318 adolescens,
2341 1271 2442 1325 ope
2468 1266 2557 1310 tua
2584 1257 2836 1326 improbo
2867 1257 2961 1310 illo
2995 1259 3157 1327 genio
3195 1258 3298 1313 sibi
3331 1258 3528 1312 adver-

1961 1356 2116 1400 sante
2151 1357 2429 1416 superato,
2470 1357 2627 1402 extra
2656 1348 2994 1404 discriminis
3019 1350 3191 1404 aleam
3221 1350 3526 1404 constitua-

1962 1443 2068 1487 tur.
2129 1435 2259 1499 Quae
2307 1435 2525 1488 animus
2571 1445 2691 1489 erat
2745 1436 2949 1500 dicere,
3003 1438 3191 1506 paucis
3239 1445 3530 1492 exsecutus

1960 1540 2119 1588 sum;
2181 1541 2287 1593 qua
2344 1542 2473 1579 vero
2531 1527 2742 1580 ratione
2793 1528 2896 1582 rite
2956 1538 3211 1596 recteque
3252 1527 3528 1597 negotium

1961 1615 2146 1685 perfici
2196 1625 2396 1684 queat,
2448 1631 2550 1671 nec
2597 1632 2774 1672 meum
2815 1628 2905 1672 est
2957 1617 3178 1682 dicere,
3236 1633 3338 1674 nec
3378 1629 3528 1672 tuum

1963 1709 2168 1762 doceri.

2491 2050 2828 2108 EPISTULA
2864 2056 3000 2112 VIII.

879 2230 1098 2302 Scripta
1130 2231 1199 2284 ad
1237 2230 1543 2299 Cynegium,
1573 2238 1630 2282 ut
1662 2228 1882 2283 videtur.
1929 2227 2055 2280 Vide
2089 2229 2374 2296 superioris
2409 2230 2643 2297 ρρὶδιοιω
2675 2234 2943 2299 synopsin.

361 2416 482 2486 Ἐφ’
507 2408 551 2483 ᾧ
583 2413 815 2485 μάλιστα
869 2411 1018 2480 παρὰ
1060 2410 1166 2462 τῶν
1212 2409 1388 2477 σοφῶν
1417 2411 1446 2462 ὁ
1479 2408 1730 2478 βασιλεὺς
1759 2407 1866 2460 τῶν

2040 2408 2155 2474 Qua
2201 2411 2255 2463 in
2299 2427 2357 2466 re
2397 2427 2650 2482 magnum
2709 2413 2859 2467 illum
2926 2413 3285 2469 Macedonum
3353 2431 3534 2486 regem

280 2508 606 2562 Μακεδόνων
633 2503 970 2574 θαυμάζεται
999 2499 1368 2570 (θαυμάζεται
1391 2501 1496 2572 γὰρ
1520 2501 1581 2552 ού
1615 2499 1864 2553 τοσοῦτον

282 2603 394 2662 τοῖς
436 2598 694 2668 Μηδικοῖς
745 2596 964 2664 τρόποις
1020 2594 1154 2663 (54),
1197 2591 1318 2644 οὐδὲ
1365 2593 1476 2654 τοῖς
1517 2591 1753 2651 Ἰνδικοῖς
1805 2606 1864 2641 τε

283 2693 380 2746 καὶ
421 2690 547 2761 περ).
579 2689 668 2742 τὸν
695 2687 930 2740 ὠκεανὸν
956 2687 1307 2755 διηγήμασιν,
1331 2684 1452 2735 ὅσον
1472 2683 1563 2734 ἐπὶ
1591 2680 1668 2750 τῷ
1698 2683 1871 2733 εἰπεῖν

286 2785 376 2839 τὸν
408 2781 675 2850 θησαυρὸν
711 2781 768 2832 ὲν
796 2781 906 2841 τοῖς
937 2775 1109 2844 φίλοις
1143 2774 1336 2844 ἔχειν),
1367 2771 1549 2842 τολμῶ
1577 2771 1673 2825 καὶ
1713 2771 1874 2834 αὐτὸς

288 2879 347 2928 ὲν
385 2875 462 2945 τῷ
494 2873 646 2944 μέρει
690 2871 862 2939 τούτῳ
905 2872 1016 2930 τοῖς
1070 2867 1277 2920 ἐκείνου
1324 2865 1594 2935 θαύμασιν
1637 2862 1872 2933 ἐμαυτὸν

290 2967 614 3036 άντεπᾶραι,
638 2963 730 3016 καί
756 2979 842 3032 μοι
869 2960 1163 3031 προσήκειν
1185 2957 1274 3011 τὸν
1296 2955 1532 3010 τοιοῦτον
1559 2954 1740 3025 μέλλει
1759 2952 1874 3022 (55)

290 3058 446 3125 λόγον
477 3058 667 3108 εἰπεῖν.
702 3053 824 3106 Ὅτι
872 3051 927 3104 δὲ
976 3047 1189 3102 πλουτῶ
1231 3049 1297 3118 τῇ
1341 3046 1511 3115 φιλίᾳ,
1560 3045 1654 3097 καὶ
1704 3045 1875 3112 ὑπερ-

291 3151 431 3221 αίρω
477 3148 553 3217 τῷ
586 3144 808 3214 τοιούτῳ
860 3144 1100 3212 κτήματι
1152 3141 1291 3210 τάχα
1333 3140 1426 3192 καὶ
1469 3137 1631 3200 αὐτὸς
1673 3138 1878 3189 ἐκεῖνον

291 3242 383 3293 τὸν
448 3239 540 3290 ἐπὶ
579 3235 752 3304 τούτῳ
811 3230 1330 3303 μεγαλαυχούμενον.
1380 3227 1476 3291 Τίς
1529 3228 1638 3297 γὰρ
1687 3224 1880 3293 ἐκείνῳ

291 3323 530 3386 τοιοῦτος
563 3322 732 3390 φίλος,
760 3316 870 3383 οἷος
916 3319 1037 3388 ἐμοὶ
1081 3320 1167 3379 σὺ,
1192 3316 1280 3370 διὰ
1321 3317 1537 3369 πάντων
1584 3316 1642 3368 ὲν
1668 3315 1880 3385 ἑκάστῳ

295 3416 394 3483 τῆς
431 3416 630 3484 ἀρετῆς
667 3412 794 3465 εἴδει
831 3410 965 3481 πρὸς
995 3409 1186 3462 ἑαυτὸν
1218 3408 1626 3478 άμιλλώμενος;
1660 3405 1882 3467 Πάντως

299 3508 408 3576 γάρ
440 3508 539 3559 οὐκ
568 3506 632 3559 ἄν
659 3522 742 3566 τις
780 3503 924 3572 ἐμοὶ,
957 3501 1128 3555 ταῦτα
1175 3501 1384 3567 λέγοντι
1425 3498 1558 3568 (56),
1595 3497 1882 3551 κολακείαν

301 3596 666 3659 ἐπικαλέσειε,
699 3595 835 3664 πρός
857 3610 915 3646 τε
947 3593 1044 3662 τὴν
1073 3592 1286 3662 ἠλικίαν
1317 3591 1416 3660 τὴν
1448 3590 1586 3660 ἐμὴν
1628 3589 1720 3640 καὶ
1750 3587 1882 3657 πρὸς

298 3690 391 3741 τδν
423 3688 513 3740 σὸν
543 3688 654 3757 βίον
687 3685 927 3756 βλέπων’
959 3684 1157 3754 ἔξωρος
1185 3701 1244 3735 τε
1279 3682 1386 3752 γὰρ
1419 3681 1516 3751 ἤδη
1552 3679 1688 3749 πρὸς
1724 3678 1883 3731 κολαο

301 3781 455 3834 λείαν
483 3782 516 3850 ἡ
551 3779 730 3842 πολιὰ,
761 3779 856 3831 καὶ
901 3777 963 3829 τὸ
1007 3777 1182 3846 γῆρας
1223 3776 1303 3837 είς
1347 3774 1589 3827 θωπείαν
1626 3771 1885 3838 άνεπιτή·

1971 2500 2248 2567 sapientes
2299 2500 2650 2570 potissimum
2717 2503 3030 2572 suspiciunt
3067 2514 3230 2569 atque
3267 2504 3542 2560 admiran-

1973 2597 2092 2654 tur;
2143 2591 2284 2660 apud
2335 2607 2430 2646 eos
2477 2594 2678 2663 quippe
2723 2593 3076 2649 admirationi
3129 2596 3379 2659 habetur,
3428 2613 3539 2651 non

1972 2689 2083 2734 tant
2118 2681 2188 2735 ob
2219 2683 2477 2736 victorias
2515 2682 2582 2736 de
2612 2681 2782 2737 Medis
2832 2685 3030 2740 relatas
3050 2723 3064 2745 .
3119 2685 3197 2738 vel
3229 2685 3299 2740 ob
3329 2702 3391 2740 ea
3421 2702 3542 2756 qua

1975 2774 2043 2829 de
2069 2775 2234 2830 rebus
2277 2776 2346 2830 ab
2385 2776 2504 2844 ipso
2532 2775 2586 2828 in
2620 2774 2772 2828 India
2808 2784 2861 2830 et
2887 2777 3035 2830 circa
3068 2775 3344 2832 Oceanum
3374 2786 3540 2848 gestis

1974 2873 2304 2930 narrantur,
2359 2881 2523 2935 quam
2576 2865 2719 2935 quod
2745 2865 2948 2921 dixerit
2993 2881 3057 2922 se
3101 2867 3154 2921 in
3184 2869 3377 2924 amicis
3419 2871 3542 2924 the

1975 2972 2201 3012 saurum
2236 2957 2556 3028 possidere:
2608 2973 2736 3027 qua,
2768 2957 3014 3028 inquam,
3057 2959 3113 3013 in
3155 2975 3213 3015 re
3247 2962 3538 3016 maximam

1978 3047 2070 3103 ille
2095 3048 2180 3104 sui
2206 3047 2627 3104 admirationem
2655 3049 2973 3116 concitavit,
3003 3065 3066 3104 ea
3094 3051 3284 3121 utique
3310 3062 3367 3106 et
3397 3053 3535 3122 ipse,

1979 3154 2134 3208 aeque
2163 3153 2228 3193 ac
2262 3139 2372 3205 ille,
2407 3138 2590 3194 efferri
2615 3139 2762 3194 haud
2792 3155 3009 3206 vereor,
3045 3149 3102 3195 et
3129 3155 3240 3196 non
3270 3141 3546 3198 immerito

1980 3235 2250 3291 aﬂirmare
2291 3249 2515 3305 possum
2559 3234 2779 3290 effatum
2824 3235 2956 3289 illud
2992 3235 3313 3290 mihietiam
3341 3251 3546 3290 conve-

1982 3327 2139 3390 nire;
2191 3340 2314 3379 nam
2361 3340 2486 3381 eum
2526 3341 2722 3397 magna
2763 3327 2894 3380 mihi
2929 3327 3001 3382 sit
3039 3327 3340 3382 amicorum
3369 3329 3545 3397 copia,

1984 3418 2217 3472 fortasse
2267 3424 2322 3470 et
2371 3415 2522 3470 illum
2567 3416 2635 3470 de
2671 3417 2740 3470 iis
2788 3432 2849 3471 se
2901 3417 3186 3487 magniﬁce
3224 3417 3544 3486 iactantem,

1983 3506 2297 3563 eorumdem
2345 3521 2574 3561 numero
2613 3515 2774 3574 atque
2829 3508 3140 3575 praestantia
3182 3508 3342 3578 longe
3390 3518 3544 3562 ante-

1992 3599 2148 3652 cello.
2189 3597 2324 3662 Quis
2359 3598 2503 3651 enim
2559 3597 2634 3651 illi
2680 3607 2786 3650 tam
2841 3599 3072 3660 amicus,
3120 3615 3281 3668 quant
3325 3607 3384 3653 tu
3419 3601 3549 3655 mihi

1982 3706 2065 3753 es,
2117 3691 2210 3759 qui
2263 3689 2318 3742 in
2364 3691 2513 3743 omni
2557 3690 2814 3742 virtutum
2865 3704 3064 3760 genere
3114 3705 3328 3760 semper
3359 3700 3553 3746 temet-

1997 3782 2176 3850 ipsum
2233 3795 2491 3850 superare
2556 3781 2884 3834 contendis?
2942 3782 3127 3852 Neque
3181 3783 3326 3837 enim
3396 3789 3553 3852 quis-

299 3874 461 3932 δειον,
498 3872 580 3924 σοί
605 3888 686 3933 τε,
723 3871 815 3923 καὶ
855 3869 903 3921 εί
945 3870 1001 3920 ὲν
1031 3867 1148 3936 ὥρᾳ
1175 3866 1268 3919 τοῦ
1306 3864 1620 3919 κολακεύειν
1649 3859 1699 3916 εἶ
1730 3879 1873 3926 ποτε,

1989 3873 2131 3942 piam
2169 3887 2253 3925 me
2298 3872 2400 3925 ista
2435 3871 2704 3925 dicentem
2755 3873 3140 3926 assentationis
3189 3876 3550 3937 accusaverit,

300 3966 330 4015 ὁ
374 3964 590 4024 ἔπαινος
642 3961 776 4032 πρὸς
824 3958 1086 4027 ὑπόληψιν
1137 3957 1425 4018 κολακείας
1464 3955 1525 4007 οὐ
1563 3953 1884 4015 κατέπιπτε,

300 4053 396 4104 τοῦ
461 4051 576 4120 βίου
634 4050 740 4120 πρὸ
779 4047 887 4100 τῶν
930 4046 1102 4113 λόγων
1159 4044 1466 4104 δεικνύντος
1508 4043 1600 4094 τὸν
1650 4041 1884 4093 ἔπαινον.

317 4145 454 4196 Ἀλλ’
499 4141 691 4210 ἐπειδὴ
719 4142 834 4202 τοῖς
877 4138 1059 4201 καλοῖς
1114 4134 1484 4188 πλουτούντων
1536 4127 1664 4186 ἴδιον
1710 4133 1769 4185 τὺ
1815 4133 1892 4184 εί-

305 4236 451 4289 ill-ut
483 4230 805 4301 κεχρῆσθαι,
829 4223 910 4291 οἷς
942 4228 1053 4297 ἔχει
1084 4227 1219 4297 (5⁸7)·
1254 4225 1448 4295 ἀρίστη
1483 4224 1538 4276 δὲ
1556 4224 1748 4293 χρῆσις
1775 4223 1882 4274 τῶν

311 4324 641 4396 περώντων,
680 4321 746 4373 τά
768 4319 879 4388 (58)
927 4318 1081 4370 κοινά
1125 4316 1434 4388 προτιθέναι
1490 4317 1601 4377 τοῖς
1649 4313 1820 4381 φίλοις
1853 4312 1889 4365 ά

309 4413 521 4480 ἔχουσι·
571 4409 721 4478 φίλος
769 4407 825 4460 δέ
880 4424 968 4476 μοι
1018 4405 1236 4458 πάντων
1293 4404 1525 4474 μάλιστα
1571 4403 1658 4454 διὰ
1708 4403 1888 4472 πάσης

310 4501 657 4571 γνησιότητος
715 4498 1188 4570 συνηρμοσμένος,
1246 4497 1274 4547 ὁ
1341 4495 1712 4556 ποθεινότατος
1775 4493 1888 4555 υίὸς

326 4593 686 4664 Ἀλέξανδρος
717 4590 1092 4661 παρακλήθητι
1120 4588 1288 4652 δεῖξαι
1325 4586 1471 4656 αὐτῷ
1503 4586 1592 4638 τὸν
1628 4586 1758 4654 ἐμὸν
1791 4584 1888 4654 θη-

317 4681 544 4754 σαυρόν⁶
599 4680 694 4734 καὶ
751 4679 824 4750 μὴ
883 4677 1049 4743 δεῖξαι
1105 4677 1286 4747 μόνον,
1335 4677 1469 4730 ἀλλὰ
1513 4677 1604 4729 καὶ
1654 4675 1890 4744 δαψιλῶς

317 4775 614 4843 παρασχεῖν
642 4771 1038 4842 ἐμφορηθῆναι,
1088 4769 1163 4839 τῷ
1205 4770 1498 4840 προστῆναι
1547 4768 1708 4820 αὐτοῦ
1752 4768 1888 4838 (59),

318 4867 454 4934 ὑπὲρ
485 4858 558 4917 ὧν
591 4865 734 4933 ἥκει,
767 4863 865 4931 τῆς
913 4862 1012 4931 σῆς
1059 4861 1389 4930 προστασίας
1437 4860 1687 4926 δεόμενος
1707 4877 1720 4890 ο
1748 4858 1888 4922 λέξει

317 4959 370 5010 δὲ
402 4959 466 5010 δι’
505 4956 694 5010 ἑαυτοῦ
715 4957 782 5009 τά
813 4955 1008 5008 πάντα.
1039 4954 1194 5007 Οὕτω
1231 4953 1338 5024 γάρ
1365 4955 1821 5024 εὐπρεπέστερον,
1854 4953 1887 5023 ἢ

316 5051 382 5101 τά
415 5049 535 5101 καθ’
563 5049 788 5100 ἕκαστον
827 5048 924 5116 ἐμὲ
952 5043 1201 5109 διεξιέναι
1229 5043 1306 5113 τῷ
1338 5044 1644 5114 γράμματι.

319 5143 564 5196 rander:
605 5143 724 5198 sine
759 5149 818 5195 ut
859 5154 1040 5198 meum
1084 5141 1403 5194 thesaurum
1439 5139 1543 5209 ipsi
1579 5139 1906 5204 ostendam,

391 5345 502 5409 (55)
538 5345 766 5397 Ἐπίστ.
822 5343 1090 5412 Inscripta
1121 5341 1438 5412 perhibetur
1477 5343 1532 5397 in
1580 5358 1684 5396 ms.
1745 5341 1884 5396 Med.

334 5415 700 5483 Ἀντιοχιανῷ,
733 5423 924 5483 estque
948 5411 1034 5466 VI.

395 5481 1153 5552 (54)"Fortasserlegendum
1213 5482 1527 5552 τροπαίοις,
1573 5491 1794 5552 tropaea.
1827 5511 1894 5520 -—

328 5553 758 5624 Tpéarom._Metl.
787 5551 1083 5624 τροπαίοις,
1108 5560 1165 5624 ut
1186 5551 1530 5624 conjiciebat
1571 5551 1890 5624 lat-agnitis.

397 5623 507 5690 (55)
531 5622 772 5676 Μέλλει.
798 5620 873 5674 Id.
905 5622 1025 5676 cod.
1074 5623 1291 5691 μᾶλλον.
1325 5621 1386 5673 l-It
1423 5636 1544 5691 mox
1576 5621 1736 5672 αὑτὸν
1760 5623 1894 5671 ἐκεῖ·

329 5711 434 5745 νον.
491 5691 799 5758 Pancisqne
850 5690 1171 5761 interjectis,
1216 5692 1388 5744 ταῦτα
1432 5690 1669 5757 λέγοντι,
1731 5699 1896 5758 prout

328 5763 634 5816 emendavit
669 5762 865 5815 editor.

1989 3959 2034 4012 si
2069 3958 2134 4012 ad
2179 3965 2390 4010 aetatem
2433 3972 2608 4011 meam
2657 3966 2710 4011 et
2744 3967 2898 4012 tuum
2966 3961 3178 4014 vivendi
3240 3962 3548 4015 institutum

1988 4048 2265 4117 respiciat.
2309 4046 2445 4100 Nam
2495 4055 2547 4102 et
2589 4050 2848 4104 canitiem
2892 4064 2998 4103 non
3032 4053 3187 4105 decet
3228 4055 3550 4116 assentatio,

1990 4153 2092 4192 nec
2144 4145 2404 4194 senectus
2459 4138 2758 4193 adulationi
2792 4150 2915 4208 apta
2947 4151 3061 4206 est;
3117 4142 3213 4195 tibi
3247 4152 3428 4196 autem
3457 4147 3555 4198 im-

1989 4225 2187 4295 pertita
2219 4226 2340 4281 laus
2385 4230 2736 4297 quantumvis
2770 4228 3012 4282 adulatio
3052 4244 3254 4286 nosme
3301 4237 3556 4287 conrum-

1993 4322 2078 4369 ret
2107 4315 2275 4380 aetati,
2322 4316 2374 4368 in
2411 4317 2617 4369 nullam
2658 4329 2805 4372 certe
2853 4319 3244 4373 assentationis
3275 4324 3550 4390 suspicio-

1997 4423 2118 4461 nem
2144 4407 2436 4471 incideret,
2470 4423 2594 4462 cum
2626 4408 2750 4462 vita:
2786 4417 2893 4462 tua:
2929 4410 3064 4462 ratio
3097 4411 3173 4462 nil
3201 4412 3378 4465 verbis
3402 4423 3556 4480 egeat

1995 4507 2054 4552 nt
2081 4513 2138 4553 se
2177 4499 2324 4553 omni
2369 4499 2528 4553 laude
2567 4499 2787 4568 dignam
2834 4515 2958 4555 esse
3003 4502 3277 4556 ostendat.
3324 4505 3389 4555 At
3429 4519 3558 4557 vero

1989 4604 2114 4644 cum
2179 4605 2367 4644 eorum
2419 4591 2512 4660 qui
2555 4591 2749 4646 divites
2803 4592 2942 4647 scite
2986 4593 3391 4664 prudenterque
3432 4612 3557 4651 esse

1991 4692 2228 4748 norunt,
2286 4683 2564 4753 proprium
2620 4683 2690 4736 sit
2739 4684 2879 4736 scire
2927 4684 3034 4738 illis
3090 4685 3167 4738 uti
3221 4686 3380 4740 bonis
3438 4703 3560 4754 quae

1990 4775 2308 4843 possident;
2363 4773 2601 4842 optimus
2659 4781 2844 4827 autem
2891 4775 3205 4829 divitiarum
3267 4792 3401 4830 usus
3464 4779 3557 4841 sit,

1991 4865 2197 4917 amicos
2243 4879 2432 4917 eorum
2481 4879 2600 4932 qua:
2640 4863 2987 4932 possidemus
3019 4865 3310 4933 participes
3349 4867 3560 4934 facere;

1997 4956 2129 5008 mihi
2160 4964 2338 5008 autem
2372 4956 2583 5008 amicus
2615 4955 2686 5008 sit
2709 4956 2906 5007 eximia
2935 4971 3044 5022 prae
3065 4957 3277 5010 caneris
3305 4956 3562 5010 omnibus

1999 5046 2315 5100 sinceritate
2372 5045 2724 5113 conjunctus,
2783 5045 3180 5098 dilectissimus
3247 5047 3392 5100 tilius
3447 5047 3565 5100 Ale-

1945 5156 2048 5195 nec
2080 5141 2367 5194 ostendam
2441 5139 2850 5202 tantummodo,
2901 5139 2994 5191 sed
3062 5149 3115 5192 et
3145 5139 3370 5193 elficiam
3412 5152 3468 5195 ut
3499 5157 3565 5194 eo

2066 5340 2179 5409 (56)
2207 5340 2282 5394 Ita
2310 5337 2919 5409 emendandumrensui
2961 5339 3276 5393 Vaticanum
3300 5342 3564 5405 codicem,

1998 5411 2050 5463 in
2081 5407 2196 5478 quo
2224 5411 2439 5478 legitur,
2467 5409 2648 5478 ταῦτα,
2671 5407 2864 5478 λέγων.

2062 5471 2174 5548 (57)
2205 5471 2306 5544 of;
2340 5479 2486 5545 ἔχει.
2521 5477 2709 5531 Medic.
2744 5471 2827 5538 οἷς
2860 5478 3060 5546 ἔχουσι.
3108 5479 3170 5531 Ει
3219 5481 3379 5548 paulo
3417 5491 3565 5542 ante,

1991 5550 2176 5610 καλῶς
2212 5550 2400 5600 πλουτ.

2063 5620 2177 5681 (58)
2219 5617 2340 5670 Τῶν
2374 5618 2718 5683 περιόντων,
2748 5615 2837 5667 τά.
2880 5615 2978 5671 Ms.
3029 5617 3168 5671 Med.
3215 5618 3322 5670 τῶν
3368 5617 3566 5688 παρόν·-

1990 5707 2119 5746 των.
2154 5688 2232 5740 τό.

2062 5759 2175 5826 (59)
2215 5757 2430 5811 Αὑτοῦ.
2467 5756 2542 5812 Id.
2579 5758 2704 5811 cod.
2739 5757 2940 5810 αὐτῶν·
