4092 6368
545 382 680 438 I059
1811 373 1867 427 S.
1891 370 2222 427 GREGORII
2263 369 2556 425 NYSSENI
3657 366 3797 420 lli-$0

538 498 741 552 allatim
783 496 1040 566 potiatur,
1070 492 1198 546 dum
1231 491 1383 545 illum
1413 500 1505 543 tuo
1530 488 1836 559 patrocinio
1873 485 2210 554 indigentem
2274 484 2344 538 iis
2417 484 2473 538 in
2528 485 2765 554 negotiis
2843 485 3081 539 tucbcris
3151 491 3317 555 atque
3367 483 3610 553 jttvabis,
3648 497 3794 553 quo-

536 610 660 648 rum
702 607 869 646 causa
907 589 972 643 ad
1001 596 1054 644 te
1097 586 1266 641 venit.
1305 586 1425 656 Ipse
1465 597 1645 639 autem
1682 598 1780 653 per
1820 597 1879 639 se
1913 589 2114 638 cuncta
2153 579 2452 648 indicabit;
2477 579 2551 633 ita
2583 581 2727 636 enim
2763 579 2876 634 ﬁeri
2917 582 3100 649 potius
3127 580 3304 646 decet,
3331 596 3500 650 quam
3556 589 3618 635 ut
3682 587 3793 636 sin-

538 688 668 754 gula
702 682 769 737 ad
802 691 855 737 te
879 680 1032 736 hisce
1063 679 1264 733 litteris
1294 676 1725 746 perscribamus.

1095 964 1430 1021 EPISTOLA
1459 964 1524 1018 IX
1537 1005 1550 1018 .

2699 959 3043 1015 ΕΠΙΣΤΟΛΗ
3083 960 3140 1014 θ’
3174 962 3305 1034 (ιο).

537 1126 619 1180 Ea‘
645 1125 800 1194 hujus
827 1123 1060 1191 epistola:
1083 1129 1390 1194 argumento
1415 1121 1666 1194 discimus
1695 1117 2009 1194 Gregorium
2057 1121 2378 1191 Nyssemtm,
2419 1120 2616 1194 Basilii
2649 1121 2838 1190 fratris
2869 1132 2918 1175 et
2947 1121 3197 1194 (Gregorii
3245 1123 3581 1182 Nazianzeni
3618 1146 3794 1184 exem-

601 1197 690 1263 plo
709 1190 772 1248 in
803 1190 1032 1266 crciatum
1064 1190 1354 1266 aliquando
1384 1192 1681 1266 secessisse,
1712 1191 1861 1266 cuius
1890 1192 1965 1266 rei
1990 1190 2162 1266 nescio
2191 1209 2258 1266 an
2291 1190 2428 1266 apud
2463 1192 2625 1266 alium
2664 1196 2962 1260 quempiam
3003 1190 3220 1248 vcierem
3251 1201 3562 1266 scriptorem
3597 1203 3791 1254 mentio

602 1260 878 1320 habeatur.
905 1261 1166 1318 Caeterum
1191 1260 1259 1314 ad
1285 1277 1559 1329 quemnam
1587 1260 1696 1313 lucc
1719 1261 1940 1327 cpistola
1970 1263 2165 1329 scripta
2193 1262 2352 1329 fuerit
2389 1261 2628 1314 divinare
2657 1277 2757 1314 non
2791 1277 3089 1324 possumus.

602 1447 736 1501 Tale
759 1443 1040 1514 quidpiam
1071 1438 1458 1494 admirantium
1502 1437 1926 1506 praestigiatorcs
1964 1436 2098 1489 arti—

2273 1440 2524 1493 Τοιοῦτόν
2566 1457 2620 1493 τι
2671 1442 2856 1514 θαῦμά
2903 1460 3064 1511 φασιν
3118 1447 3174 1497 ἐν
3221 1447 3334 1508 τοῖς
3376 1444 3623 1516 θεάτροις
3659 1450 3791 1510 τοὺς

534 1539 721 1595 liciose
777 1538 833 1591 in
889 1533 1120 1589 theatris
1174 1533 1334 1586 edere
1385 1530 1574 1593 aiunt,
1634 1543 1756 1582 com
1811 1526 1995 1582 fabula
2039 1543 2107 1582 ex

535 1628 788 1685 historiis
819 1632 1091 1688 mutuata,
1132 1623 1214 1678 vel
1249 1621 1571 1676 narratione
1612 1620 1799 1689 aliqua
1831 1627 2016 1674 vetere
2051 1620 2107 1672 in

531 1719 929 1789 praestigiarum
952 1716 1229 1769 materiem
1249 1719 1548 1782 assumpta,
1581 1726 1694 1766 rem
1725 1718 1917 1773 totam,
1950 1709 2132 1784 quasi

534 1826 662 1865 vere
701 1817 831 1862 tunc
866 1813 1166 1877 gereretur,
1199 1804 1412 1857 actione
1457 1817 1521 1856 ac
1554 1809 1708 1872 gestu
1740 1808 2108 1869 spectatorum

533 1902 712 1957 oculis
741 1898 1064 1969 subjiciunt.
1088 1896 1260 1950 Porro
1282 1895 1385 1949 hoc
1408 1901 1588 1964 pacto,
1615 1892 1758 1962 quod
1786 1891 1892 1946 sibi
1913 1905 2110 1961 reprar-

534 1992 864 2049 sentandum
915 1994 1345 2058 proposuerunt,
1398 1983 1682 2039 elliciunt:
1717 1981 1912 2037 Varias
1961 1980 2108 2035 enim

538 2084 745 2138 lormas
774 2088 939 2148 atque
980 2091 1248 2148 personas
1289 2075 1505 2139 induti,
1556 2089 1621 2128 ac
1672 2074 1863 2126 urbem
1893 2086 2111 2140 quoque

537 2177 592 2228 in
633 2174 922 2228 orchestra
956 2185 1020 2224 ex
1061 2170 1194 2223 velis
1223 2167 1594 2231 ell‘ormantes,
1623 2167 1828 2218 nudum
1862 2163 2010 2216 illttm
2037 2163 2110 2216 lo-

535 2277 660 2316 cum
698 2268 812 2315 tum
853 2258 1073 2312 demum
1111 2256 1229 2308 viva
1265 2262 1542 2324 gestarum
1581 2267 1766 2308 rerum
1804 2253 2109 2306 imitatione

538 2354 613 2406 ita
651 2350 718 2405 ad
767 2348 964 2404 fabulae
1001 2354 1382 2416 argumentum
1430 2343 1864 2405 accommodant,
1907 2349 1966 2396 ut
1999 2349 2110 2395 tam

538 2443 644 2513 ipsi
680 2455 866 2497 rerum
912 2453 1034 2511 qua:
1069 2440 1124 2491 in
1157 2437 1249 2490 illa
1282 2435 1517 2490 historia
1557 2437 1932 2493 continentur.
1986 2433 2108 2487 imi-

538 2544 765 2598 tatores,
797 2547 962 2603 quam
1012 2529 1131 2585 vela
1167 2531 1309 2598 ipsa,
1358 2530 1512 2591 urbs,
1539 2528 1818 2590 videlicet,
1847 2527 1986 2580 vclis
2024 2540 2112 2578 re-

538 2631 893 2696 praesentata,
909 2620 1236 2676 miraculum
1257 2619 1659 2689 spectatoribus
1683 2617 1836 2671 ﬁant.
1852 2618 1922 2669 At
1943 2630 2113 2685 quare

539 2716 697 2770 nobis
738 2714 994 2769 instituta
1035 2722 1120 2766 est
1171 2710 1285 2763 haec
1328 2707 1612 2762 narratio?
1666 2707 1935 2772 Quoniam
1978 2705 2109 2758 mihi

2211 1529 2749 1599 θαυματοποιοῦντας
2788 1534 3177 1604 τεχνάζεσθαι·
3221 1536 3404 1589 Μῦθον
3431 1537 3489 1603 ἐξ
3531 1539 3791 1608 ἱστορίας,

2211 1619 2245 1689 ἡ
2273 1636 2393 1673 τινα
2421 1620 2528 1673 τῶν
2571 1622 2810 1692 ἀρχαίων
2843 1623 3213 1702 διηγημάτων,
3251 1626 3502 1679 ὑπόθεσιν
3537 1628 3635 1696 τῆς
3661 1627 3796 1680 θαυ-

2226 1706 2551 1773 ματοποιίας
2579 1706 2854 1771 λαϐόντες,
2905 1708 3050 1778 ἔργῳ
3077 1712 3188 1772 τοῖς
3230 1709 3442 1774 θεαταῖς
3481 1710 3790 1782 διηγοῦνται

2209 1795 2306 1862 τὴν
2331 1794 2589 1864 ἱστορίαν.
2619 1795 2936 1865 Διηγοῦνται
2965 1796 3019 1848 δὲ
3047 1797 3219 1860 οὕτως
3251 1797 3317 1849 τὰ
3349 1797 3652 1868 κατάλληλα
3681 1798 3792 1850 τῶν

2213 1887 2638 1957 ἱστορουμένων⁸
2677 1886 2991 1950 Ὑποδύντες
3047 1889 3301 1958 σχήματά
3349 1905 3406 1941 τε
3467 1890 3560 1941 καὶ
3619 1889 3788 1958 πρόσ-

2209 1995 2354 2039 ωπα,
2384 1978 2477 2029 καὶ
2509 1977 2662 2030 πόλιν
2705 1979 2769 2029 ὲκ
2809 1979 3322 2047 παραπετασμάτων
3367 1978 3458 2029 ἐπὶ
3498 1978 3599 2047 τῆς
3626 1979 3788 2048 ὀρχή-

2213 2081 2375 2134 στρας
2408 2067 2474 2118 δι’
2503 2067 2814 2136 ὁμοιότητός
2861 2084 3003 2129 τινος
3055 2067 3503 2137 σχηματίσαντες,
3553 2069 3644 2121 καὶ
3673 2068 3788 2138 (41)

2209 2157 2345 2219 τέως
2377 2155 2529 2225 ψιλὸν
2562 2158 2726 2211 τόπον
2757 2161 2820 2227 τῇ
2853 2159 3072 2228 ἐναργεῖ
3105 2160 3334 2229 μιμήσει
3379 2160 3486 2212 τῶν
3533 2162 3786 2230 πραγμάο

2211 2265 2317 2299 των
2362 2248 2759 2312 οἰκειώσαντες,
2808 2249 2990 2319 θαῦμα
3033 2253 3144 2313 τοῖς
3189 2251 3480 2319 θεωμένοις
3526 2253 3782 2320 γίνονται,

2211 2340 2361 2394 αὐτοί
2397 2358 2456 2392 τε
2481 2342 2530 2392 οἱ
2568 2343 2801 2411 μιμηταὶ
2833 2341 2937 2395 τῶν
2979 2344 3036 2395 ὲν
3072 2345 3135 2412 τῇ
3187 2342 3395 2414 ἱστορίᾳ
3426 2345 3780 2414 πραγμάτων.

2212 2431 2304 2484 καὶ
2331 2430 2398 2482 τὰ
2431 2432 2924 2501 παραπετάσματα,
2973 2433 3006 2500 ή
3053 2431 3202 2494 πόλις
3255 2432 3340 2502 δή.
3388 2433 3451 2484 Τί
3487 2429 3579 2486 οὖν
3611 2449 3700 2503 μοι
3725 2433 3786 2486 τὲ

2211 2521 2450 2591 διήγημα
2483 2520 2763 2590 βούλεται;
2799 2523 3014 2593 Ἐπειδὴ
3043 2523 3201 2594 χρεία
3233 2526 3360 2596 ἡμῖν
3385 2525 3482 2595 τὴν
3518 2525 3590 2596 μὴ
3623 2523 3787 2580 οὖσαν

2212 2613 2364 2666 πόλιν
2423 2613 2515 2665 καὶ
2544 2609 2707 2667 οὖσαν
2734 2613 2843 2683 (ιιι)
2869 2612 3037 2678 δεῖξαι
3075 2617 3186 2676 τοῖς
3216 2615 3474 2678 συνιοῦσι,
3502 2618 3786 2688 παρακλή-

2212 2704 2333 2774 θητι
2359 2705 2608 2773 γενέσθαι
2640 2705 2738 2774 τῆς
2783 2705 2988 2769 πόλεως
3032 2707 3187 2777 ήμῶν
3242 2707 3485 2784 οἰκιστὴς
3531 2709 3790 2784 αὐτοσχέ-

537 2820 677 2876 opns
709 2811 798 2861 est
854 2803 1069 2866 urbem,
1102 2815 1224 2870 quae
1255 2813 1526 2869 nusquam
1556 2805 1643 2854 est
1663 2836 1679 2862 ,
1724 2799 1884 2868 quasi
1915 2810 2107 2851 revera

2212 2794 2336 2859 διος,
2370 2795 2520 2865 αὐτῷ
2540 2794 2618 2866 τῷ
2646 2797 2878 2866 φανῆναι
2931 2798 3087 2867 μόνον
3123 2798 3299 2872 (πόλιν
3327 2799 3462 2858 εἶναι
3497 2803 3671 2857 δοκεῖν
3701 2805 3792 2857 τὸν

537 2904 707 2959 esset,
763 2892 1180 2950 advenientibus
1231 2889 1542 2952 ostendere,
1597 2895 1654 2943 te
1707 2889 1873 2944 etiam
1942 2895 2108 2957 atque

2212 2887 2414 2958 ἔρημον
2437 2887 2611 2959 χῶρον
2638 2889 3038 2960 παρασκευάσω
3067 2887 3226 2965 ξ-ί5])ο
3255 2894 3338 2948 δτι
3368 2895 3450 2948 σοὶ
3481 2897 3577 2950 καὶ
3611 2898 3644 2967 ή
3675 2896 3792 2958 ὁδὸς

537 2989 703 3042 etiam
732 3000 887 3056 rogo,
924 2992 982 3039 ut
1005 2983 1188 3054 specie
1221 2990 1436 3037 tantum
1463 2989 1627 3035 tenus
1657 2988 1712 3034 te
1735 2979 1790 3033 in
1822 2985 2108 3048 extempo-

2212 2980 2269 3030 οὑ
2305 2979 2490 3050 πολλὴ,
2527 2980 2618 3032 καὶ
2657 2982 2688 3050 ή
2740 2981 2918 3050 χάρις,
2970 2983 3038 3057 ἢν
3077 2984 3287 3051 δώσεις,
3341 2986 3544 3057 σφόδρα
3596 2986 3787 3056 πολλή.

540 3080 710 3134 ralem
754 3077 909 3133 urbis
969 3084 1170 3132 nostra:
1215 3075 1388 3130 civem
1441 3071 1638 3128 ascisci
1682 3071 1912 3142 patiaris
1949 3071 2110 3141 (dabo

2212 3070 2522 3140 Βουλόμεθα
2555 3071 2663 3141 γάρ
2694 3071 3076 3143 φαιδροτέρους
3109 3075 3220 3146 (44)
3243 3078 3464 3140 ἑαυτοὺς
3493 3078 3658 3142 δεῖξαι
3680 3075 3792 3139 τοῖς

539 3171 742 3240 quippe
792 3181 1020 3239 operam
1064 3176 1126 3221 ut
1163 3164 1444 3220 solitarius
1482 3163 1584 3218 iste
1628 3162 1786 3216 locus
1832 3162 1962 3215 urbs
1991 3176 2110 3215 esse

2217 3161 2484 3221 συνοῦσιν,
2549 3163 2660 3214 ἀντ’
2709 3163 2868 3217 ἄλλου
2916 3167 3060 3231 τινὸς
3110 3168 3335 3240 κόσμου,
3367 3171 3432 3242 τῇ
3476 3169 3789 3240 φαιδρότητι

540 3263 832 3333 videatur),
867 3260 1314 3332 quandoquidem
1347 3259 1448 3312 tibi
1487 3273 1596 3312 non
1624 3256 1856 3310 multum
1889 3256 2107 3310 itineris

2219 3253 2371 3324 ὑμῶν
2404 3253 2882 3326 καλλωπιζόμενοι.

539 3353 942 3411 conﬁciendum
991 3361 1095 3420 est,
1139 3353 1312 3424 gratia
1344 3358 1548 3415 autem,
1596 3363 1760 3419 quam
1793 3346 2102 3418 praestabis,
2142 3345 2327 3425 valde,
2353 3361 2573 3416 magna.
2603 3345 2870 3402 Volumus
2914 3351 3115 3420 quippe
3159 3361 3379 3408 nosmet
3417 3353 3568 3425 ipsos
3606 3354 3786 3425 splen-

540 3449 780 3506 didiores
810 3445 1122 3515 hospitibus
1159 3443 1469 3509 ostendere,
1502 3449 1684 3496 vestra
1716 3441 1926 3496 scilicet
1963 3438 2234 3503 claritate,
2265 3424 2374 3508 pra:
2402 3439 2510 3492 alio
2536 3439 2794 3509 quopiam
2832 3450 3048 3506 ornatu,
3074 3443 3340 3500 decorati.

2134 3653 2205 3665 ιι.-

1105 3777 1449 3836 EPISTOLA
1494 3782 1560 3838 X.

2713 3783 3058 3837 ΕΠΙΣΤΟΛΗ
3103 3782 3134 3836 ι’
3160 3781 3296 3856 (45).

544 3957 769 4033 Cuinam
797 3955 908 4033 haec
932 3955 1160 4033 epistola
1189 3956 1386 4021 scripta
1420 3955 1601 4022 fuerit,
1633 3956 1846 4033 penitus
1872 3956 2080 4024 ignoro,
2114 3974 2230 4033 eum
2258 3959 2374 4026 ejus
2404 3959 2566 4033 verba
2598 3960 2800 4033 nullam
2825 3960 2895 4015 ad
2926 3962 2983 4033 id
3015 3960 3394 4033 conjiciendmn
3421 3979 3566 4030 opem
3591 3980 3782 4033 suppe-

610 4026 774 4079 ditent
807 4041 827 4077 :
861 4024 1061 4080 videtur
1085 4036 1258 4078 tamen
1279 4041 1337 4078 ea
1365 4033 1592 4093 tempore
1620 4025 1750 4078 data
1774 4025 1956 4095 fuisse,
1985 4044 2083 4097 quo
2121 4025 2173 4080 Ν
2177 4024 2397 4098 yssenus
2429 4029 2493 4081 ab
2522 4029 2759 4084 Ecclesia
2787 4049 2884 4086 sua
2925 4024 3157 4085 Valentis
3173 4031 3331 4099 jussu
3363 4024 3665 4090 exsulabat.

613 4205 849 4270 Quinam
905 4219 1073 4259 verno
1120 4213 1367 4273 tempore
1413 4202 1512 4259 llos
1573 4214 1682 4258 tam
1712 4211 1934 4274 gratus,
1963 4219 2110 4272 qua:-

2283 4210 2439 4260 Ποῖον
2469 4207 2706 4261 τοιοῦτον
2728 4208 2885 4271 ἄνθος
2909 4209 2966 4262 ὲν
2999 4207 3120 4279 ἔαρι
3145 4224 3159 4274 ;
3197 4208 3352 4273 Τίνες
3377 4210 3616 4264 τοιαῦται
3653 4228 3780 4281 μου·

542 4312 667 4351 nam
697 4295 1037 4350 cantantium
1062 4298 1243 4350 avium
1267 4311 1429 4350 voces
1453 4304 1562 4348 tam
1599 4311 1797 4350 suaves
1820 4335 1836 4361 ,
1862 4311 2109 4365 quamam

2217 4298 2385 4350 σικῶν
2440 4297 2666 4368 ὀρνίθων
2724 4297 2931 4366 φωναί;
2983 4298 3168 4362 Ποίαις
3222 4299 3442 4362 λεπταῖς
3481 4300 3576 4355 κα)⁵
3617 4318 3782 4372 προς.

543 4398 652 4442 tam
705 4386 932 4456 placidae
979 4396 1141 4456 atque
1173 4388 1321 4442 Iones
1351 4401 1521 4450 aurae,
1552 4385 1754 4455 quibus
1788 4386 2112 4455 tranquilla-

545 4485 659 4528 tum
691 4489 843 4531 mare
878 4473 1140 4541 mitescit,
1203 4492 1452 4545 quaenam
1501 4477 1662 4530 tellus
1705 4476 1967 4547 agricolis
2001 4484 2110 4530 tam

540 4565 810 4632 jucunda,
847 4566 963 4620 sive
1002 4567 1160 4620 viridi
1201 4574 1382 4636 segete
1415 4567 1677 4630 luxuriet,
1711 4567 1826 4622 sive
1853 4566 1965 4636 jam
1999 4565 2112 4634 spi-

549 4671 733 4710 carum
763 4656 1102 4712 culminibus
1131 4656 1387 4721 ﬂuctuet,
1417 4671 1578 4725 quam
1613 4671 1780 4712 suave
1809 4671 1875 4710 ac
1903 4656 2106 4726 jucun--

543 4747 671 4802 dum
709 4756 793 4803 est
820 4762 918 4802 ver
939 4746 1073 4801 illud
1100 4747 1386 4816 spirituale
1410 4747 1579 4816 quod,
1611 4747 1724 4802 tuis
1755 4761 1942 4816 pacem
1977 4747 2111 4802 alle-

545 4837 792 4893 rentibus
826 4836 1020 4903 radiis,
1071 4853 1166 4906 per
1207 4836 1513 4892 litterarum
1555 4846 1774 4893 tuarum
1821 4837 2108 4908 fulgorem,

544 4926 713 4980 vitam
745 4934 1018 4990 nostram,
1050 4926 1274 4980 maerori
1302 4927 1664 4990 subtractam,
1689 4928 1952 4982 illustrem
1972 4927 2111 4980 hila-

544 5032 772 5087 remque
824 5017 1042 5071 reddit?
1089 5015 1182 5070 Sic
1219 5017 1381 5071 nobis
1426 5015 1661 5073 fortasse
1692 5019 1943 5088 congruit
1984 5033 2108 5086 pro-

543 5105 819 5174 pheticum
875 5104 1010 5160 illud
1059 5105 1128 5160 de
1176 5106 1540 5175 praisentibus
1577 5107 1735 5162 bonis
1788 5121 2103 5175 usurpare:

2214 4392 2368 4461 ηνέσι
2416 4393 2535 4454 ταῖς
2573 4389 2769 4462 αὔραις
2809 4392 3295 4457 καταγλυκαίνεται
3340 4392 3644 4463 γαληνιῶσα
3688 4393 3780 4446 θά·

2213 4479 2423 4546 λασσα;
2469 4481 2565 4542 Τίς
2612 4481 2816 4550 ἄρουρα
2865 4483 2971 4542 τοῖς
3007 4479 3294 4549 γεηπόνοις
3339 4480 3509 4545 οὕτως
3548 4483 3780 4554 ὴδεῖα,ἧ

2213 4567 2577 4639 εὐθηνουμένη
2625 4567 2814 4637 ληῒοις,
2855 4566 2887 4638 ἢ
2928 4571 3038 4630 τοῖς
3082 4571 3309 4639 καρποῖς
3341 4570 3440 4641 ήδη
3485 4571 3592 4623 τῶν
3621 4571 3782 4624 ἀστα-

2214 4653 2357 4724 χύων
2390 4655 2850 4723 ὑποκυμαίνουσα,
2896 4655 3018 4708 ὅσον
3060 4654 3121 4708 τὸ
3159 4655 3524 4728 πνευματικὸν
3561 4657 3677 4728 ἔαρ,
3717 4662 3781 4711 ἐκ

2211 4745 2310 4814 τῆς
2359 4745 2633 4815 εἰρηνικῆς
2676 4761 2768 4797 σου
2813 4745 3048 4808 ἀκτῖνος,
3095 4743 3183 4798 διὰ
3211 4745 3310 4816 τῆς
3359 4747 3418 4800 ὲν
3463 4749 3574 4811 τοῖς
3599 4749 3778 4816 γράμ-

2216 4853 2349 4904 μασι
2405 4834 2761 4906 λαμπηδόνος,
2811 4835 2907 4906 τὴν
2964 4834 3105 4906 ζωὴν
3153 4835 3310 4906 ἡμῶν
3370 4838 3433 4890 ὲκ
3484 4836 3778 4906 κατηφείας

2214 4924 2606 4996 [ὲ]φαιδρῦνον;
2639 4925 2794 4979 Οὕτω
2841 4927 2946 4998 γάρ
2983 4927 3113 4996 ἡμῖν
3158 4927 3296 4998 τάχα
3342 4927 3402 4980 τὸ
3451 4926 3772 4998 προφητικὸν

2211 5017 2440 5086 ἁρμόσει
2488 5018 2598 5079 τοῖς
2640 5017 2901 5089 παροῦσιν
2957 5015 3177 5083 ἀγαθοῖς
3222 5015 3662 5085 ἐπιφθέγξασθαι,
3691 5015 3772 5067 ὅτι

2213 5106 2372 5160 Κατὰ
2401 5106 2464 5160 τὸ
2502 5105 2736 5174 πλῆθος
2770 5106 2890 5161 τῶν
2914 5107 3163 5175 ὀδυνῶν,
3193 5108 3309 5162 τῶν
3335 5109 3404 5160 ἐν
3427 5106 3499 5173 τῇ
3537 5104 3775 5173 καρδίᾳ,

543 5192 840 5249 Secundum
889 5194 1284 5248 multitudinem
1324 5195 1566 5250 dolorum
1602 5213 1833 5251 meorum
1868 5198 1921 5250 in
1949 5196 2104 5249 corde

2212 5200 2266 5248 al
2296 5197 2400 5250 τοῦ
2435 5197 2582 5250 Θεοῦ
2612 5200 3034 5264 παρακλήσεις,
3057 5197 3144 5251 διὰ
3178 5199 3273 5268 τῆς
3300 5196 3395 5265 σῆς
3424 5193 3774 5262 ἀγαθότητος.

543 5301 678 5351 meo,
711 5286 1094 5341 consolationes
1130 5285 1244 5353 Dei,
1291 5302 1388 5357 per
1408 5288 1735 5358 probitatem
1764 5295 1934 5353 tuam,
1968 5288 2105 5340 la'ti-

611 5539 726 5620 (ιο)
758 5541 995 5620 Eatur.
1018 5542 1075 5598 In
1092 5544 1212 5600 cod.
1246 5543 1387 5599 Med.
1434 5542 1754 5600 inscribitur
1777 5541 2096 5612 Σταγειρίῳ’

539 5609 632 5666 est
667 5625 730 5664 tte
758 5609 868 5665 VII.

609 5626 722 5748 (1|)
744 5683 873 5734 Kal.
905 5680 983 5736 Id.
1003 5682 1124 5737 cod.
1152 5684 1245 5736 καὶ
1277 5681 1389 5736 τόν.

611 5749 856 5824 (Νὴ-Καὶ
882 5750 1019 5806 οὖσ.
1049 5752 1187 5810 Med.
1217 5753 1292 5816 ὠς
1323 5748 1440 5806 οῦσ.
1479 5753 1656 5822 Atque
1687 5752 1761 5807 ita
1798 5749 1993 5824 legisse
2026 5750 2105 5807 vi-

539 5817 1021 5900 detur'__itttcrprcs.

2210 5284 2324 5352 τὴν
2391 5286 2601 5354 ψυχὴν
2677 5286 2844 5356 ἡμῶν
2915 5287 3258 5357 εὔφραναν,
3313 5286 3545 5340 ἀκτίνων
3613 5285 3775 5358 ,δίκην

2282 5541 2393 5612 (45)
2419 5546 2692 5613 Παρασκ,
2721 5541 2797 5596 Id.
2831 5541 2952 5613 cod.
2979 5542 3403 5613 παρασκευάσας
3429 5557 3444 5613 τ
3484 5540 3563 5594 ἔτι
3595 5540 3674 5595 δέ.

2280 5613 2392 5682 (44)
2417 5611 3016 5682 Φαιδροτέροιξςεοοὰ.
3049 5611 3188 5667 Med.
3216 5612 3588 5682 σεμνοτέρους.

2281 5678 2391 5753 (45)
2426 5684 2647 5753 Extat.
2683 5681 2738 5733 Itt
2762 5681 3190 5753 M_ed_._itiscripta
3223 5678 3458 5753 Ὀτρηΐιρ
3501 5678 3782 5751 ὲπισκόπῳ

2208 5749 2534 5822 Μελιτηνῆς·
2580 5760 2768 5818 estque
2804 5749 2986 5806 XVIII.
