4092 6368
351 271 473 326 1041

1543 285 1927 344 EPISTOLlE.
1963 312 2033 321 —
2066 275 2284 332 EPIST.
2326 276 2417 331 XI.

3466 272 3602 327 I-0I2

339 405 404 461 τη
450 387 627 460 πάχνη
658 393 999 465 κεκαυμένην
1039 395 1154 466 (46)
1186 398 1284 470 τὴν
1330 402 1475 474 ζωὴν
1505 406 1661 477 ἡμῶν
1699 407 1922 462 ὲπιθάλ-

2033 400 2309 464 ﬁcaverunt
2363 394 2597 447 animam
2649 410 2816 447 meam
2842 395 2884 458 ⁸,
2941 392 3073 447 dum
3133 393 3267 448 solis
3316 391 3601 447 radiorum

338 495 556 532 πουσαι.
590 481 708 562 "Lar;
734 483 841 554 γάρ
868 486 1013 541 ἐστιν
1043 486 1101 541 ἐν
1123 490 1450 562 ἀμφοτέροις
1473 495 1506 565 ὴ
1536 496 1793 567 ἀκρότης,
1824 498 1924 569 τῆς

339 588 396 622 τε
426 572 756 644 παχύτητος,
801 575 964 645 λέγω,
999 580 1106 635 τῶν
1152 582 1429 656 λυπηρῶν,
1457 588 1551 641 καὶ
1590 588 1689 658 τῆς
1721 589 1923 658 γλυκύ-

338 680 499 732 τητος
523 664 629 718 τῶν
658 666 765 718 σῶν
788 667 1027 735 ἀγαθῶν.
1048 674 1156 726 Καὶ
1176 676 1224 727 εἰ
1249 677 1405 743 μόνον
1431 678 1925 751 εὐαγγελισάμενος

344 754 470 822 ἡμῖν
503 754 599 825 τὴν
630 759 929 827 παρουσίαν
970 778 1083 823 σου,
1126 766 1377 821 τοσοῦτον
1410 770 1755 842 ὲφαίδρυνας,
1785 771 1925 826 ὥστε

343 846 518 899 πάντα
546 849 675 917 ἡμῖν
712 852 776 903 ὲκ
813 852 911 921 τῆς
959 856 1193 926 ἐσχάτης
1236 858 1526 930 ἀλγηδόνος
1572 864 1653 926 είς
1694 864 1925 934 φαιδρὰν

344 937 744 1009 μεταϐληθῆναι
788 944 1139 999 κατάστασινο
1172 949 1223 1001 τί
1258 968 1384 1003 ποτε
1417 953 1524 1023 ἄρα
1562 954 1801 1024 ποιήσει,
1832 955 1925 1010 καὶ

340 1024 564 1093 ὀφθεῖσα
618 1030 796 1097 μόνον,
842 1034 874 1103 ή
923 1034 1078 1103 τιμία
1132 1038 1226 1091 καὶ
1273 1040 1450 1113 ἀγαθὴ
1489 1043 1756 1113 παρουσία
1795 1062 1923 1110 σου;

342 1116 516 1207 πόσην
564 1118 620 1170 δὲ
659 1120 817 1174 δώσει
862 1127 929 1195 τῇ
971 1125 1114 1199 ψυχῇ
1152 1129 1264 1197 (47)
1311 1132 1467 1201 ἡμῶν
1515 1134 1923 1207 παράκλησινὴ

342 1206 564 1274 γλυκεῖά
616 1228 708 1263 σου
756 1215 907 1285 φωνὴ
987 1220 1104 1283 ταῖς
1159 1220 1349 1284 ἀκοαῖς
1382 1224 1725 1296 ὲνηχήσασας
1764 1206 1924 1283 Ἀλλά

342 1296 549 1387 γένοιτο
589 1299 762 1354 ταῦτα
791 1303 877 1358 διὰ
909 1304 1107 1377 τάχους
1152 1311 1293 1363 κατά
1324 1312 1461 1366 Θεοῦ
1493 1316 1801 1387 συνεργίαν,
1829 1319 1923 1372 τοῦ

341 1384 570 1453 διδόντος
597 1391 936 1464 ὀλιγοψύχοις
963 1397 1144 1451 ἄνεσιν
1194 1401 1287 1453 καὶ
1309 1404 1418 1466 τοῖς
1448 1384 1925 1477 συντετριμμένοις

341 1477 667 1569 ἀνάπαυσιν.
705 1483 881 1554 Ἦμᾶς
908 1487 963 1539 δὲ
990 1488 1245 1555 γίνωσκε,
1277 1491 1370 1546 ὲάν
1409 1495 1507 1564 μὲν
1536 1498 1614 1560 εἰς
1642 1498 1701 1550 τὸ
1728 1498 1926 1569 ἡμέτε-

346 1584 436 1658 ρον
465 1567 766 1640 βλέψωμεν,
814 1577 1127 1646 περιαλγεῖν
1164 1583 1274 1645 τοῖς
1313 1584 1565 1653 παροῦσι,
1605 1588 1696 1639 καὶ
1742 1567 1925 1658 διαφο-

345 1657 570 1751 ροῦντας
599 1663 672 1734 μὴ
705 1665 972 1721 παύεσθαι
991 1685 1005 1699 ⁸
1033 1670 1129 1723 ὲάν
1154 1672 1211 1725 δὲ
1232 1674 1367 1744 πρὸς
1392 1676 1492 1746 τὴν
1523 1678 1619 1748 σὴν
1645 1657 1925 1751 ἀπίδωμεν

2028 490 2228 552 instar,
2298 487 2469 540 vitam
2521 494 2794 549 nostram,
2851 485 3047 555 pruina
3103 484 3272 540 veluti
3322 484 3598 548 adustam,

2027 580 2228 635 fovent.
2273 577 2411 631 Nam
2446 593 2601 647 teque
2649 592 2862 631 summa
2900 586 3030 633 sunt
3076 576 3346 652 malorum
3387 582 3603 630 nostro-

2027 686 2149 725 rum
2180 669 2523 740 magnitudo,
2542 678 2594 721 et
2618 668 2888 722 bonorum
2913 677 3133 722 tuorum
3159 667 3414 722 dulcedo.
3441 665 3599 732 Quod

2027 762 2072 818 si
2101 777 2165 816 ex
2196 776 2263 815 eo
2288 760 2434 831 quod
2467 759 2762 814 adventum
2793 765 2945 812 tuum
2974 758 3352 812 tantummodo
3382 773 3600 811 annun-

2027 849 2275 909 tiaveris,
2332 865 2505 918 usque
2540 848 2678 903 adeo
2723 861 2824 900 nos
2870 847 3080 900 alacres
3128 847 3391 915 Imtosque
3423 846 3600 902 fecisti

2026 949 2086 994 ut
2118 941 2300 993 omnia
2350 956 2418 993 ex
2461 953 2677 993 summo
2709 952 2944 993 maerore
2984 936 3037 990 in
3074 936 3409 990 hilaritatem
3464 953 3603 991 con-

2026 1045 2183 1085 versa
2222 1030 2456 1095 fuerint;
2515 1028 2646 1099 quid
2670 1044 2781 1083 non
2811 1028 2981 1098 igitur
3008 1025 3291 1095 prmstahit
3325 1026 3409 1080 vel
3449 1026 3602 1084 solus

2025 1121 2105 1173 tui
2138 1130 2413 1189 aspectus,
2443 1134 2565 1173 cum
2607 1134 2848 1187 praesens
2889 1116 3090 1179 aderis,
3124 1116 3207 1169 vir
3246 1116 3602 1186 integerrime

2026 1219 2189 1281 atque
2220 1211 2570 1266 venerande?
2618 1209 2896 1276 Quantum
2928 1209 3091 1264 etiam
3125 1208 3370 1264 solamen
3410 1209 3605 1263 afferet

2024 1303 2202 1356 dulcis
2225 1317 2331 1355 vox
2362 1310 2473 1361 tua,
2506 1302 2711 1356 nostris
2744 1301 2970 1355 auribus
3012 1300 3321 1355 insonans?
3351 1299 3456 1354 Sed
3494 1300 3606 1355 uti-

2027 1410 2151 1448 nam
2191 1394 2243 1448 id
2276 1394 2369 1447 fiat
2396 1409 2560 1464 quam
2587 1395 2879 1458 citissime,
2913 1394 3004 1448 Dei
3039 1409 3141 1466 Ope
3173 1401 3335 1464 atque
3374 1395 3601 1457 auxilio,

2024 1487 2117 1557 qui
2154 1486 2521 1557 pusillanimis
2563 1485 2773 1540 doloris
2831 1486 3207 1540 remissionem
3266 1493 3321 1538 et
3368 1499 3605 1539 maerore

2024 1577 2292 1633 confectis
2324 1578 2566 1648 requiem
2604 1576 2865 1646 largitur!
2903 1576 3058 1630 Scias
3083 1584 3266 1629 autem
3304 1589 3425 1638 nos,
3467 1575 3510 1628 si
3534 1575 3603 1627 ad

2026 1679 2222 1726 nostra
2245 1670 2467 1741 quidem
2496 1669 2878 1738 respiciamus,
2919 1667 2987 1722 de
3022 1666 3387 1737 prresentibus
3438 1665 3603 1721 rebus

342 1747 652 1838 τιμιότητα,
706 1753 905 1824 πολλὴν
937 1757 1216 1827 ὁμολογεῖν
1247 1764 1311 1832 τῇ
1351 1747 1631 1838 οἰκονομίᾳ
1684 1767 1777 1820 τοῦ
1824 1747 1919 1822 de-

2033 1760 2377 1815 vehementer
2406 1759 2612 1820 dolere,
2652 1772 2833 1827 neque
2853 1771 2949 1812 eos
2982 1756 3078 1826 qui
3114 1772 3217 1811 nos
3244 1764 3468 1818 vexant,
3510 1770 3605 1809 un-

345 1836 543 1890 σπότου
602 1838 699 1910 τὴν
746 1844 923 1915 χάριν,
979 1848 1062 1901 ὅτι
1126 1849 1333 1916 ἔξεστιν
1386 1855 1516 1924 ἡμῖν
1562 1836 1627 1910 ὲκ
1672 1859 1927 1925 γειτόνων

342 1928 632 1986 ἀπολαύειν
679 1935 777 2007 τῆς
820 1938 1074 2006 γλυκείας
1122 1962 1213 1997 σου
1257 1946 1348 1999 καὶ
1400 1948 1606 2019 ἀγαθῆς
1672 1952 1927 2024 προαιρέ-

347 2035 503 2113 σεως,
532 2024 625 2076 καὶ
651 2025 1003 2101 ἐμφορεῖσθαι
1027 2035 1147 2088 κατ’
1173 2035 1422 2104 ἐξουσίαν
1452 2039 1613 2111 μέχρι
1642 2041 1802 2112 κόρου
1830 2044 1927 2113 τῆς

344 2112 601 2255 ’ἕοιιέύτης
650 2119 895 2193 τροφῆς,
951 2124 1002 2178 εί
1055 2125 1118 2197 δή
1167 2145 1253 2192 τις
1312 2129 1473 2201 κόρος
1519 2132 1627 2187 τῶν
1675 2112 1929 2188 τοιούτων

382 2217 514 2255 στν.

382 2217 514 2259 στιν.

820 2646 1164 2703 ΕΠΙΣΤΟΛΗ
1204 2652 1283 2705 IA'
1322 2653 1456 2723 (48).

2027 1866 2191 1920 quam
2222 1866 2470 1916 cessare;
2501 1857 2557 1904 at
2580 1862 2708 1903 vero
2726 1847 2771 1903 si
2799 1846 2864 1901 ad
2892 1847 3265 1917 praestantiam
3294 1855 3440 1899 tuam
3470 1859 3605 1897 ocu—

2029 1942 2112 1997 los
2143 1930 2552 2005 convertamus,
2579 1939 2725 1994 ultro
2764 1937 2941 2003 fateri,
2976 1939 3208 1992 multum
3242 1951 3343 1991 nos
3386 1935 3603 1989 Domini

2030 2031 2389 2103 providentia)
2435 2030 2659 2094 debere,
2707 2028 2854 2099 quod
2910 2030 3074 2085 nobis
3134 2028 3217 2084 fas
3267 2030 3338 2084 sit
3387 2027 3604 2095 egregia

2034 2125 2129 2179 illa
2173 2132 2268 2178 tua
2322 2131 2505 2179 mente
2547 2122 2778 2192 ejusque
2821 2121 3169 2190 jucunditate
3203 2134 3236 2175 e
3297 2119 3604 2188 propinquo

2032 2214 2164 2279 frui,
2201 2221 2256 2269 et
2290 2214 2669 2283 hujuscemodi
2692 2213 2817 2268 cibo
2859 2212 2925 2266 ad
2958 2211 3264 2268 satietatem
3299 2224 3474 2279 usque
3504 2223 3604 2278 pro

2033 2304 2194 2359 libitu
2247 2304 2479 2375 expleri,
2522 2304 2569 2360 si
2614 2312 2793 2360 tamen
2843 2303 2969 2358 talis
3011 2302 3087 2358 rei
3130 2302 3237 2356 ulla
3270 2310 3448 2371 potest
3481 2313 3607 2354 esse

2033 2397 2280 2453 satietas.

2586 2656 2920 2711 EPISTULA
2967 2655 3056 2709 XI.

351 2805 668 2897 scffﬂfffﬂ
709 2812 818 2867 ha’c
845 2815 1068 2897 epistola
1106 2818 1174 2871 ad
1206 2820 1474 2897 eruditum
1498 2822 1742 2897 juvenem
1790 2824 2068 2897 quemdam
2104 2825 2488 2893 Cappadocem,
2522 2822 2598 2875 vel
2635 2823 2690 2875 in
2721 2819 3060 2897 Cappadocia
3096 2817 3396 2897 _degcu.em,
3443 2814 3603 2869 Curi-

422 2885 744 2964 stiattumni
760 2900 846 2964 an
875 2885 1163 2964 ethnicum,
1202 2889 1423 2959 deﬁnire
1454 2885 1555 2945 non
1597 2885 1912 2964 ausiquui
1949 2885 2251 2964 Nyssenum
2277 2885 2486 2964 peregre
2529 2900 2765 2964 agentem
2794 2885 3136 2964 suislitteris
3166 2885 3309 2964 patri
3339 2900 3602 2964 com'men-

418 2947 656 3035 daverat.
696 2950 950 3035 Epistola:
976 2947 1160 3035 autent
1182 2947 1543 3035 argumentum
1569 2947 1899 3035 desumptu'nt
1924 2947 2342 3019 est'eaxilloméri
2369 2947 2691 3035 ὤθεε-’ίαὸ.
2719 2977 2865 3035 μιν.
2905 2960 2957 3035 ξη
2988 2947 3410 3035 εςιίιιεξβηεμίιν
3440 2952 3605 3035 LE9"

423 3027 544 3103 (ϐίη,
580 3023 940 3103 cunt_t_yideret
993 3022 1359 3103 Telemacliurn
1396 3041 1654 3098 nepotem,
1713 3022 1777 3087 ab
1814 3032 2002 3103 Ulysse
2040 3046 2191 3102 patre
2241 3022 2521 3093 monitum,
2570 3032 2624 3084 in
2662 3030 2829 3083 aciem
2857 3022 3247 3103 alacri—animo
3273 3022 3604 3103 descendisse

421 3087 670 3173 adversus
694 3091 992 3150 Ithacenses
1033 3105 1081 3150 et
1111 3087 1497 3167 Cephallenios,
1526 3087 2144 3171 quinrocoruin'ncEein
2170 3087 2359 3170 ulturi,
2382 3087 2660 3173 paternam
2716 3101 2931 3155 domum
2954 3096 3117 3151 armis
3143 3092 3599 3164 aggrediebantur.

419 3158 745 3216 exclamasse
776 3178 794 3216 :

481 3322 903 3410 113.}t0'tﬂﬂ'épn.
924 3328 1052 3410 ἥδε,
1082 3332 1212 3409 9802
1235 3336 1422 3410 φίλρδ
1442 3332 1697 3410 Ἷίιέὰλα
1714 3339 1916 3408 χαίρω·

362 3351 455 3406 1:9
484 3351 684 3410 napus
702 3351 891 3395 rute'pn
924 3351 1052 3396 ηΟε,
1084 3351 1212 3384 σεοι
1285 3351 1422 3397 (atat;
1451 3351 1520 3389 ’11
1532 3351 1697 3405 μανία
1714 3354 1779 3406 χο

361 3393 493 3459 Mdg
528 3410 559 3445 τ
614 3396 828 3459 υἱωνός
853 3398 903 3450 τ’
930 3399 1145 3469 ἀρετῆς
1174 3351 1306 3471 πέζῃ
1340 3404 1515 3474 δῆριν
1546 3407 1779 3475 ἔχουσι.

2030 3340 2161 3405 Quae
2192 3340 2318 3393 mihi
2350 3339 2462 3392 dies
2488 3338 2618 3400 lucc,
2650 3335 2737 3389 Dii
2777 3334 2994 3388 dilecti?
3020 3342 3155 3386 certe
3185 3329 3334 3383 valde
3362 3327 3562 3405 gaudeo
3585 3343 3606 3382 .·
3715 3365 3718 3367 λ

2030 3399 2306 3479 Piliusque
2341 3422 2594 3478 neposque
2630 3408 2871 3459 virtutem
2903 3405 3065 3467 circa,
3091 3415 3321 3470 pugnam
3354 3399 3579 3452 habent»

424 3561 598 3616 Λίτῶν
630 3580 682 3615 τι
711 3566 987 3635 προσφυὲς
1016 3568 1109 3620 καὶ
1156 3571 1349 3623 οἰκεῖον
1384 3570 1494 3641 (49)
1524 3573 1601 3643 τῷ
1629 3575 1917 3645 γράμματι

2090 3578 2225 3631 Cum
2260 3583 2443 3647 aptum
2472 3573 2690 3645 aliquod
2734 3578 2896 3641 atque
2927 3568 3261 3625 conveniens
3308 3565 3598 3622 exordium

352 3654 538 3707 δοῦναι
570 3656 875 3725 προοίμιον,
911 3658 1017 3711 ἀπὸ
1067 3660 1167 3729 μὲν
1194 3660 1302 3713 τῶν
1333 3662 1455 3731 ἐμοὶ
1495 3665 1760 3735 συνήθων,
1791 3667 1933 3734 λέγω

353 3744 417 3814 δὴ
449 3744 556 3798 τῶν
582 3746 867 3816 γραφικῶν
896 3749 1358 3820 ἀναγνωσμάτων,
1393 3755 1493 3807 οὐκ
1525 3750 1668 3825 εἶχον
1702 3758 1808 3827 ὅτῳ
1837 3759 1931 3810 καὶ

357 3837 651 3908 χρήσομαι,
678 3839 737 3890 οὐ
766 3838 843 3908 τῷ
870 3839 945 3910 μὴ
976 3840 1248 3910 εὑρίσκειν
1268 3842 1328 3895 τὸ
1351 3844 1664 3913 ωμὸαῖνον,
1696 3847 1830 3901 ἀλλά
1856 3848 1934 3919 τῷ

359 3928 607 3997 περιττὸν
639 3929 841 3999 κρίνειν
869 3930 1001 4002 πρὸς
1039 3931 1138 3985 οὐκ
1165 3933 1369 3998 εἰδότας
1403 3935 1516 4005 (50)
1540 3935 1763 3991 τοιαῦτα
1795 3938 1932 4010 γρά-

360 4036 499 4086 φειν.
545 4020 610 4073 Ἦ
648 4020 756 4092 γὰρ
787 4023 913 4092 περὶ
947 4023 1068 4086 τοὺς
1104 4023 1207 4089 ἔξω
1238 4024 1428 4094 λόγους
1457 4028 1679 4099 σπουδὴ,
1708 4029 1802 4082 τοῦ
1831 4048 1936 4101 μη-

358 4108 551 4179 δεμίαν
611 4111 719 4163 τῶν
775 4111 933 4164 θείων
998 4113 1334 4184 μαθημάτων
1382 4118 1701 4188 ἐπιμέλειαν
1753 4119 1935 4189 ἔχειν,

358 4200 628 4267 ἀπόδειξις
656 4203 789 4273 ἡμῖν
821 4202 1060 4271 γέγονεν.
1093 4206 1301 4258 Οὐκοῦν
1324 4208 1505 4261 ὲκεῖνα
1532 4209 1629 4278 μὲν
1662 4212 1936 4282 σιωπήσο-

363 4310 480 4363 μαι,
514 4293 580 4346 ὲκ
625 4293 682 4345 δὲ
722 4294 832 4347 τῶν
866 4295 973 4347 σῶν
1003 4294 1138 4365 πρὸς
1164 4295 1262 4365 τὴν
1294 4297 1579 4368 λογιότητά
1624 4317 1719 4353 σου
1753 4319 1937 4373 προοι-

364 4385 646 4455 μιάσομαι.
677 4385 971 4457 Πεποίηταί
989 4403 1070 4450 τις
1091 4386 1205 4456 (51)
1235 4388 1387 4460 παρά
1414 4390 1492 4460 τῷ
1516 4391 1818 4463 διδασκάλῳ
1837 4395 1938 4464 τῆς

362 4474 631 4547 ὑμετέρας
674 4477 1003 4540 παιδεύσεως
1075 4480 1447 4551 πρεσϐυτικῶς
1491 4482 1932 4554 εὐφραινόμενος,

365 4566 503 4636 μετά
531 4567 631 4638 τὴν
658 4566 877 4639 χρονίαν
907 4570 1070 4623 αὐτοῦ
1102 4572 1210 4641 (52)
1246 4573 1615 4627 κακοπάθειαν
1647 4576 1705 4627 ὲν
1738 4576 1937 4645 ὀφθαλ-

365 4658 485 4726 μοῖς
512 4656 651 4728 ἔχων
681 4658 772 4712 τὸν
807 4661 1001 4714 ἑαυτοῦ
1028 4662 1215 4724 παῖδα,
1239 4664 1332 4716 καὶ
1360 4663 1453 4718 τοῦ
1481 4664 1671 4727 παιδὸς
1703 4665 1819 4734 ἅμα
1846 4667 1936 4719 τὸν

364 4746 527 4799 παῖδα
557 4747 811 4801 ὑπόθεσιν
838 4748 1017 4812 δόντος
1044 4749 1154 4820 (55)
1179 4752 1277 4821 τῆς
1308 4751 1663 4823 εὐφροσύνης.
1712 4752 1774 4805 'II
1809 4754 1937 4823 περὶ

361 4839 470 4892 τῶν
516 4842 797 4909 πρωτείων
835 4842 934 4913 τῆς
978 4843 1175 4913 ἀρετῆς
1212 4841 1453 4897 Ὀδυσσεῖ
1500 4846 1612 4916 (54)
1666 4844 1800 4916 πρὸς
1847 4845 1936 4897 τὸν

506 5051 528 5082 ⁸
565 5049 711 5103 Psal.
749 5067 904 5116 rem,
934 5052 1021 5107 19.

689 5141 889 5221 1rde
923 5159 1051 5221 ριεκ.
1090 5140 1227 5221 μοι).
1265 5143 1611 5221 κεκαυμένην
1653 5144 1719 5213 τῇ
1762 5141 1941 5211 πάχνῃ

440 5211 551 5287 (.41)
588 5210 667 5287 Τῇ
698 5210 999 5287 emi-.m-
1028 5216 1145 5287 ταῖς
1173 5213 1390 5287 ψυχρᾶς-

444 5279 555 5346 (ιδ)
604 5280 929 5350 Ἐπιστολὴ
959 5289 1048 5335 ια’.
1076 5279 1211 5337 (ἐοίΙ.
1252 5279 1391 5336 Med.
1425 5281 1743 5349 inscriptam
1770 5282 1936 5339 refert

374 5348 665 5421 Εὐπατρίῳ
698 5348 1053 5421 σχολαστικῷ.
1092 5350 1185 5421 Est
1205 5362 1384 5421 autem
1412 5368 1560 5407 nun).
1596 5348 1730 5421 YIII.

445 5420 459 5480 (
475 5418 767 5491 ξωᾉὶζῶϋ
795 5452 862 5460 -
884 5418 1121 5475 οἰκεῖον.
1150 5420 1224 5474 Id.
1248 5420 1427 5491 ζητῶν
1466 5452 1535 5460 ——
1573 5418 1702 5475 οἷον.

448 5488 557 5555 (30)
577 5488 851 5563 βίδότας.
879 5492 952 5546 ld.
989 5492 1182 5563 εἰδότα.
1214 5488 1571 5557 Μοὶλξωθεν
1607 5491 1715 5545 τῶν
1743 5494 1936 5563 λόγων.

380 5556 441 5609 Et
468 5559 626 5629 paulo
650 5566 772 5626 post
801 5562 930 5629 ἡμῖν
965 5562 1197 5629 ἐγένετο.

598 5627 1053 5704 Πεποέηξςιὶ-τιζ.
1080 5630 1151 5704 Id.
1185 5632 1472 5704 πεποίηται
1508 5632 1774 5701 Λαέρτης.

456 5696 800 5767 (ἴίᾋΑὑτοῦ.
826 5697 965 5754 Med.
993 5701 1225 5771 ἐκείνην.
1265 5701 1331 5756 Et
1370 5696 1495 5757 mox
1544 5696 1641 5772 pro
1695 5696 1950 5756 ὑπόθεσιν

2035 3679 2097 3720 ex
2149 3681 2322 3722 sacrre
2375 3663 2671 3734 Scriptura:
2723 3661 2989 3723 lectione,
3053 3672 3151 3727 pro
3208 3653 3606 3711 consuetudine

2036 3766 2247 3819 nostra,
2301 3755 2548 3825 epistolae
2591 3750 2978 3823 praefigendum
3031 3748 3425 3818 perquirerem,
3479 3745 3604 3798 nul-

2035 3849 2170 3911 lum,
2228 3862 2338 3916 quo
2401 3853 2605 3907 uterer,
2659 3840 2901 3895 invenire
2946 3837 3135 3907 potui;
3179 3851 3289 3890 non
3335 3834 3481 3905 quod
3530 3833 3607 3886 nii

2035 3953 2341 4008 congruum
2382 3945 2546 4005 atque
2600 3933 2883 4003 proposito
2932 3936 3125 3983 nostro
3175 3934 3605 3981 consentaneum

2037 4037 2371 4095 occurreret,
2417 4027 2513 4083 sed
2547 4026 2692 4097 quod
2728 4026 2853 4079 talia
2888 4033 3363 4092 supervacaneum
3414 4032 3607 4072 cense-

2040 4137 2152 4178 rem
2226 4120 2597 4176 nescientibus
2640 4116 2901 4173 scribere.
2955 4112 3221 4167 Studium
3277 4109 3420 4164 enim
3462 4107 3608 4177 quod

2039 4210 2282 4283 profanis
2337 4210 2503 4266 rebus
2563 4206 2872 4277 impendis.
2926 4208 3250 4274 argumento
3314 4199 3473 4254 nobis
3526 4207 3611 4253 est

2038 4316 2090 4360 te
2116 4303 2323 4358 nullam
2358 4302 2534 4356 sacris
2565 4299 2837 4354 doctrinis
2884 4310 3104 4365 operam
3136 4292 3288 4347 dare.
3325 4290 3494 4362 Igitur
3517 4290 3610 4343 illa

2038 4396 2258 4466 quidem
2286 4392 2507 4449 silentio
2538 4388 2950 4462 praetermittam
2978 4403 2992 4453 ;
3027 4402 3091 4442 ex
3131 4385 3244 4440 tuis
3277 4397 3411 4438 vero
3444 4381 3611 4437 rebus

2043 4497 2177 4536 mea:
2226 4480 2292 4535 ad
2342 4487 2396 4536 te
2451 4480 2628 4533 virum
2687 4476 2965 4532 eruditum
3006 4482 3062 4527 et
3108 4475 3453 4543 eloquentem
3495 4470 3613 4540 epi-

2044 4574 2196 4628 stolae
2228 4573 2442 4625 initium
2485 4570 2703 4626 faciam.
2741 4566 2991 4638 Pingitur
3018 4582 3125 4620 non
3178 4580 3337 4620 nemo
3380 4563 3450 4617 ab
3486 4578 3611 4616 eru-

2043 4660 2273 4714 ditionis
2299 4667 2498 4713 vcstrze
2531 4657 2799 4726 magistro
2839 4664 2963 4725 post
2987 4654 3302 4708 diuturnam
3340 4652 3610 4705 malorum

2044 4751 2391 4807 tolerantiam
2425 4767 2617 4805 senum
2654 4764 2807 4802 more
2835 4747 3140 4809 exsultans,
3174 4745 3305 4799 dum
3330 4751 3456 4797 ante
3482 4755 3608 4796 ocu-

2044 4845 2127 4899 los
2162 4860 2269 4899 una
2306 4842 2528 4896 haberet
2567 4840 2739 4894 filium
2770 4848 2825 4892 et
2876 4846 3127 4907 nepotem
3161 4852 3227 4890 ex
3253 4835 3445 4890 eodem
3477 4833 3607 4899 tilio,

2046 5140 2249 5217 δόντος,
2281 5139 2357 5192 id.
2393 5138 2520 5217 god.
2560 5138 2815 5200 ὑπόθεσις
2947 5136 3094 5217 αὐτῷ
3120 5137 3218 5217 τῆς
3246 5134 3607 5217 εθφροσιξνης.

2046 5209 2344 5264 Praeclare:
2389 5208 2530 5261 ﬁlius
2562 5217 2617 5262 et
2650 5223 2816 5277 nepos
2832 5208 2902 5261 ob
2923 5205 3113 5277 oculos
3140 5205 3190 5277 ei
3210 5205 3434 5275 objecti,
3470 5205 3610 5260 laeti-

2050 5280 2139 5334 tiae
2179 5279 2423 5347 ipsiscni
2447 5293 2634 5332 causa.
2660 5278 2898 5331 Canace.
2932 5292 3058 5346 pag.
3089 5276 3177 5331 95.

2116 5344 2228 5420 (55)
2266 5346 2398 5420 Vide
2430 5347 2830 5420 anilegendnm
2875 5344 2977 5420 sit,
3013 5344 3322 5420 ἀμφοτέρου
3357 5344 3613 5420 ὑπόθεσιν

2044 5416 2243 5481 δόντος,
2277 5418 2349 5471 ita
2378 5426 2434 5470 ut
2465 5418 2775 5472 adverbium
2799 5417 2915 5487 ἅμα
2934 5418 3177 5471 absolute
3194 5416 3457 5485 positum,
3483 5417 3609 5470 nul-

2048 5492 2157 5543 lum
2186 5504 2372 5542 casum
2393 5495 2563 5555 regat.

2118 5549 2564 5628 (54)’Ὀδυσ.”1‹].
2593 5557 2669 5628 τῷ
2698 5555 2955 5610 Ὀδυσσεῖ.
2990 5555 3107 5610 Mox
3134 5570 3281 5618 vero,
3316 5555 3396 5617 είς
3427 5553 3482 5628 τι
3507 5549 3603 5628 οὖν

2044 5632 2085 5754 2
2116 5611 2301 5699 μνήμη
2325 5627 2430 5709 τῶν
2456 5630 2595 5695 Κεφ.
2618 5611 2682 5708 in
2710 5638 2965 5708 quantum
2988 5628 3197 5696 quidem
3228 5611 3476 5679 Memoria
3500 5626 3603 5691 (ert

2076 5699 2521 5754 'cultallentorum.
2560 5698 2636 5754 Id.
2663 5697 2796 5753 tbttl.

2076 5697 2521 5769 Icpltalleniorum.
2560 5698 2636 5755 Id.
2663 5697 2796 5753 ibid.
