4092 6368
506 351 649 414 1043
1745 354 1802 411 S.
1844 348 2167 412 GREGORII
2203 350 2503 411 NYSSENK
3631 350 3775 406 {0H

502 472 597 543 qui
638 468 955 528 exsultandi
986 470 1337 529 occasionem
1387 472 1507 529 seni
1555 472 1882 543 praebuerat.
1916 471 2080 542 Ulys-

2181 472 2497 544 Τηλέμαχον
2526 471 2693 543 μάχη,
2729 472 2777 525 εί
2822 471 2915 525 καὶ
2942 472 3006 543 τῇ
3038 471 3227 543 μνήμῃ
3253 469 3364 543 (55)
3397 469 3508 524 τῶν
3541 466 3773 536 Κεφαλ-

501 567 584 621 sis
626 580 751 619 cum
797 558 1129 621 Telemacho
1158 564 1227 620 de
1263 564 1468 621 virtute
1512 573 1790 620 certamen
1832 562 1977 633 quod
2027 571 2080 617 et

2181 563 2372 635 λήνων,
2404 564 2541 636 πρὸς
2571 564 2664 619 τὸν
2692 563 2892 617 σκοπὸν
2917 562 3012 616 τοῦ
3038 563 3196 632 λόγου
3224 561 3604 634 συμϐάλλεται.
3642 561 3771 613 Ὀτι

500 648 881 727 Cephalleniis
921 664 1287 720 memoratur,
1338 656 1407 710 ad
1439 656 1615 711 nostri
1646 656 1918 710 sermonis
1957 668 2083 710 sco-

502 764 634 819 pum
678 747 934 816 confert;
969 750 1417 822 quandoquidem
1446 749 1784 819 excipientes
1817 763 1904 804 me
1934 764 2081 804 nunc

503 849 565 896 tu
612 852 668 897 et
707 848 862 911 pater
890 850 1043 905 tuus,
1075 838 1540 911 quemadmodum
1572 841 1649 895 illi
1683 840 1954 905 Laertem,
1983 841 2081 895 lio-

504 948 641 989 nore
672 939 726 985 et
759 932 1141 987 benevolentia
1180 949 1310 1003 erga
1342 948 1467 994 nos,
1505 932 1574 988 de
1600 932 1911 1003 principatu
1953 948 2078 985 cum

504 1024 781 1081 muniﬁcis
821 1025 1133 1096 quibusque
1174 1042 1237 1081 ac
1272 1025 1557 1096 generosis
1615 1025 1750 1079 viris
1794 1024 2082 1079 contendi-

504 1117 631 1179 stis,
677 1117 767 1172 hic
796 1117 1019 1188 quidem
1054 1133 1216 1174 suum
1249 1118 1304 1172 in
1350 1112 1688 1182 modum,'tu
1716 1130 1844 1169 vero
1876 1130 1907 1170 e
1936 1113 2081 1185 Cap-

503 1208 734 1279 padocia
784 1224 883 1279 per
928 1210 1144 1266 litteras
1195 1209 1573 1279 singularibus
1611 1208 1774 1277 plane
1818 1223 1944 1275 ergo
1997 1222 2081 1260 me

504 1297 708 1353 ofﬁciis
747 1306 1045 1356 certantes.
1084 1299 1228 1367 Quid
1260 1300 1431 1369 igitur
1472 1314 1574 1370 ego
1617 1297 1822 1354 senex?
1857 1296 2082 1351 Felicis-

503 1387 703 1441 simam
733 1402 933 1444 censeo
962 1402 1082 1443 eam
1118 1389 1284 1451 diem,
1317 1389 1372 1443 in
1401 1404 1507 1459 qua
1545 1387 1710 1442 talem
1748 1386 1909 1442 video
1939 1386 2081 1440 inter

500 1487 713 1549 patrem
745 1478 1026 1551 liliumque
1077 1481 1513 1536 contentionem.
1549 1477 1628 1533 Ne
1669 1478 1856 1548 itaque
1895 1492 2081 1533 cesses

498 1565 649 1634 justa
693 1566 823 1621 boni
872 1577 927 1622 et
974 1568 1287 1624 admirandi
1333 1568 1508 1639 patris
1549 1576 1678 1623 vota
1726 1567 1977 1637 implere,
2024 1575 2080 1620 et

502 1658 784 1728 praeclaris
825 1656 989 1715 factis
1036 1667 1320 1730 paternam
1353 1661 1585 1731 gloriam
1634 1673 1921 1730 superare.
1968 1658 2080 1729 Ego

503 1764 638 1805 sane
686 1752 956 1806 ambobus
990 1754 1149 1807 vobis
1179 1752 1482 1823 gratiosum
1525 1766 1613 1807 me
1647 1751 1888 1821 iudicem
1937 1766 2075 1821 prae-

504 1841 663 1906 bebo,
718 1843 820 1897 tibi
869 1843 1091 1913 quidem
1145 1845 1378 1914 palmam
1429 1844 1498 1898 de
1540 1849 1699 1914 patre
1745 1841 2076 1906 concedens,

504 1933 645 2002 patri
677 1948 806 1989 vero
835 1933 903 1989 de
931 1942 1002 1989 te.
1036 1933 1147 1990 Nos
1181 1942 1367 1989 autem
1404 1948 1680 2005 asperam,
1722 1948 1832 1988 non
1860 1941 1969 1986 tam
2005 1937 2081 1987 la-

504 2023 725 2091 pidibus
756 2039 923 2094 quam
983 2025 1355 2079 habitatorum
1401 2021 1671 2088 moribus,
1722 2021 1958 2076 Ithacam
2002 2020 2082 2074 fe-

502 2129 705 2177 remus,
740 2116 797 2169 in
838 2130 945 2185 qua
991 2116 1149 2169 multi
1197 2113 1351 2184 proci
1407 2122 1465 2168 et
1508 2115 1784 2169 bonorum
1829 2111 2081 2180 expetitae

504 2206 570 2258 ad
608 2207 832 2276 nuptias
863 2207 1111 2261 mulieris
1148 2212 1533 2276 occupatores,
1567 2203 1665 2274 qui
1696 2203 1778 2259 vel
1820 2203 1923 2258 hoc
1959 2202 2082 2272 ipso

504 2310 762 2367 sponsam
808 2299 1144 2353 contumelia
1179 2296 1445 2362 alliciunt,
1481 2296 1626 2365 quod
1673 2294 1959 2351 modestia:
2000 2302 2083 2346 at-

501 2406 611 2459 que
655 2390 853 2459 pudori
890 2389 1113 2459 nuptias
1160 2388 1463 2454 minantur,
1508 2385 1809 2453 Melantho,
1859 2388 1941 2443 vel
1990 2386 2085 2442 ali-

503 2496 613 2548 qua
661 2481 768 2535 alia
827 2481 1077 2550 ejusdem
1125 2482 1346 2551 generis
1400 2482 1649 2545 muliere,
1708 2492 1767 2535 ut
1815 2479 2078 2543 arbitror,

502 2574 666 2643 digna
711 2580 1130 2642 perpetrantes;
1181 2573 1277 2627 sed
1308 2573 1404 2641 qui
1463 2586 1593 2626 arcu
1647 2573 1846 2635 valeat,
1897 2572 2083 2626 nullus

503 2666 763 2736 suppetit.
811 2663 979 2720 Vides
1034 2679 1201 2735 quam
1262 2664 1509 2721 seniliter
1550 2664 1604 2718 in
1658 2664 1776 2726 his,
1830 2679 1952 2734 quae
2003 2665 2080 2717 nil

503 2756 666 2812 nobis
701 2756 1062 2818 conveniunt,
1099 2756 1286 2826 nngati
1322 2770 1535 2810 sumus.
1576 2753 1681 2809 Sed
1714 2754 1847 2809 mihi
1881 2755 1951 2809 ob
1984 2769 2080 2808 ca-

501 2847 693 2900 nitiem
752 2845 912 2901 venia
964 2847 1112 2902 ultro
1164 2846 1344 2901 danda
1399 2847 1538 2913 erit;
1597 2847 1879 2917 proprium
1938 2847 2079 2901 enim

503 2939 805 2992 senectutis
841 2947 947 3002 est,
974 2936 1435 3007 quemadmodum
1466 2938 1659 2993 oculos
1681 2938 1973 3009 gravedine
1995 2940 2082 2993 in-

503 3033 706 3085 festare
745 3040 802 3085 et
846 3031 1111 3087 membris
1170 3030 1427 3086 omnibus
1467 3038 1745 3101 torporem
1794 3033 2076 3097 inducere,

2186 673 2252 727 με
2284 656 2628 719 διαλαϐόντες
2659 657 2777 710 νυν).
2804 656 2940 727 (56),
2973 655 3036 709 σύ
3067 672 3127 709 τε
3149 655 3243 709 καὶ
3270 656 3299 708 6
3329 654 3396 708 τὰ
3423 653 3601 707 πάντα
3628 652 3768 705 θαυο-

2184 747 2379 817 μάσιος
2409 749 2438 801 6
2468 736 2647 819 πατήρ
2670 749 2699 801 6
2726 747 2840 811 σὸς,
2884 748 3071 819 ὥσπερ
3115 747 3204 801 τὸν
3246 745 3492 817 Λαέρτην
3528 746 3723 797 ἐκεῖνοι
3744 782 3763 806 ,

2183 839 2498 910 φιλοτίμους
2544 840 2696 904 ὅλους
2731 842 2788 894 ἐν
2816 840 2882 912 τῇ
2909 840 3045 912 πρὸς
3078 840 3224 910 ἡμᾶς
3248 840 3380 909 τιμῇ
3406 855 3464 890 τε
3494 838 3589 890 καὶ
3618 837 3767 904 φιλο-ο

2183 930 2424 1002 φροσύνῃ
2468 932 2596 1003 περὶ
2640 931 2748 984 τῶν
2792 931 3076 1002 πρωτείων
3121 926 3534 998 διαγωνίζεσθε,
3581 929 3609 981 ό
3659 928 3768 998 μὲν

2180 1019 2352 1087 οὕτως
2385 1023 2522 1092 (57),
2575 1022 2638 1075 σὺ
2681 1021 2738 1076 δὲ
2767 1024 2873 1077 ἀπὸ
2900 1021 3295 1083 Καππαδοκίας
3326 1022 3437 1082 τοῖς
3469 1019 3765 1089 γράμμασι

2183 1113 2484 1185 βάλλοντες.
2515 1113 2583 1166 Τί
2605 1109 2695 1167 οὖν
2724 1116 2751 1168 6
2776 1114 2951 1187 γέρων
2979 1112 3119 1181 ὲγὼς
3167 1112 3517 1184 Μακαριστδν
3543 1111 3765 1180 τίθεμαι

2180 1207 2278 1276 τὴν
2304 1205 2538 1278 ἡμέραν,
2566 1207 2622 1259 ὲν
2718 1205 2895 1276 βλέπω
2923 1205 3181 1275 τοιαύτην
3207 1204 3358 1259 παιδὶ
3388 1205 3527 1275 πρὸς
3546 1203 3765 1272 πατέρα

2180 1299 2278 1370 τὴν
2327 1298 2577 1365 ἅμιλλαν.
2623 1301 2713 1370 Μή
2750 1317 2878 1353 ποτε
2925 1296 3018 1353 οὖν
3064 1298 3319 1362 παύσαιο,
3372 1294 3608 1367 χρηστοῦ
3668 1295 3764 1349 καὶ

2181 1388 2494 1460 θαυμαστοῦ
2526 1388 2729 1460 πατρὸς
2776 1390 2939 1462 εὐχὴν
2985 1388 3197 1443 δικαίαν
3244 1386 3576 1457 ἀποπληρῶν
3604 1428 3615 1443 .
3663 1386 3763 1438 καὶ

2179 1483 2291 1545 τοῖς
2322 1479 2545 1549 ἀγαθοῖς
2574 1482 2951 1553 προτερήμασι
2979 1481 3077 1552 τὴν
3108 1480 3381 1551 πατρικὴν
3411 1477 3567 1541 δόξαν
3597 1477 3764 1546 ὑπερ-

2182 1572 2511 1644 ϐαλλόμενος
2545 1572 2679 1644 (58).
2730 1570 2867 1643 Παρ*
2896 1572 3223 1643 ἀμφοτέροις
3269 1572 3397 1641 ὑμῖν
3438 1570 3627 1639 ἔσομαι
3667 1584 3762 1620 κε-

2181 1665 2509 1736 χαρισμένος
2552 1666 2746 1736 κριτής
2771 1681 2785 1696 ·
2842 1665 2924 1716 σοι
2973 1664 3072 1735 μὲν
3120 1663 3189 1716 τὰ
3220 1664 3463 1732 πρωτεῖα
3497 1664 3631 1731 πρὸς
3667 1660 3764 1712 τὸν

2182 1757 2392 1828 πατέρα
2419 1756 2618 1827 νέμων,
2652 1754 2728 1826 τῷ
2761 1755 2927 1825 πατρὶ
2951 1755 3005 1808 δὲ
3032 1753 3168 1826 πρὸς
3197 1753 3256 1806 σέ
3275 1768 3289 1782 ’
3335 1753 3495 1823 ἡμεῖς
3529 1751 3585 1804 δὲ
3617 1751 3762 1803 οἴσο-

2185 1865 2283 1919 μεν
2308 1847 2405 1920 τὴν
2429 1848 2685 1919 τραχεῖαν
2744 1846 2978 1916 Ἰθάκην,
3021 1845 3082 1897 οὐ
3123 1842 3290 1907 λίθοις
3316 1841 3590 1905 τοσοῦτον,
3634 1843 3767 1895 ὅσον

2178 1941 2291 2003 τοῖς
2323 1939 2477 2010 ἤθεσι
2509 1938 2617 1993 τῶν
2644 1938 2943 2009 οἰκητόρων
2972 1933 3395 2007 τραχυνομένην,
3424 1934 3481 1986 ἐν
3575 1931 3766 1984 πολλοὶ

2184 2032 2492 2103 μνηστῆρες
2515 2071 2531 2095 ,
2584 2031 2676 2084 καὶ
2719 2028 2825 2082 τῶν
2856 2028 3148 2098 κτημάτων
3193 2028 3293 2095 τῆς
3321 2020 3763 2095 μνηστευομένης

2180 2123 2449 2195 κρατῆρες
2485 2122 2620 2190 (59),
2650 2121 2699 2174 οἱ
2725 2121 2817 2173 καὶ
2841 2117 2989 2188 αὑτῷ
3017 2118 3193 2188 τούτῳ
3216 2117 3315 2189 τὴν
3346 2115 3563 2185 νύμφην
3601 2111 3765 2181 ὑδρί-

2180 2214 2381 2278 ζοντες,
2411 2213 2489 2284 τῷ
2513 2213 2825 2267 ἐπαπειλεῖν
2855 2212 2945 2265 τόν
2971 2210 3146 2280 γάμον
3180 2211 3245 2279 τῇ
3277 2204 3616 2277 σωφροσύνῃ.
3648 2205 3764 2256 Με-

2179 2303 2406 2368 λανθοῦς
2448 2304 2583 2376 (60),
2626 2299 2802 2374 οἶμαι,
2838 2303 3001 2367 τινος,
3036 2303 3070 2374 ἢ
3122 2300 3290 2369 ἄλλης
3317 2296 3571 2366 τοιαύτης
3595 2293 3763 2361 ἀξίως

2180 2398 2528 2469 πράττοντες.
2557 2395 2806 2467 Οὑδαμοῦ
2834 2395 2890 2448 δὲ
2916 2397 2944 2447 6
2979 2392 3324 2464 σωερρονίζων
3351 2390 3429 2461 τῷ
3454 2389 3592 2458 τόξῳ
3621 2386 3765 2455 (61).

2183 2492 2349 2543 Ὅσον
2385 2488 2762 2561 πρεσϐυτικῶς
2807 2490 2899 2541 ἐπὶ
2946 2487 3015 2541 τὰ
3050 2486 3214 2557 μηδὲν
3249 2484 3596 2556 προσήκοντα
3631 2481 3765 2549 ἡμῖν

2180 2582 2677 2653 παρεληρήσαμενί
2725 2580 2883 2634 Ἀλλὰ
2918 2597 3005 2649 μοι
3049 2577 3337 2649 πρόχειρος
3377 2574 3516 2628 ἔστω
3548 2571 3635 2624 διὰ
3664 2570 3769 2640 τὴν

2181 2671 2371 2725 πολιὰν
2397 2673 2429 2739 ὴ
2461 2669 2756 2739 συγγνώμη
2778 2686 2790 2699 ο
2828 2669 2961 2721 ἷδιον
2985 2666 3095 2739 γὰρ
3124 2665 3293 2735 αὐτῆς
3320 2663 3453 2734 (62),
3484 2661 3671 2729 ὥσπερ
3701 2658 3766 2711 τὸ

2182 2760 2542 2834 κορυζοῦσθαι
2564 2762 2633 2816 τὰ
2658 2760 2900 2831 ὄμματα,
2932 2760 3025 2813 καὶ
3052 2759 3119 2812 τὰ
3154 2758 3290 2827 μέλη
3324 2756 3497 2810 πάντα
3526 2752 3631 2805 ὑπὸ
3662 2750 3765 2820 τῆς

2178 2853 2275 2907 τοῦ
2306 2854 2487 2923 γήρως
2520 2851 2774 2915 ἀπονοίας
2809 2851 2921 2919 (6'5)
2969 2848 3333 2920 βαρύνεσθαι,
3378 2844 3520 2899 οὕτω
3563 2842 3656 2896 καὶ
3698 2838 3763 2894 τὺ
3874 2858 3884 2865 ·

2182 2942 2489 3013 ἀδολεσχεῖν
2512 2943 2570 2994 ὲν
2597 2941 2675 3012 τῷ
2700 2941 2862 3012 λόγῳ.
2890 2942 2963 2995 Σὺ
2993 2939 3050 2993 δὲ
3078 2939 3224 3009 ἡμᾶς
3254 2938 3365 2999 τοῖς
3391 2931 3671 3005 τροχαλοῖς
3701 2945 3764 2982 τε

2182 3037 2278 3088 καὶ
2308 3033 2754 3106 διεγηγερμένοις
2783 3032 2889 3086 τῶν
2909 3031 3084 3100 λόγων
3113 3026 3375 3089 νεανικῶς
3399 3022 3760 3092 δεξιούμενος.

501 3123 579 3176 ita
615 3131 671 3177 et
714 3123 993 3193 garrulam
1031 3134 1192 3192 atque
1238 3122 1525 3177 verbosam
1557 3137 1701 3178 esse.
1752 3122 1832 3178 Tn
1896 3131 2076 3179 autem

2182 3126 2465 3200 ἀνανεώσῃ
2483 3126 2545 3179 τὸ
2566 3125 2763 3197 γῆρας,
2792 3127 2857 3196 τῇ
2887 3124 3027 3194 καλῇ
3082 3121 3175 3175 καὶ
3204 3118 3491 3191 πρεπούσῃ
3517 3129 3767 3218 γηρωκο-

501 3213 750 3276 volubili,
808 3212 1020 3268 fervido
1066 3222 1233 3283 atque
1275 3214 1504 3269 incitato
1539 3229 1796 3269 sermone
1844 3230 1965 3278 nos,
2015 3223 2074 3269 ut

498 3307 755 3375 juvenem
794 3306 974 3371 decet,
1020 3307 1326 3375 excipiens,
1375 3322 1461 3361 me
1483 3307 1759 3376 juventuti
1804 3309 2072 3377 quodam-

2200 3221 2299 3292 μία
2328 3219 2500 3292 ταύτῃ
2528 3219 2590 3272 τὸ
2626 3219 2689 3271 ὲκ
2724 3217 2897 3290 μηκὺς
2930 3216 3040 3288 (61)
3074 3215 3170 3286 τῆς
3206 3212 3414 3284 ἡλικίας
3439 3203 3769 3277 ἐπανορθού-

2200 3329 2376 3382 μενος.

502 3402 668 3457 modo
720 3400 941 3464 reddes,
993 3402 1222 3471 pulchra
1278 3408 1443 3472 atque
1496 3400 1709 3458 decenti
1771 3402 1872 3457 hac
1913 3419 2075 3460 senes
2113 3407 2353 3462 curandi
2430 3409 2665 3470 ratione,
2716 3405 3111 3476 longaevitatem
3163 3408 3407 3457 nostram
3450 3397 3506 3452 in
3579 3394 3769 3449 melio-

504 3510 618 3554 rem
650 3505 852 3553 statum
882 3496 1199 3551 restituens.

1046 3781 1384 3839 EPISTOLA
1425 3784 1545 3840 XII.

2661 3786 3006 3841 ΕΠΙΣΤΟΛΗ
3045 3786 3122 3839 to
3159 3784 3293 3856 (65).

510 3934 594 3993 Ea:
623 3939 779 4004 huius
814 3936 1051 4011 epistola:
1085 3946 1332 3992 contextu
1374 3948 1592 4009 apparet
1622 3956 1738 3993 eam
1781 3943 2037 4010 scriptam
2067 3941 2231 4008 fuisse
2266 3941 2335 3996 ad
2367 3941 2735 4011 Cappadocem
2767 3943 2949 4011 virump
2966 3942 3019 3995 in
3054 3941 3281 4010 quodam
3323 3938 3497 4011 Ponti
3530 3938 3642 4011 loco
3666 3937 3763 4011 dc-

577 4020 797 4079 gentem.
835 4004 1001 4062 Moris
1028 4018 1199 4061 autem
1244 4018 1365 4062 tunc
1392 4004 1507 4063 erat
1553 4010 1750 4079 amicos
1786 4011 1854 4063 ad
1885 4004 2197 4067 celebriora:
2226 4004 2556 4079 festivitates.
2597 4012 2893 4079 prasertim
2928 4004 3231 4073 Paschalis,
3270 4024 3379 4063 una
3419 4008 3761 4079 celebrandas

576 4078 816 4157 invitare,
846 4088 901 4131 ut
933 4088 1077 4148 patet
1111 4093 1176 4131 ex
1212 4079 1544 4157 Naaianzem'
1576 4078 1832 4149 Epistolis
1856 4081 1945 4147 99,
1978 4082 2100 4145 l00,

576 4151 746 4202 dium.

579 4324 686 4380 Nec
715 4324 858 4379 veris
890 4325 1067 4394 gratia
1103 4336 1327 4394 repente
1366 4341 1429 4380 ac
1480 4334 1594 4381 tota
1628 4326 1794 4381 simul
1837 4329 2079 4383 emicare

509 4419 688 4484 solet;
718 4416 813 4472 sed
851 4418 1005 4471 verni
1042 4417 1309 4485 temporis
1340 4418 1565 4473 exordia
1605 4418 1739 4473 ﬁunt
1769 4418 1905 4474 solis
1942 4419 2077 4473 radii

508 4523 667 4565 terrae
706 4508 966 4565 duritiem
1017 4507 1220 4562 blande
1268 4510 1633 4574 emollientcs,
1692 4517 1747 4565 ct
1797 4509 1959 4566 ﬂores
1996 4510 2080 4565 di-

576 4689 690 4810 (i55)
742 4688 806 4742 Et
856 4690 945 4744 hic
999 4690 1231 4744 fortasse
1291 4689 1601 4759 legendum,
1652 4691 1687 4759 ή
1748 4690 1843 4744 καὶ
1889 4690 1948 4743 ὲν
2012 4693 2079 4761 τῇ

576 4778 579 4796 ι
608 4776 722 4810 .u'n.

511 4776 615 4825 μνη
627 4776 722 4826 an.

965 4826 1102 4883 Med.
1155 4828 1335 4899 μέσον.
1401 4828 1572 4886 Paulo
1602 4838 1745 4900 post,
1787 4828 2081 4901 φιλοτίμως

618 4916 643 4958 ς
680 4916 715 4951 α
838 4914 962 4961 ους.

504 4911 547 4950 π
555 4901 643 4961 ob:
680 4901 962 4961 ἀλλήλους.

579 4969 926 5105 (57ιὲὶῦτως.
970 4968 1044 5023 ld.
1079 4970 1199 5025 cod.
1244 4974 1309 5027 ὲκ
1341 4974 1435 5029 τού
1467 4972 1695 5025 Πόντου.
1725 4968 1792 5024 Et
1826 4985 1950 5027 mox
1983 4987 2083 5041 μα-

586 5056 703 5105 ριστ
748 5056 795 5089 ν.

509 5056 795 5106 καριστην.

431 5111 439 5119 ’
724 5109 958 5185 ξΥπεῆϐ.
1004 5108 1578 5185 1‹Ι.-ύπερ6αλλόμενος
1609 5110 1801 5173 οὓτως.

580 5177 697 5241 (59)
719 5177 1038 5254 Ιιζρᾳτῆρες.
1063 5177 1226 5254 llud.
1253 5177 1556 5254 βρωτῆρες,
1582 5191 1893 5235 coniectores
1916 5194 1934 5230 .'
1969 5193 2083 5254 _vox

510 5247 575 5299 ad
602 5247 931 5319 sententiam
966 5247 1452 5315 aptissima'.'Mox"
1494 5261 1675 5305 autem
1710 5248 2080 5319 σωφρονούσῃ.

508 5317 708 5369 ο-Ειει
748 5316 1144 5391 incompertum
1205 5322 1335 5375 mihi
1393 5324 1462 5377 sit
1509 5338 1575 5375 an
1635 5335 1734 5373 vox
1789 5316 2081 5391 κρατῆρες,

510 5401 610 5453 pro
632 5388 1077 5458 occupatorihus.
1105 5407 1168 5443 eo
1197 5406 1359 5446 sensu
1389 5408 1417 5445 a
1439 5391 1693 5458 quopiam
1731 5388 1952 5457 accepta
1989 5389 2081 5450 sit,

509 5470 618 5522 quo
651 5457 876 5531 verbum
914 5459 1133 5527 κρατέω
1154 5476 1531 5531 saepenumero
1555 5457 1849 5531 usurpatur
1870 5475 1888 5531 ;ﬁ
1904 5466 2085 5531 tamen

511 5540 618 5590 non
646 5526 803 5577 video
842 5526 1078 5590 quonam
1117 5526 1249 5584 alio‘
1274 5532 1484 5586 meliori
1529 5526 1706 5586 sensu'
1735 5531 1836 5584 hoc
1877 5530 1933 5582 in
1964 5528 2084 5584 loco

514 5588 705 5648 Latine
744 5588 894 5647 reddi
934 5597 1127 5663 possit.

587 5664 698 5731 (60)
738 5663 935 5738 Notu_m
959 5674 1042 5738 est
1072 5668 1333 5734 eruditis,
1365 5671 1469 5724 hoc
1498 5670 1722 5723 nomine
1758 5667 2083 5738 appellatam

518 5734 685 5789 fuisse
721 5749 840 5812 eam
875 5733 1164 5812 Peltelopis
1198 5733 1476 5812 ancillam,
1520 5755 1641 5809 quae
1673 5733 1940 5808 Ulyssem,
1981 5737 2085 5792 sub

518 5805 772 5874 properis
805 5804 989 5859 habitu
1022 5806 1300 5870 latentem.
1353 5811 1489 5865 adeo
1534 5804 1909 5875 aversabatur,
1942 5817 1999 5863 nt
2030 5814 2085 5862 et

2141 4092 2189 4136 et
2218 4078 2342 4149 l02,
2374 4082 2445 4137 ad
2480 4078 3000 4150 Euldliumdunclis
3033 4080 3286 4149 Epicteti:
3320 4080 3444 4144 230,
3471 4078 3540 4132 ad
3575 4078 3764 4132 Palla-

2254 4331 2389 4385 Οὐδὲ
2410 4330 2503 4384 τοῦ
2547 4330 2705 4401 ἔαρος
2728 4332 2761 4400 ἡ
2784 4330 2941 4401 χάρις
2975 4328 3297 4398 διαλάμπειν
3321 4327 3460 4381 κατὰ
3481 4326 3542 4379 τὸ
3569 4324 3765 4396 ἁθρόον

2187 4424 2429 4491 πέφυκεν
2450 4439 2465 4454 ο
2504 4422 2638 4476 ἁ).λά
2664 4422 2924 4493 προοίμια
2952 4422 3048 4488 τῆς
3074 4420 3221 4491 ῶρας
3244 4420 3479 4485 γίνονται
3513 4418 3668 4479 ἀκτίς
3703 4434 3762 4469 τε

2186 4514 2470 4585 προσηνῶς
2506 4515 2566 4567 τὸ
2597 4515 2841 4583 πεπηγὸς
2869 4514 2964 4581 τῆς
2993 4512 3095 4580 γῆς
3123 4510 3512 4573 ἐπιθάλπουσα,
3551 4510 3644 4561 καί
3668 4508 3765 4562 ἄν·

2178 4690 2409 4745 verbera
2439 4690 2489 4744 ei
2525 4689 2846 4749 minaretur,
2885 4686 2989 4743 nisi
3018 4704 3047 4742 c
3079 4688 3363 4754 PeneIOpis
3395 4686 3561 4741 domo
3588 4686 3763 4741 disce-

2180 4761 2355 4823 deret,
2406 4767 2465 4811 ut
2493 4759 2675 4812 videre
2724 4768 2807 4811 est
2866 4758 2918 4811 in
2975 4756 3193 4811 Homeri
3242 4757 3409 4827 Odgs.
3463 4757 3558 4812 lib.
3599 4772 3757 4824 xrm,

2182 4845 2328 4885 vers.
2361 4828 2486 4892 519,
2514 4837 2567 4881 et
2602 4828 2693 4880 lib.
2736 4843 2851 4886 xu.
2894 4843 3037 4880 vers.
3070 4828 3159 4880 65.

2251 4897 2674 4970 (6l)_Bespicit
2722 4897 3003 4967 Nyssenus
3058 4899 3123 4951 ad
3160 4911 3469 4970 procorum
3527 4911 3759 4970 necem,

2180 4964 2355 5038 quam
2389 4964 2825 5038 Ulyssesjact'is
2875 4984 3004 5021 arcu
3056 4964 3294 5038 sagiitis,
3331 4966 3584 5036 patravit.
3629 4964 3764 5021 Vide

2187 4985 2345 5038 quam
2393 4984 2452 5023 UI
2494 4984 2613 5022 sses
2659 4984 2825 5032 lacus
2875 4985 2894 5020 ει

2187 5039 2406 5094 Homeri
2434 4984 2600 5105 ὅτιῃδ.
2633 5037 2724 5090 lib.
2759 5054 2894 5090 χχιι.

2258 5107 2602 5179 (62)Αὐτῆςγ.
2637 5105 2713 5160 ld.
2738 5109 2896 5179 αὐτῇ.
2926 5106 3044 5159 Mox
3083 5122 3214 5161 vero
3235 5106 3438 5179 clarius
3469 5115 3524 5159 et
3559 5106 3765 5174 Optime

2187 5177 2405 5242 ἀτονίας
2440 5194 2536 5246 pro
2570 5177 2857 5241 ἀπονοίας.
2879 5179 3114 5232 Canace.
3144 5193 3197 5245 p.
3229 5177 3317 5230 95.

2258 5251 2369 5319 (65)
2410 5243 2516 5301 Aut
2544 5249 2633 5301 hic
2668 5249 2922 5319 mendum
2959 5243 3175 5315 aliquod
3208 5247 3415 5319 subest,
3446 5254 3560 5308 aut,
3591 5246 3623 5314 ἡ
3667 5243 3763 5298 τοῦ

2188 5315 2376 5391 γήρως
2425 5319 2674 5391 ἀπόνοια.
2711 5316 2848 5371 idem
2880 5333 2976 5391 per
3016 5315 3557 5391 circumlocutionem
3586 5324 3670 5391 est
3700 5330 3765 5367 ac

2190 5385 2439 5457 simplex.
2485 5388 2547 5440 τὸ
2584 5388 2781 5457 γῆρας,
2830 5385 2979 5457 quod
3024 5395 3358 5456 postremum
3407 5389 3464 5438 in
3512 5385 3765 5440 versione

2188 5470 2375 5513 nostra
2410 5459 2580 5512 secuti
2616 5473 2827 5512 sumus.

2175 5561 2179 5566 ν
2263 5529 2375 5597 (64)
2406 5529 2740 5597 Ἐκμηκός.
2782 5526 2915 5580 Cod.
2952 5526 3089 5580 Med.
3136 5525 3438 5597 κεκμηκός,
3483 5524 3626 5597 qugd
3679 5525 3760 5597 to-

2190 5594 2313 5652 cuin
2338 5594 2390 5652 et
2419 5594 2639 5653 selisum
2673 5599 2831 5666 plane
2866 5597 3037 5649 rclicit
3070 5614 3083 5649 :
3115 5596 3172 5648 τὸ
3204 5594 3484 5664 κεκμηκὸς
3521 5594 3619 5664 τῆς
3648 5594 3763 5666 ἠλι-

2191 5669 2335 5731 κίας.
2366 5669 2687 5722 labon‘osam
2712 5676 2938 5719 (malem.
2978 5667 3213 5720 Canace.
3237 5682 3287 5732 p.
3323 5667 3413 5720 95.

2262 5740 2374 5803 (65)
2416 5741 2635 5790 Ἐπιστ.
2663 5736 2983 5806 Ιιιεοτῇίιὶιιιι·
3022 5736 3099 5806 τῷ
3140 5735 3306 5806 αὐτῷ,
3337 5734 3527 5797 eidem,
3571 5734 3631 5787 in
3650 5747 3760 5789 ms.

2193 5807 2383 5863 Medic.
2422 5819 2611 5878 estque
2640 5821 2787 5859 nutu.
2816 5805 2903 5857 IX.
