4092 6368
369 223 505 278 1645

1561 219 1940 276 ΕΡΙΒΤΟΙιίΕ.
1977 246 2046 258 -—
2081 220 2298 278 EPIST.
2335 223 2444 278 ΧΗ.

3478 217 3614 272 HNG

365 339 456 404 Θος
473 343 504 411 ἢ
515 335 754 410 pegma);
771 343 835 409 τῇ
865 339 1018 410 βώλῳ
1038 341 1530 412 ὑποκρυπτόμενον,
1555 344 1645 395 καὶ
1662 338 1726 395 αὖ
1735 359 1820 412 ραι
1839 340 1938 408 τὴν

2045 340 2207 392 midia
2240 344 2322 395 sui
2357 351 2508 411 parte
2535 343 2706 412 glebis
2737 341 2886 406 tecti,
2927 351 2980 395 et
3009 356 3155 394 aurae
3193 349 3392 393 terram
3425 337 3612 392 allian-

367 432 468 501 γῆν
484 429 738 483 ἐπιπνέου
747 437 853 493 σαι,
877 430 950 492 ὡς
964 431 1050 484 διὰ
1067 431 1260 500 βάθους
1271 433 1332 484 τὸ
1344 433 1406 485 ἐκ
1430 432 1523 484 τοῦ
1541 433 1702 502 ἀέρος
1718 431 1940 500 γόνιμόν

365 535 424 569 τε
444 520 536 571 καὶ
554 517 826 585 ζωόφυτον
842 520 920 579 είς
932 519 1100 586 αὐτὴν
1111 519 1438 587 διαδύεσθαι.
1459 522 1612 573 Ἔστι
1649 522 1740 573 καὶ
1756 519 1940 574 νεοθα-

367 608 431 678 λῆ
463 609 598 660 πόαν
615 607 931 669 θεάσασθαι,
951 611 1040 661 καὶ
1056 610 1280 679 ὀρνίθων
1297 610 1569 671 ἐπάνοδον,
1589 609 1680 673 οὓς
1692 612 1721 663 ό
1736 610 1940 680 χειμὼν

367 697 671 762 ἁπεξένωσε
681 737 694 758 ,
711 699 804 750 καὶ
816 699 980 752 πολλὰ
990 700 1231 762 τοιαῦτα,
1247 699 1282 754 ἃ
1295 718 1360 770 ση
1369 702 1495 770 μεία
1510 699 1707 768 μᾶλλόν
1720 698 1937 751 ἐστιτοῦ

370 785 548 856 ἔαρος,
568 788 666 840 οὐκ
682 788 811 840 αὐτὸ
826 787 886 840 τὸ
901 787 1020 859 ἔαρ.
1051 788 1196 858 Πλὴν
1213 789 1324 842 ἀλλ’
1359 789 1457 860 ήδῆ
1472 790 1564 842 καὶ⁸
1591 788 1781 854 ταῦτα,
1807 788 1938 841 διότι

371 879 462 930 καὶ
477 877 582 930 τῶν
597 878 827 948 ἡδίστων
859 879 1145 948 μηνύματα
1162 879 1269 949 (66)
1303 881 1528 948 γίνεται.
1561 879 1623 932 Τί
1639 876 1731 933 οὖν
1743 881 1771 932 ὁ
1785 879 1942 948 λόγος

373 987 461 1038 μοι
481 969 722 1038 βούλεται
743 985 757 1033 ;
788 969 1000 1039 Ἐπειδὴ
1020 971 1319 1041 πρόδρομος
1349 971 1457 1024 τῶν
1479 973 1534 1023 ἐν
1553 973 1634 1024 σοὶ⁹
1653 971 1940 1042 θησαυρῶν

367 1062 401 1130 ἡ
437 1060 523 1113 διὰ
557 1060 664 1112 τῶν
691 1061 1031 1131 γραμμάτων
1068 1079 1160 1115 σου
1210 1063 1571 1134 φιλοφροσύνη
1621 1064 1756 1132 πρὸς
1791 1065 1940 1134 ἡμᾶς

368 1151 615 1218 ἐλθοῦσα,
647 1152 794 1222 καλῷ
823 1154 1092 1224 προοιμίῳ
1119 1155 1176 1207 τὸ
1197 1156 1345 1226 παρὰ
1374 1156 1466 1209 σοῦ
1498 1156 1940 1228 προσδοκώμενον

371 1245 500 1313 ἡμῖν
529 1243 933 1312 εὐαγγελίζεται
957 1261 970 1274 °
1021 1248 1114 1300 ita).
1144 1247 1242 1318 τὴν
1272 1249 1329 1301 ἐν
1355 1248 1563 1312 τούτοις
1604 1251 1760 1319 χάριν
1787 1250 1939 1319 δεχό-

374 1335 533 1403 μεθα,
563 1334 639 1398 ῶς
686 1354 737 1388 τι
775 1339 1129 1407 πρωτοφανὲς
1175 1339 1332 1403 ἄνθος
1360 1339 1453 1393 τοῦ
1481 1340 1657 1410 ἔαρος,
1691 1340 1784 1393 καὶ
1815 1341 1940 1409 ὅλης

369 1425 670 1478 ἀπολαῦσαι
715 1427 812 1496 τῆς
860 1426 1012 1498 ὥρας
1053 1429 1110 1482 ἐν
1144 1429 1224 1482 σοὶ
1263 1430 1532 1500 εὐχόμεθα
1562 1433 1670 1499 (67)
1718 1430 1803 1483 διὰ
1842 1432 1939 1484 τά·

369 1533 516 1586 χους.
546 1516 756 1586 Σφόδρα
783 1516 912 1589 γὰρ,
941 1513 1000 1571 εὖ
1034 1519 1161 1585 ἴσθι,
1193 1520 1395 1590 σφόδρα
1439 1521 1516 1590 τῷ
1545 1521 1705 1592 θυμῷ
1743 1523 1835 1575 καὶ
1871 1525 1937 1593 τῇ

370 1609 562 1679 πικρίᾳ
580 1607 689 1661 τῶν
712 1609 1018 1680 ἐπιχωρίων
1041 1609 1186 1679 ηθῶν
1208 1612 1612 1682 πεπονήκαμεν·
1637 1611 1730 1664 καὶ
1751 1610 1939 1682 ὥσπερ

2047 441 2129 485 tes
2164 439 2221 484 ut
2263 433 2579 487 seminalem
2630 442 2817 502 atque,
2841 432 3210 503 generativam
3255 431 3398 484 aeris
3437 431 3612 482 virtu-

2044 529 2150 575 tem
2181 521 2233 575 in
2266 523 2385 592 ejus
2420 525 2602 578 abdita
2654 525 2955 578 insinuent.
2987 523 3140 578 Licet
3168 531 3222 577 et
3267 537 3458 575 recens
3494 521 3611 588 pul-

2044 613 2304 668 lulantem
2343 616 2566 670 herbam
2623 617 2848 680 intueri,
2891 626 2944 671 et
2998 616 3201 677 avium,
3250 630 3387 684 quos
3435 613 3610 667 hiems

2043 707 2294 761 exsulare
2334 709 2520 776 jussit,
2570 709 2831 772 reditum,
2874 717 2930 762 et
2975 708 3080 760 alia
3136 707 3304 760 multa
3354 706 3609 773 hujusce-

2044 797 2209 862 modi,
2249 814 2369 867 qua:
2400 800 2651 868 quamvis
2683 801 2836 869 signa
2883 800 3064 869 potius
3095 799 3237 853 veris
3280 798 3410 861 sint,
3445 815 3605 867 quam

2042 903 2136 942 ver
2183 889 2381 958 ipsum,
2419 898 2658 945 attamen
2713 901 2768 945 et
2819 891 2936 960 ipsa
2976 890 3219 960 jucunda
3276 898 3432 952 sunt,
3473 904 3612 958 quo-

2042 979 2186 1033 niam
2244 995 2331 1034 res
2375 981 2533 1048 longe
2575 979 3017 1047 jucundissimas
3063 979 3418 1049 portendunt.
3467 979 3607 1044 Quid

2041 1070 2210 1138 igitur
2255 1070 2357 1124 sibi
2407 1072 2524 1125 vult
2575 1085 2756 1125 sermo
2798 1071 3028 1125 noster?
3059 1070 3328 1136 Quoniam
3375 1069 3611 1123 benevo-

2040 1157 2207 1213 lentia
2257 1166 2374 1224 tua,
2413 1160 2662 1217 thesauri
2707 1161 2761 1213 in
2801 1167 2854 1213 te
2895 1160 3122 1228 repositi
3156 1158 3482 1227 praenuntia,
3516 1172 3611 1226 per

2041 1249 2249 1304 litteras
2275 1250 2341 1304 ad
2369 1265 2468 1305 nos
2491 1250 2735 1313 veniens,
2766 1250 3165 1319 pulchroinitio
3183 1249 3322 1303 bona
3354 1264 3473 1318 qum
3499 1264 3526 1301 a
3555 1255 3610 1301 te

2039 1344 2440 1405 exspectamus,
2474 1337 2789 1403 annuntiat;
2827 1353 2927 1392 nos
2983 1338 3198 1407 quidem
3239 1338 3458 1392 insitam
3500 1337 3608 1390 illis

2039 1426 2293 1494 gratiam,
2326 1427 2492 1481 veluti
2532 1425 2818 1497 quemdam
2841 1426 3018 1496 primo
3046 1427 3192 1482 veris
3222 1433 3465 1496 tempore
3513 1443 3604 1496 ap-

2040 1525 2318 1585 parentem
2359 1516 2566 1583 liorem,
2624 1519 2978 1588 suscipimus,
3013 1518 3180 1571 etiam
3229 1527 3395 1586 atque
3443 1518 3606 1571 etiam

2043 1615 2325 1676 rogantes,
2361 1615 2419 1660 ut
2466 1607 2630 1677 pleno
2663 1615 2770 1662 tua:
2799 1607 3088 1676 probitatis
3133 1622 3258 1663 vere
3293 1623 3457 1676 quam
3494 1608 3610 1677 pri-

368 1670 482 1759 τοῖς
510 1670 900 1767 δωματίοιςηέκ
925 1697 1031 1751 τῶν
1061 1670 1448 1770 ἐπεισρεόντων
1478 1670 1682 1753 ύδάτων
1711 1670 1931 1771 ὑποτρέ-

2048 1713 2191 1750 mum
2227 1713 2326 1752 nos
2357 1697 2463 1751 frui
2492 1697 2683 1754 facias.
2711 1697 2936 1752 Multum
2964 1699 3132 1762 enim,
3167 1706 3227 1752 ut
3249 1699 3416 1768 probe
3441 1698 3605 1759 nosti,

369 1803 524 1853 φεται
561 1788 887 1858 κρύσταλλος
916 1787 1025 1858 (68)
1063 1788 1357 1860 (χρήσομαι
1389 1791 1495 1862 γάρ
1521 1794 1584 1844 ἐκ
1610 1791 1717 1844 τῶν
1746 1792 1940 1862 ἡμετέ-

370 1893 478 1946 ρων
508 1876 583 1946 τῷ
616 1877 1011 1946 ὑποδείγματι),
1043 1877 1186 1931 οὕτω
1214 1877 1326 1950 (69)
1362 1881 1736 1952 καταῤῥέουσα
1773 1885 1935 1950 νοτὶς,

366 1969 414 2020 εί
447 1967 526 2038 τῷ
557 1969 824 2039 πεπηγότι
849 1970 1216 2037 ἐπιπολάσειε,
1249 1971 1488 2026 λιθοῦται
1522 1974 1651 2045 περὶ
1687 1974 1776 2028 τὸν
1809 1976 1942 2046 κρύ-

368 2062 606 2123 σταλλον,
638 2065 729 2117 καὶ
759 2065 1038 2135 προσθήκη
1085 2063 1178 2118 τοῦ
1225 2065 1386 2134 ὄγκου
1429 2065 1656 2133 γίνεται.
1692 2065 1940 2119 Τοιοῦτόν

364 2170 417 2205 τι
469 2153 707 2224 βλεπέτω
735 2155 846 2226 (70)
899 2159 1010 2220 τοῖς
1063 2156 1277 2221 πολλοῖς
1320 2156 1430 2211 τῶν
1476 2157 1616 2210 κατὰ
1656 2157 1747 2210 τὸν
1777 2157 1938 2211 τόπον

365 2243 830 2313 ἐπιχωριαζόντων
875 2246 935 2298 τὸ
966 2242 1118 2318 ἦθος,
1167 2246 1243 2310 ὡς
1288 2247 1372 2300 ἀεί
1408 2264 1459 2300 τι
1506 2251 1939 2318 προσεπινοείται

366 2335 494 2402 παρ’
523 2333 699 2388 αὐτῶν
743 2337 822 2398 είς
875 2339 1098 2406 πικρίαν
1147 2338 1240 2391 καὶ
1285 2337 1686 2408 ἐφευρίσκεται,
1737 2341 1832 2393 καὶ
1861 2337 1939 2408 τῷ

367 2427 922 2497 προκατειργασμένςο
976 2428 1161 2499 ἕτερον
1215 2429 1383 2482 κακὸν
1412 2429 1798 2500 ἐπιπήγνυται,
1843 2431 1940 2484 κά-

367 2515 528 2584 κείνῳ
563 2516 708 2582 ἄλλο,
757 2520 849 2570 καὶ
891 2519 1052 2572 πάλιν
1099 2521 1318 2591 ἓτερον,
1363 2522 1456 2573 καὶ
1505 2520 1662 2574 τοῦτο
1702 2523 1938 2593 συνεχῶς

368 2607 578 2676 ὑπαντᾷ
605 2609 736 2677 (71),
770 2611 860 2663 καὶ
904 2611 1079 2674 οὐδεὶς
1106 2611 1251 2682 αὐτῷ
1295 2614 1419 2683 ὅρος
1463 2613 1556 2667 τοῦ
1600 2616 1787 2686 μίσους
1846 2617 1939 2669 καὶ

363 2698 465 2768 τῆς
496 2698 602 2752 τῶν
633 2701 816 2754 κακῶν
847 2702 1195 2775 ἐπαυξήσεως
1220 2719 1232 2733 ⁸
1287 2705 1426 2758 ὥστε
1461 2706 1668 2760 πολλῶν
1691 2708 1818 2777 ὑμῖν
1849 2709 1939 2761 εὑ-

366 2789 475 2859 χῶν
503 2789 614 2860 (72)
655 2788 794 2844 εἶναι
841 2793 1061 2863 χρείαν,
1112 2795 1433 2848 ἐπιπνεῦσαι
1481 2796 1569 2850 διὰ
1614 2797 1812 2866 τάχους
1842 2798 1939 2870 τὴν

366 2881 525 2949 χάριν
555 2880 647 2933 τοῦ
679 2881 1012 2951 Πνεύματος,
1057 2884 1150 2936 καὶ
1174 2885 1385 2954 διαχέαι
1425 2886 1524 2955 τὴν
1576 2887 1799 2956 πικρίαν
1843 2886 1937 2940 τοῦ

368 2970 580 3038 μίσους,
632 2972 726 3024 καὶ
753 2972 1043 3043 διαθρύψαι
1079 2974 1169 3026 τὸν
1213 2975 1278 3027 ἐκ
1330 2975 1430 3044 τῆς
1467 2977 1729 3047 πονηρίας
1758 2977 1938 3042 αὐτοῖς
1964 3001 2008 3059 C

367 3064 708 3134 πηγνύμενον
738 3064 1087 3135 κρύσταλλον.
1117 3065 1215 3117 Διὰ
1247 3064 1417 3118 ταῦτα
1445 3066 1614 3135 γλυκὺ
1639 3066 1700 3119 τὸ
1724 3067 1822 3137 ἔαρ
1844 3071 1937 3122 καὶ

367 3155 505 3207 κατὰ
540 3155 699 3220 φύσιν
749 3154 1023 3225 ὑπάρχον,
1069 3155 1261 3208 ἑαυτοῦ
1315 3155 1684 3226 ποθεινότερον
1729 3157 1935 3225 γίνεται

365 3247 474 3307 τοῖς
505 3246 611 3298 ἀπὸ
658 3245 909 3299 τοιούτων
943 3263 1002 3298 σε
1035 3245 1484 3317 προσδεχομένοις
1512 3246 1809 3317 χειμώνων.
1845 3249 1936 3318 Μὴ

365 3330 457 3388 οὖν
479 3335 782 3405 βραδυνέτω
803 3338 836 3406 ἡ
857 3337 1013 3406 χάρις
1041 3351 1055 3366 ⁸
1087 3335 1260 3400 ἄλλως
1292 3353 1350 3389 τε
1375 3337 1468 3388 καὶ
1492 3337 1590 3406 τῆς
1623 3337 1781 3406 ἁγίας
1804 3340 1936 3408 ἡμῖν

365 3427 576 3497 ἡμέρας
611 3426 1032 3498 πλησιαζούσης,
1078 3426 1439 3497 εὐλογώτερον
1488 3427 1553 3481 ἂν
1587 3429 1693 3498 εἴη,
1723 3428 1820 3498 τὴν
1852 3431 1938 3482 ἐν·

367 3518 636 3585 εγκοῦσαν
688 3521 800 3582 τοῖς
852 3518 999 3582 ίδίοις
1069 3519 1268 3590 μᾶλλον
1334 3520 1367 3590 ἢ
1426 3520 1516 3572 τὸν
1577 3521 1774 3573 Πόντον
1830 3525 1941 3586 τοῖς

365 3609 650 3680 ἡμετέροις
682 3609 1058 3679 σεμνύνεσθαι.
1105 3609 1255 3663 Ἐλθέ
1283 3605 1396 3675 οὖν,
1435 3604 1482 3663 ῶ
1531 3609 1659 3679 φίλη
1709 3611 1938 3680 κεφαλὴ,

363 3699 546 3772 φέρων
590 3700 718 3768 ἡμῖν
763 3695 980 3766 ἀγαθῶν
1033 3698 1267 3770 πλῆθος,
1320 3697 1514 3750 σαυτόν
1552 3713 1566 3726 ·
1625 3697 1782 3750 τοῦτο
1833 3699 1940 3770 γὰρ

365 3791 518 3843 ἔσται
537 3790 642 3843 τῶν
675 3789 895 3859 ἀγαθῶν
923 3792 1029 3843 τῶν
1059 3789 1344 3860 ἡμετέρων
1373 3789 1435 3843 τὸ
1465 3790 1760 3860 πλήρωμα.

367 3886 583 3950 alienis,
638 3886 743 3941 hoc
790 3893 895 3953 est,
947 3886 1156 3942 nostris
1201 3885 1398 3955 opibus
1449 3885 1720 3940 decorari.

2042 1787 2272 1842 multum
2299 1789 2562 1845 molestiae
2589 1790 2752 1845 nobis
2779 1791 2962 1844 attulit
3006 1790 3199 1845 feritas
3239 1797 3292 1844 et
3337 1790 3606 1858 asperitas
3667 1829 3672 1832 -

2040 1894 2275 1945 morum,
2309 1880 2402 1951 qui
2439 1882 2578 1950 apud
2611 1882 2774 1952 hujus
2805 1881 3043 1952 regionis
3074 1882 3280 1937 incolas
3307 1882 3524 1951 vigent;
3555 1890 3608 1936 et

2038 1971 2498 2040 quemadmodum
2532 1971 2588 2024 in
2630 1971 2916 2027 domorum
2964 1972 3120 2026 tectis
3151 1986 3214 2026 ex
3255 1969 3606 2024 inﬂuentibus

2039 2062 2196 2130 aquis
2243 2062 2445 2132 glacies
2497 2064 2761 2119 accrescit
2827 2063 3098 2133 (exemplo
3145 2063 3288 2117 enim
3338 2078 3368 2115 e
3419 2070 3606 2115 nostra

2039 2151 2260 2220 regione
2317 2161 2534 2222 sumpto
2579 2155 2758 2222 utar),
2813 2162 2865 2207 et
2921 2153 3164 2209 deﬂuens
3212 2168 3388 2208 novus
3455 2167 3610 2221 aquae

2039 2244 2258 2307 humor,
2308 2243 2353 2297 si
2408 2258 2574 2312 super
2615 2258 2770 2314 aqua:
2813 2245 2924 2312 jam
2978 2244 3219 2297 densata:
3262 2242 3608 2312 superfiCiem

2040 2334 2322 2398 dilatetur,
2359 2334 2413 2388 in
2441 2335 2672 2404 glaciem
2699 2345 2752 2390 et
2801 2337 2918 2404 ipse
2951 2335 3216 2398 durescit,
3249 2334 3608 2404 ejusdemque

2042 2437 2279 2480 massam
2329 2425 2600 2496 adauget:
2645 2425 2826 2480 simile
2873 2425 3152 2495 quidpiam
3189 2425 3243 2478 in
3289 2433 3606 2479 nostrorum

2039 2516 2419 2587 indigenarum
2474 2517 2720 2573 moribus
2764 2518 3012 2573 obtinere
3051 2518 3282 2582 videtur,
3340 2531 3462 2571 eum
3505 2517 3608 2570 ali-

2040 2608 2170 2678 quid
2217 2623 2433 2677 semper
2478 2609 2546 2663 ad
2590 2617 2828 2664 veterem
2883 2609 3235 2677 asperitatem
3295 2608 3608 2677 excogitent

2039 2705 2203 2767 atque
2230 2698 2602 2764 adinveniant,
2629 2707 2682 2752 et
2711 2699 2855 2752 malo
2876 2698 2986 2765 jam
3015 2705 3345 2766 perpetrato,
3374 2698 3605 2750 alterum

2040 2792 2241 2844 malum
2277 2791 2559 2860 adjiciant,
2601 2798 2656 2845 et
2692 2790 2782 2845 isti
2814 2789 2959 2843 aliud
2990 2789 3244 2856 aliudque
3276 2803 3491 2853 rursus,
3524 2788 3606 2841 id-

2039 2899 2145 2954 que
2188 2891 2453 2952 perpetuo
2490 2882 2709 2943 accidit,
2751 2889 2805 2936 et
2841 2881 3025 2936 nullus
3070 2881 3179 2936 odii
3231 2889 3286 2935 et
3339 2880 3606 2934 malorum

2041 2975 2362 3030 incrementi
2403 2973 2671 3029 terminus
2705 2979 2964 3042 apparet;
2997 2973 3070 3026 ita
3113 2979 3172 3025 ut
3207 2972 3394 3025 multis
3427 2971 3607 3041 preci-

2039 3065 2141 3120 bus
2172 3064 2330 3118 nobis
2358 3079 2498 3133 opus
2536 3065 2628 3128 sit,
2666 3071 2745 3126 ut,
2778 3061 3020 3132 Spiritus
3043 3063 3219 3116 sancti
3238 3063 3412 3132 gratia
3444 3077 3604 3130 quam

2037 3155 2148 3208 cito
2183 3169 2283 3208 nos
2316 3152 2552 3214 alilante,
2593 3152 2704 3206 odii
2737 3151 3048 3206 amaritudo
3083 3151 3381 3221 dissipetur
3407 3159 3460 3204 et
3491 3153 3609 3221 gla-

2039 3249 2154 3300 cies
2200 3245 2334 3314 ipsis
2387 3261 2455 3300 ex
2503 3235 2709 3298 malitia
2771 3243 3045 3298 inhaerens
3095 3251 3431 3297 conteratur.
3477 3242 3608 3296 l'ro-

2039 3345 2248 3408 pterea,
2279 3336 2380 3391 etsi
2411 3350 2502 3390 ver
2539 3344 2733 3403 suapte
2765 3341 2960 3388 natura
3001 3334 3305 3402 jucundum
3339 3334 3430 3395 sit,
3469 3342 3607 3387 atta-

2040 3444 2164 3484 men
2198 3443 2257 3484 se
2288 3427 2408 3497 ipso
2448 3426 2868 3482 desiderabilius
2919 3427 3029 3480 illis
3065 3425 3267 3489 evadit,
3302 3425 3395 3494 qui
3443 3425 3603 3480 talem

2041 3519 2272 3573 hiemem
2303 3518 2569 3588 perpessi,
2596 3523 2650 3571 te
2677 3517 3082 3587 praestolamur.
3115 3516 3266 3571 Istud
3299 3518 3482 3584 itaque
3509 3517 3608 3570 be-

2039 3609 2294 3665 neficium
2319 3616 2482 3679 atque
2519 3609 2693 3680 gratia
2733 3624 2842 3662 non
2871 3607 3194 3674 differatur;
3230 3621 3355 3660 nam
3383 3614 3437 3659 et
3467 3607 3606 3660 alio-

2039 3701 2158 3771 qui,
2185 3708 2377 3756 sancta
2416 3701 2504 3755 die
2524 3699 2635 3769 jam
2668 3700 3158 3770 appropinquante.
3188 3699 3605 3753 convenientius

2039 3796 2228 3865 utique
2255 3795 2382 3858 erit,
2425 3792 2657 3863 patriam
2685 3793 2924 3861 propriis
2949 3792 3151 3861 potius,
3179 3805 3343 3861 quam
3370 3791 3604 3846 Pontum

1801 3885 1932 3944 Veni
1971 3891 2177 3961 itaque,
2224 3902 2414 3945 earum
2460 3894 2664 3956 caput;
2694 3885 2776 3941 fer
2848 3886 3006 3940 nobis
3076 3886 3341 3939 bonorum
3384 3882 3608 3936 amuena
3711 3880 3714 3882 ’

363 3977 520 4044 tiam,
555 3986 608 4032 te
647 3977 858 4033 scilicet
901 3977 1124 4048 ipsum:
1168 3979 1272 4034 hoc
1316 3980 1462 4035 enim
1505 3980 1770 4035 bonorum
1821 3986 2150 4039 nostrornm'
2175 3982 2632 4052 complementum
2664 3981 2788 4034 erit.

440 4174 550 4248 (66)
577 4176 922 4248 Μηνύματᾳ.
958 4172 1034 4248 ita
1061 4177 1276 4246 quidem
1302 4188 1519 4248 propter
1546 4196 1706 4236 casus
1737 4183 1932 4235 inmm-

368 4245 629 4299 tationcm
682 4244 937 4299 emendat
975 4244 1316 4314 Zac‘agniusf
1350 4244 1455 4302 seu
1501 4249 1556 4302 in
1613 4252 1738 4305 cod.
1788 4251 1926 4305 Med.

366 4315 549 4387 nullus
573 4328 770 4387 error_:
803 4323 888 4387 est
920 4317 1064 4387 enim
1110 4316 1418 4387 μιμήματα.
1477 4318 1710 4373 Canace.
1755 4338 1806 4387 p.
1842 4322 1931 4376 95.

365 4395 435 4422 -ι-
460 4384 536 4460 ita
559 4381 932 4460 emendandus
965 4381 1194 4440 fortasse
1213 4381 1506 4442 Vaticanus
1525 4390 1716 4456 codex,
1745 4381 1797 4444 in
1826 4406 1936 4460 quo

365 4453 644 4515 scribitur,
679 4453 1032 4522 μηνυμάτων.

437 4521 784 4598 (67)
814 4521 949 4598 Cod.
991 4523 1130 4598 Med.
1170 4525 1262 4598 διά
1291 4527 1488 4598 τάχους
1531 4527 1818 4598 εὐχόμεθα.
1871 4528 1936 4584 Ει

367 4606 514 4666 mox,
542 4592 735 4666 κρυμῷ
762 4608 861 4666 pro
892 4592 1063 4666 θυμῷ·
1122 4595 1267 4665 quod
1311 4592 1529 4666 praestat
1569 4592 1936 4654 {convenien-

366 4661 476 4715 tius
505 4661 591 4735 est
615 4662 758 4715 enim
787 4661 1076 4735 allegorias,
1102 4661 1209 4734 qua
1243 4661 1413 4720 utitur
1433 4665 1730 4735 Nyssenus.
1761 4667 1936 4723 Paulo

367 4730 664 4803 postide
701 4731 834 4803 cod.
866 4730 1264 4803 ὑπορρεόντων.
1301 4735 1376 4790 id.
1401 4752 1452 4803 p.
1483 4730 1573 4791 95.

439 4801 548 4875 (68)
590 4797 704 4875 _Vox
737 4797 1066 4875 κρύσταλλος
1100 4805 1371 4872 duplicem
1401 4797 1554 4875 apud
1596 4804 1815 4862 Grazcos
1857 4807 1932 4862 si-

367 4871 768 4944 gnificationem
812 4871 1006 4938 habet;
1052 4871 1404 4944 nam’etipro
1442 4871 1613 4944 glacie
1658 4877 1925 4940 sumitur,

367 4940 741 5011 atqueetiam
793 4955 891 5010 pro
939 4958 1026 5004 eo,
1078 4942 1224 5011 quod
1278 4940 1465 4998 Latini
1519 4945 1685 4998 etiam
1730 4954 1928 5000 vocant

366 5009 709 5077 crystallum.
760 5009 1230 5081 uSurpaturCNos
1275 5022 1455 5067 autem
1492 5015 1716 5081 glaciem
1764 5016 1928 5069 verti-

368 5094 509 5143 mus,
553 5094 676 5135 cum
728 5080 1040 5138 nesciamus
1079 5095 1147 5136 an
1189 5082 1331 5152 apud
1385 5080 1553 5136 ullum
1601 5084 1924 5152 scriptorem

2039 4181 2280 4262 crystalli
2298 4251 2311 4262 _
2326 4181 2418 4262 in“
2431 4177 2772 4262 Cappadocia
2819 4176 3101 4262 nascentis
3123 4175 3353 4262 mentio
3375 4175 3510 4262 "fiat,
3551 4186 3607 4262 et

2043 4244 2244 4330 alioqui
2369 4244 2763 4330 ‘Qappado‘cimu
2775 4247 2996 4330 nivibus
3018 4248 3236 4330 jocatur
3263 4244 3523 4330 Libani‘us
3549 4246 3605 4326 in

2043 4314 2397 4388 epistola156
2428 4314 2568 4372 inter
2604 4317 2787 4372 Basilii
2830 4317 3118 4396 epistolas,
3152 4314 3403 4436 idoemgne
3451 4314 3608 4369 Basi-

2040 4391 2150 4444 lius
2183 4398 2298 4442 tum
2327 4389 2554 4458 epistola
2594 4394 2864 4458 sequenti,
2905 4393 3017 4438 tmn
3049 4399 3269 4458 passim
3339 4399 3368 4438 e
3393 4384 3604 4453 Cappa-

2041 4458 2225 4513 doci:e'
2246 4456 2440 4512 hiemis
2474 4457 2770 4510 acerbitate
2800 4456 3174 4524 conqueritur:

2113 4529 2223 4648 (6:)
2464 4526 2548 4579 Nil
2581 4527 2634 4579 in
2661 4541 2774 4580 rem
2811 4521 3112 4580 sententiae.
3156 4523 3319 4578 Recte
3367 4523 3422 4576 in
3462 4521 3602 4577 Med.

2207 4638 2218 4648 .
2309 4614 2352 4648 .I
2401 4613 2411 4646 Ι
2461 4635 2473 4646 .

2041 4597 2473 4650 καὶὴ.1(1.ἰι›ἰ(1.

2593 4663 2786 4719 Seusui
2836 4663 3026 4732 nequit
3069 4663 3489 4734 accommodari.
3537 4663 3606 4734 At

2035 4733 2176 4805 Med.
2212 4733 2630 4805 plénwtqtiod
2655 4744 2738 4789 est
2767 4735 3141 4805 aptissimum.
3169 4733 3293 4805 Mox
3337 4748 3466 4788 vero
3514 4733 3604 4786 ubi

2036 4804 2158 4858 Vat.
2184 4802 2259 4868 ὡς
2286 4805 2392 4868 ἀεί,
2424 4804 2561 4857 Med.
2603 4803 2679 4865 ῶς
2711 4804 2931 4857 omittit.
2968 4802 3040 4854 Id.
3073 4802 3204 4855 ibid.

2107 4875 2217 4943 (Ἠ)
2288 4871 2572 4939 Taras-rd.
2630 4874 2768 4929 Med.
2814 4873 3042 4943 γίνεται.
3083 4870 3202 4943 Mox
3233 4870 3417 4943 αυτοῖς
3475 4871 3602 4940 ὄρος

2033 4940 2251 5012 praefert
2276 4943 2417 5013 idem
2448 4943 2573 5013 cod.
2605 4943 2751 5013 quod
2781 4950 2865 4998 est
2895 4941 3129 4996 orationi
3169 4940 3339 5010 magis
3377 4955 3606 4996 consen-

2033 5021 2278 5066 taneum.
2302 5012 2378 5066 Id.
2403 5012 2532 5065 ibid.

2101 5083 2213 5153 (7‘2)
2253 5082 2264 5098 '
2281 5081 2422 5150 Υμῖν
2446 5081 2659 5149 εὐχῶν.
2684 5080 2817 5135 Cod.
2846 5079 2983 5135 Med.
3005 5079 3176 5149 εὐχῶν
3205 5081 3357 5150 ἡμῖν.
