4092 6368
458 269 599 330 IlI-£7

971 471 1308 530 EPISTULA
1341 470 1480 527 XIII.

1723 267 1781 320 S.
1816 262 2144 322 GREGORII
2181 259 2473 319 NYSSENI

3568 259 3636 314 40
3650 259 3714 312 ιδ

2600 463 2943 522 ΕΠῐΣτοΑιι
2983 468 3062 521 II"
3102 467 3239 539 (τε).

454 639 677 692 Libanio
719 638 968 704 sophista:
993 638 1102 689 Imm
1136 637 1357 702 epistola
1382 636 1718 690 inscribenda
1741 646 1842 698 est,
1867 653 2017 706 quem
2051 638 2225 691 sancti
2251 637 2438 690 Basilii
2466 637 2782 706 magistrum
2812 636 3081 688 exstitisse
3111 644 3302 689 norunt
3331 636 3549 690 eruditi.
3576 635 3712 706 Hm:

527 719 700 760 autem
727 709 950 775 epistola
981 724 1099 759 cum
1133 708 1366 777 sequenti
1401 716 1522 759 tunc
1561 709 1820 777 temporis
1849 705 1885 760 ιι
1925 706 2170 777 Ngsseno
2207 709 2410 777 scripta
2447 705 2612 773 fuisse
2638 705 2865 769 videtur,
2898 721 3018 758 cum
3055 706 3362 776 eloquentiae
3385 716 3550 769 artes,
3586 705 3711 760 Na-

534 772 784 832 zianzenc
822 786 952 831 teste
976 779 1030 829 in
1061 772 1286 845 epistola
1315 773 1407 842 45,
1443 772 2028 846 publicepro/itebatur.

530 957 723 1011 Audivi
809 958 1077 1012 medicum
1167 959 1441 1013 insolitam
1525 959 1818 1028 quamdam
1863 970 2025 1015 natu-

2203 956 2448 1020 Ἦκουσά
2489 977 2633 1023 τινος
2685 958 2930 1031 ἰατρικοῦ
2981 959 3116 1029 (74),
3161 959 3467 1029 παράλογόν
3508 974 3564 1016 τι
3603 961 3716 1030 φύ-

463 1061 536 1103 rre
599 1048 938 1105 aﬁ'ectionem
1005 1058 1376 1105 enarrantem.
1437 1049 1569 1120 Ejus
1625 1060 1804 1106 autem
1847 1067 2030 1106 narra-

465 1142 544 1194 tio
569 1141 694 1196 talis
725 1148 844 1195 erat
881 1159 894 1196 :
931 1139 1302 1195 Distinebatur
1349 1157 1456 1195 non
1507 1157 1670 1197 nemo
1711 1143 2034 1196 diﬁicillimo

463 1231 699 1299 quodam
729 1230 944 1297 morbo,
983 1239 1264 1300 artemque
1296 1231 1602 1297 incusabat,
1651 1232 1799 1301 quod
1852 1232 2034 1289 minus

464 1335 625 1388 quam
661 1320 1030 1388 polliceretur,
1066 1331 1325 1390 praestare
1351 1329 1576 1390 posset;
1612 1337 1736 1376 nam
1767 1322 2036 1392 quidquid

467 1412 536 1463 ad
568 1411 689 1478 ejus
724 1413 1061 1466 curationem
1098 1412 1483 1476 adhibebatur,
1516 1422 1835 1483 exspectato
1881 1429 2038 1469 care-

469 1502 562 1551 Ital.
592 1497 809 1553 eﬁ‘eetu.
837 1497 958 1553 Mox
990 1515 1111 1554 cum
1142 1509 1460 1568 exoptatum
1483 1501 1756 1570 quoddam
1782 1502 2033 1556 nuntium

467 1597 667 1658 printer
705 1605 854 1660 spem
897 1591 1001 1659 ipsi
1030 1591 1256 1644 allatqu
1285 1591 1502 1654 fuisset,
1551 1594 1686 1648 artis
1722 1593 1893 1647 vicem
1917 1609 2042 1663 sup-

468 1682 624 1749 piens
651 1697 838 1742 casus,
870 1682 1144 1736 hominem
1189 1683 1383 1736 morbo
1417 1683 1692 1746 liberavit,
1721 1684 1833 1740 sive
1856 1684 2038 1738 anima

469 1773 650 1841 gaudii
682 1781 844 1842 atque
865 1775 1160 1842 voluptatis
1176 1775 1512 1829 abundantia
1558 1777 1804 1845 corporis
1821 1790 2041 1845 quoque

469 1866 848 1920 habitudinem
879 1867 944 1920 ad
984 1867 1069 1920 sui
1104 1868 1278 1936 ipsius
1335 1868 1678 1923 affectionem
1729 1868 2042 1923 conforma-

469 1959 627 2019 verit,
657 1958 772 2012 sive
807 1957 915 2011 alio
949 1959 1206 2027 quopiam
1241 1960 1404 2013 modo
1424 1960 1474 2012 id
1509 1958 1795 2022 acciderit,
1835 1975 2043 2028 nequeo

471 2048 675 2110 dicere,
707 2063 834 2104 cum
868 2049 1001 2103 mihi
1053 2051 1120 2104 de
1149 2052 1352 2105 talibus
1394 2051 1818 2122 philosophandi
1871 2052 2042 2105 otium

471 2139 636 2204 desit,
672 2154 1008 2210 causamque
1041 2141 1205 2210 hujus
1235 2143 1311 2195 rei
1335 2157 1442 2197 non
1470 2142 1757 2211 adjecerit,
1795 2143 1886 2212 qui
1920 2156 2048 2196 nar-

441 2231 634 2316 .ravit.
672 2228 1032 2284 Commodum
1066 2240 1270 2294 autem,
1299 2241 1350 2284 ut
1389 2231 1651 2286 arbitror.
1712 2229 2045 2284 narrationis

473 2321 642 2390 hujus
675 2335 826 2374 nunc
883 2321 1142 2385 memini;
1210 2336 1333 2374 cum
1370 2322 1516 2376 enim
1572 2323 1753 2376 minus
1786 2322 2044 2384 valerem,
2079 2293 2118 2352 Β

474 2428 636 2481 quam
661 2412 715 2465 in
748 2412 890 2466 votis
921 2421 1068 2468 esset
1121 2412 1342 2481 (causas
1396 2425 1574 2468 autem
1631 2413 2048 2478 adversitatum,

475 2516 601 2572 qttze
625 2518 690 2557 ex
729 2517 797 2558 eo
821 2511 1064 2571 tempore
1116 2518 1226 2573 quo
1267 2503 1406 2572 apud
1444 2520 1538 2557 vos
1565 2503 1664 2567 l'ui,
1703 2505 1833 2557 mihi
1877 2518 2050 2572 usque

479 2609 624 2650 uuae
650 2610 902 2659 evenere,
934 2594 1008 2648 nil
1042 2612 1180 2665 opus
1207 2608 1286 2650 est
1321 2605 1509 2650 exacte
1539 2611 1682 2650 nunc
1719 2595 2048 2661 recensere),

478 2688 544 2738 de
571 2687 870 2756 improviso
898 2687 1063 2739 allata
1088 2695 1171 2741 est
1197 2687 1330 2742 mihi
1357 2700 1388 2739 ιι
1419 2693 1473 2740 te
1498 2686 1615 2740 viro
1674 2687 2050 2740 eruditissimo

478 2778 726 2844 epistola,
755 2791 916 2844 quam
946 2777 1036 2830 ubi
1061 2777 1248 2846 accepi
1293 2785 1460 2847 atque
1477 2776 1794 2831 avidissime
1825 2777 2048 2845 perlegi,

481 2870 664 2922 statim
705 2867 922 2938 quidem
983 2869 1226 2922 animum
1265 2883 1445 2922 meum
1507 2867 1579 2922 ita
1638 2866 1840 2930 aﬁ‘ecit,
1897 2867 2053 2934 quasi

482 2961 555 3014 ab
579 2960 893 3015 hominibus
919 2961 1130 3015 cunctis
1149 2959 1215 3013 de
1237 2959 1620 3028 pulcherrimis
1651 2959 1816 3012 rebus
1841 2957 2052 3012 laudent

482 3066 886 3122 consequerer;
911 3059 1065 3105 tanto
1097 3053 1150 3103 in
1192 3053 1367 3119 pretio
1385 3051 1527 3120 apud
1559 3066 1642 3103 me
1671 3061 1786 3104 erat
1813 3051 2058 3103 testimo-

487 3145 635 3196 nium
700 3142 844 3212 quod
901 3159 997 3211 per
1059 3144 1340 3206 epistulam
1405 3141 1563 3196 nobis
1617 3141 2055 3210 iiupertieharis;

485 3233 682 3289 deinde
709 3249 840 3288 vero
857 3235 1106 3302 corporis
1137 3233 1397 3287 habitudo
1421 3233 1475 3286 in
1508 3232 1702 3286 tuelius
1728 3232 1909 3285 statim
1930 3247 2060 3285 con-

487 3337 646 3380 versa
675 3335 792 3380 est:
824 3325 967 3378 unde
994 3334 1042 3380 et
1073 3327 1188 3393 ipse
1219 3341 1331 3378 rem
1362 3325 1514 3378 valde
1540 3323 1814 3378 insolitam
1844 3323 1938 3376 tibi
1973 3338 2059 3376 re-

491 3414 629 3479 fero,
664 3430 748 3468 me
761 3415 972 3468 sciliz-et
997 3430 1158 3467 uuam
1179 3414 1532 3484 eamdemque
1547 3415 1832 3484 epistolam
1865 3413 2059 3482 partim

490 3505 1068 3574 wgrotantemmartim
1088 3521 1215 3558 vero
1235 3505 1438 3574 Optime
1455 3504 1724 3559 valentem
1746 3503 2058 3572 perlegisse.

2136 1067 2270 1114 σεως
2303 1050 2473 1114 πάθος
2496 1051 2608 1118 (75)
2636 1050 3010 1121 διηγουμένου.
3042 1050 3115 1104 Τὸ
3145 1050 3202 1103 δὲ
3227 1049 3472 1122 διήγημα
3501 1051 3724 1106 τοιοῦτο

2131 1137 2220 1212 ἦν.
2247 1140 2592 1212 Κατέ[ι)χετό
2615 1159 2714 1206 τις,
2735 1143 2886 1212 φησι,
2911 1143 3300 1214 ἀρρωστήματί
3318 1160 3424 1196 τινι
3442 1143 3550 1196 τῶν
3579 1145 3714 1197 δυσ-

2135 1232 2512 1304 τροπωτὲρων,
2550 1232 2642 1286 καὶ
2668 1232 2766 1303 τὴν
2820 1232 3015 1304 τέχνην
3045 1232 3345 1303 διήλεγχεν,
3371 1231 3588 1288 ἔλαττον
3611 1236 3718 1304 τῆς

2136 1325 2466 1395 ἐπαγγελίας
2499 1326 2784 1396 ἰσχύουσαν
2808 1343 2823 1358 ο
2869 1327 2977 1378 πᾶν
3005 1325 3116 1396 γάρ
3138 1325 3202 1378 τὸ
3226 1325 3602 1396 ὲπινοούμενον
3631 1329 3717 1387 είς

2139 1415 2450 1487 θεραπείαν.
2476 1415 2757 1486 ἄπρακτον
2799 1410 2890 1486 ἦν.
2940 1409 3075 1469 Εἶτά
3121 1433 3265 1479 τινος
3301 1415 3559 1485 ἀγγελίας
3603 1417 3718 1470 τῶν

2138 1506 2487 1578 καταθυμιῶν
2513 1508 2641 1578 παρ’
2676 1507 2895 1572 ἐλπίδας
2917 1507 3065 1576 αὑτῷ
3097 1507 3445 1580 μηνυθείσης,
3471 1509 3590 1563 ἀντὶ
3609 1510 3717 1578 τῆς

2137 1599 2332 1671 τέχνης
2358 1601 2393 1669 ή
2420 1600 2676 1671 συντυχία
2703 1599 2933 1668 γίνεται,
2965 1599 3167 1654 λύουσα
3198 1597 3275 1671 τῷ
3311 1599 3582 1672 ἀνθρώπῳ
3612 1600 3719 1670 τὴν

2139 1684 2292 1742 νόσον
2317 1703 2330 1718 ·
2363 1689 2473 1743 εἴτε
2501 1690 2598 1761 τῆς
2633 1689 2811 1760 ψυχῆς
2840 1690 2920 1761 τῷ
2951 1689 3193 1761 περιόντι
3219 1691 3318 1760 τῆς
3338 1690 3574 1754 ἀνέσεως
3615 1690 3716 1744 καὶ

2139 1782 2240 1853 τὴν
2263 1782 2359 1836 τοῦ
2408 1781 2657 1852 σώματος
2699 1781 2811 1846 ἕξιν
2847 1782 3012 1853 ἑαυτῇ
3055 1780 3450 1852 συνδιαθείσης,
3483 1782 3590 1834 εῖτε
3621 1780 3724 1834 καὶ

2142 1871 2349 1938 άλλως,
2396 1870 2493 1945 οὔχ
2526 1872 2634 1944 ἔχω
2665 1873 2880 1941 λέγειν*
2937 1872 3060 1927 οὔτε
3113 1873 3220 1944 γὰρ
3263 1873 3386 1943 ἐμοὶ
3431 1872 3593 1944 σχολὴ
3647 1873 3722 1926 τὰ

2143 1963 2366 2019 τοιαῦτα
2395 1963 2721 2032 φιλοσοφεῖν,
2746 1964 2840 2016 καὶ
2867 1962 2966 2033 τὴν
2999 1961 3175 2017 αἰτίαν
3204 1963 3232 2016 6
3261 1961 3429 2015 εἰπὼν
3469 1963 3529 2015 οὑ
3556 1977 3724 2032 προσ-

2145 2057 2356 2127 έθηκεν.
2394 2055 2518 2110 Ἐπὶ
2543 2054 2734 2128 καιροῦ
2755 2055 2812 2108 δὲ
2847 2052 2941 2109 νῦν
2982 2054 3276 2124 ἐμνήσθην,
3311 2051 3386 2117 ὡς
3417 2051 3590 2124 οῐμαι,
3624 2051 3730 2106 τοῦ

2145 2148 2481 2218 διηγήματος
2510 2163 2523 2175 ·
2553 2143 2889 2215 διακείμενος
2916 2143 3045 2215 γὰρ,
3073 2143 3148 2207 ὡς
3183 2144 3282 2197 οὑκ
3307 2142 3373 2197 ἂν
3420 2143 3728 2213 ἐϐουλόμην

2150 2238 2266 2306 (τὰς
2291 2235 2346 2292 δὲ
2375 2236 2551 2300 αίτίας
2571 2235 2725 2289 οὐδὲν
2747 2233 2939 2304 δέομαι
2988 2233 3101 2304 (76)
3135 2232 3378 2304 ἀκριϐῶς
3416 2232 3510 2286 νῦν
3553 2249 3724 2286 κατα-

2148 2329 2326 2398 λέγειν
2367 2328 2475 2384 τῶν
2506 2325 2602 2396 ἀφ’
2631 2320 2693 2381 οὗ
2724 2323 2922 2394 γέγονα
2954 2324 3083 2396 παρ’
3117 2326 3244 2396 ὑμῖν
3290 2325 3383 2380 καὶ
3434 2325 3594 2395 μέχρι
3623 2324 3726 2378 τοῦ

2149 2416 2242 2473 νῦν
2317 2415 2793 2488 συμπεπτωκότων
2851 2433 2940 2486 μοι
3000 2412 3322 2485 λυπηρῶν),
3389 2413 3725 2484 μηνύσαντος

2149 2510 2360 2581 ἁθρόως
2396 2509 2486 2580 μοί
2524 2525 2669 2572 τινος
2708 2508 2838 2579 περὶ
2865 2506 2974 2560 τῶν
3002 2505 3347 2578 γραμμάτων
3374 2505 3472 2575 τῆς
3499 2520 3726 2574 μονογεο

2151 2599 2274 2662 νοῦς
2303 2616 2394 2652 σου
2427 2597 2781 2661 παιδεύσεως,
2812 2595 3000 2667 ἐπειδὴ
3041 2597 3273 2665 τάχιστα
3317 2594 3412 2658 τὴν
3438 2591 3725 2662 επιστολὴν

2153 2689 2438 2760 ἐδεξάμην,
2475 2688 2567 2742 καὶ
2614 2690 2725 2750 τοῖς
2758 2685 3158 2757 γεγραμμένοις
3208 2683 3532 2754 ἐπέδραμον,
3564 2682 3726 2745 εὐθὺς

2157 2779 2254 2852 μὲν
2283 2780 2381 2850 τὴν
2409 2779 2585 2849 ψυχὴν
2613 2778 2817 2831 διέθετο
2853 2778 2987 2846 (77),
3023 2777 3098 2839 ὡς
3148 2777 3242 2829 ἐπὶ
3283 2774 3586 2836 καλλίστοις
3630 2773 3729 2826 ἐπὶ

2156 2872 2374 2926 πάντων
2421 2869 2722 2940 ἀνθρώπων
2761 2866 3269 2938 ἀνακηρυσσόμενος
3334 2863 3587 2918 τοσούτου
3626 2862 3732 2932 τὴν

2158 2966 2256 3034 σὴν
2288 2961 2590 3034 μαρτυρίαν
2629 2960 3008 3030 ἐτιμησάμην,
3055 2957 3125 3029 ἢν
3160 2957 3248 3010 διὰ
3289 2955 3390 3026 τῆς
3440 2953 3727 3022 ἐπιστολῆς

2157 3059 2287 3126 ἡμῖν
2320 3055 2605 3124 κεχάρισαι
2631 3069 2644 3083 ⁹
2681 3051 2868 3104 ἔπειτα
2902 3050 2961 3104 δέ
3005 3067 3095 3120 μοι
3137 3049 3230 3104 καὶ
3273 3050 3306 3119 ἡ
3353 3047 3446 3101 τοῦ
3481 3044 3729 3116 σώματος

2158 3145 2270 3211 ἕξις
2295 3144 2454 3205 εὐθὺς
2484 3143 2618 3212 πρὸς
2639 3142 2699 3196 τὸ
2727 3143 2970 3212 κρεῖττον
3007 3140 3344 3209 μετεποιεῖτο
3364 3153 3380 3169 ⁶
3431 3138 3523 3190 καί
3556 3151 3638 3188 σοι
3665 3133 3731 3186 τὸ

2161 3237 2274 3290 ἴσον
2310 3233 2609 3306 παράδοξον
2649 3234 2742 3286 καὶ
2785 3230 2943 3294 αὑτὸς
2979 3231 3222 3300 διήγημα
3252 3227 3481 3298 δίδωμι,
3523 3226 3606 3279 ὅτι
3632 3223 3736 3295 τῆς

2160 3326 2330 3395 αὐτῆς
2361 3325 2670 3395 ἐπιστολῆς,
2710 3321 2779 3376 τὰ
2811 3322 2906 3392 μὲν
2932 3318 3249 3392 ἀρρωστῶν,
3283 3317 3353 3372 τὰ
3387 3318 3443 3372 δὲ
3478 3314 3734 3386 καθαρῶς

2163 3418 2437 3484 ὑγιαίνων,
2474 3416 2799 3486 ἐπέδραμον.
2843 3415 2952 3465 Καὶ
2981 3411 3152 3465 ταῦτα
3201 3413 3299 3480 μὲν
3328 3413 3409 3474 είς
3455 3409 3732 3462 τοσοῦτον.

2176 3508 2327 3561 Ἐπεὶ
2371 3506 2427 3560 δέ
2481 3522 2571 3575 μοι
2613 3505 2710 3575 τῆς
2746 3503 2966 3573 χάριτος
3011 3501 3214 3570 ταύτης
3254 3504 3282 3554 6
3311 3501 3582 3570 Κυνήγιος
3619 3498 3731 3566 (78')

492 3594 552 3647 Et
590 3595 656 3648 de
689 3597 772 3649 his
807 3595 1025 3662 quidem
1070 3595 1353 3650 hactenus.
1403 3592 1672 3659 Quoniam
1710 3608 1840 3646 vero
1888 3597 2055 3662 Cyne-

2167 3599 2417 3660 ὑπόθεσις
2458 3597 2700 3666 γέγονεν,
2743 3593 2854 3658 οἷος
2888 3591 2938 3647 εἷ
2965 3592 3041 3664 τῷ
3067 3592 3307 3664 περιόντι
3330 3595 3430 3661 τῆς
3461 3591 3539 3654 είς
3559 3589 3619 3643 τὸ
3645 3590 3735 3642 εὐ-

493 3688 614 3754 gius
633 3701 798 3740 causa
828 3686 924 3736 luit
947 3701 1044 3738 cur
1063 3683 1193 3739 mihi
1219 3686 1313 3738 abs
1345 3692 1396 3737 te
1411 3683 1584 3754 gratia
1605 3685 1706 3738 ista
1730 3687 2059 3752 proveniret,

497 3775 1046 3844 tu,superahundanti
1066 3777 1154 3830 illa
1174 3784 1265 3829 tua
1285 3775 1349 3828 ad
1373 3773 1824 3829 lienefaciendum
1840 3772 2063 3826 faculta-

498 3878 570 3930 te,
595 3884 701 3922 non
730 3876 1059 3922 nostantum
1085 3868 1364 3923 beneﬁciis
1392 3865 1648 3936 prosequi
1677 3875 1863 3936 potes,
1886 3864 1980 3919 sed
2011 3873 2064 3918 et

496 3976 590 4013 eos
639 3961 730 4029 qui
785 3976 885 4014 nos
947 3959 1225 4014 beneﬁciis
1286 3959 1743 4028 complectuntur.
1790 3955 2064 4027 Cynegius

498 4064 702 4115 autem,
736 4063 788 4106 u-t
822 4052 1086 4116 diximus,
1125 4051 1372 4107 beneﬁcii
1402 4052 1560 4106 nobis
1597 4058 1679 4105 est
1707 4057 1920 4111 auctor,
1971 4049 2063 4118 qui

499 4145 714 4200 occasio
769 4154 823 4198 et
850 4159 1018 4198 causa
1053 4143 1156 4197 fuit
1188 4159 1286 4198 cur
1315 4143 1414 4197 abs
1457 4153 1507 4196 te
1533 4143 1741 4197 litteras
1792 4141 2070 4210 accipere-

501 4250 662 4301 inus,
719 4245 774 4291 et
832 4243 1120 4306 propterea
1158 4233 1356 4304 dignus
1413 4235 1507 4302 qui
1559 4231 1723 4286 etiam
1791 4229 2070 4284 beneﬁt-iis

503 4327 788 4380 adiciatur.
822 4325 994 4380 Porro
1022 4327 1068 4381 si
1119 4326 1322 4394 quaeris
1373 4323 1687 4394 magistros,
1751 4337 1816 4375 ex
1869 4321 2070 4390 quibus

503 4421 749 4472 nonnihil
779 4435 878 4473 nos
910 4418 1170 4472 didicisse
1199 4417 1468 4480 videmur,
1497 4411 1746 4477 Paulum,
1783 4411 2069 4479 Joannem,

506 4519 841 4577 ca-terosque
873 4511 1150 4578 apostolos
1181 4517 1232 4562 et
1260 4508 1557 4578 prophetas
1589 4506 1872 4561 exstitisse
1916 4520 2072 4574 repe-

506 4602 635 4664 ries,
669 4600 769 4651 nisi
810 4599 948 4652 forte.
979 4599 1242 4652 audacius
1271 4597 1540 4660 videatur,
1586 4597 1704 4666 ejus
1733 4596 1892 4650 nobis
1939 4594 2071 4650 artis

508 4689 790 4743 scientiam
821 4703 1056 4748 sumere,
1083 4687 1135 4740 in
1177 4703 1304 4756 qua,
1341 4695 1604 4756 quantum
1643 4693 1852 4755 spectat
1876 4686 1941 4739 ad
1985 4700 2074 4739 res

509 4779 813 4849 disciplinae
844 4788 1058 4842 vestra},
1095 4779 1230 4833 adeo
1259 4779 1509 4845 excellis,
1537 4789 1593 4832 ut
1630 4778 1749 4846 ejus
1804 4777 1881 4832 rei
1918 4775 2074 4846 periti

584 4999 694 5074 (75)
730 5003 958 5074 Ἐπιστ.
986 5003 1041 5055 In
1069 5002 1208 5074 Med.
1232 5001 1469 5069 Λιϐανίῳ
1500 5000 1851 5074 inscribitur:
1896 5005 2086 5074 estque

511 5067 949 5128 extraordinem
985 5072 1335 5142 epistularum
1365 5067 1485 5142 poSt
1508 5067 1816 5142 librumﬂe
1855 5069 2075 5142 anima:

513 5135 1131 5211 unacumepistolarum
1162 5155 1299 5208 quas
1324 5135 1411 5211 hic
1454 5139 1666 5211 edimus
1710 5136 1872 5205 (infra
1908 5135 2066 5211 subji-

514 5205 954 5278 ciendas)p'rima
988 5205 1192 5263 Joanni'
1215 5208 1750 5278 inscripta.C.inAt_:c.
1775 5223 1916 5278 pag.
1957 5205 2076 5278 Ititl.

587 5279 699 5347 (74)
743 5275 1051 5346 Ἶατρικοῦ.
1095 5275 1498 5347 Ἰατροῦίιηιιιει
1519 5278 1641 5330 cod.
1671 5275 1809 5330 Med.
1839 5293 1961 5329 natu
2001 5277 2081 5326 ia-

515 5346 701 5421 τρικᾷς
727 5365 831 5421 non
882 5358 964 5402 est
991 5348 1248 5421 medicus.
1273 5346 1346 5421 Id.
1382 5361 1503 5421 pag.
1538 5347 1625 5421 95:

590 5417 702 5487 (75)
737 5417 1203 5480 Φύσεωςπάθος.
1237 5415 1310 5469 Id.
1349 5411 1475 5468 cod:
1516 5415 1683 5477 πάθος
1731 5414 1961 5484 φύσεως.
2020 5411 2084 5464 Et

522 5503 668 5548 mox,
694 5487 1004 5555 κατείχετο,
1023 5487 1207 5555 φησίν.

592 5555 704 5624 (76)
731 5553 956 5624 Δέομίαι.
991 5553 1126 5608 Med.
1145 5554 1330 5624 δέομαι
1360 5553 1451 5624 νῦν
1482 5553 1722 5622 ἀκριϐῶς
1755 5555 1943 5608 καταλ.

620 5623 709 5691 Π)
741 5623 993 5678 Διέθετο.
1038 5624 1110 5677 Id.
1144 5624 1266 5677 cod.
1289 5623 1552 5691 διετέθην.

620 5627 681 5678 ’Π
741 5627 993 5678 Διέθετο.
1038 5627 1110 5677 Id.
1144 5627 1552 5691 οοιι.διετέθην.

594 5627 713 5767 I73)
755 5696 818 5748 '0
850 5698 996 5748 K—vr.
1032 5693 1108 5749 Id.
1129 5695 1158 5745 6
1187 5692 1300 5754 υἱὸς
1338 5693 1629 5761 Κυνήγιος.

2164 3693 2408 3763 εργετεῖν
2451 3688 2718 3755 ἐξουσίας,
2759 3686 2856 3757 οὑχ
2903 3686 3048 3755 ἡμᾶς
3093 3685 3276 3754 μόνον,
3313 3681 3448 3736 ἀλλὰ
3483 3680 3578 3734 καὶ
3609 3681 3737 3742 τοὺς

2165 3782 2454 3852 εὐεργέτας
2493 3779 2648 3850 ἡμῶν
2696 3776 2875 3840 καλῶς
2919 3778 3089 3829 ’ποιεῖν
3112 3792 3127 3807 ο
3163 3774 3450 3845 εὐεργέτης
3484 3771 3542 3825 δὲ
3579 3771 3741 3841 ἡμῶν

2165 3869 2336 3941 οὗτος,
2388 3871 2566 3935 καθὼς
2611 3873 2843 3942 εἴρηται,
2891 3868 3001 3921 τῶν
3039 3867 3190 3938 παρὰ
3253 3864 3348 3919 σοῦ
3396 3862 3738 3936 γραμμάτων

2165 3965 2386 4037 ἀφορμὴ
2419 3963 2707 4033 γενόμενος
2735 3962 2865 4030 ἡμῖν
2904 3959 2999 4012 καὶ
3030 3957 3303 4020 ὑπόθεσις,
3339 3957 3432 4010 καὶ
3466 3954 3553 4008 διὰ
3579 3951 3744 4006 τούτο

2167 4052 2226 4110 εὖ
2256 4055 2444 4110 παθεῖν
2469 4054 2635 4118 ἄξιος.
2669 4049 3027 4112 Διδασκάλους
3069 4049 3125 4101 δε
3163 4048 3288 4111 τοὺς
3327 4046 3652 4117 ἡμετέρους,
3687 4043 3736 4095 εί

2168 4148 2267 4219 μὲν
2290 4141 2363 4203 ὧν
2393 4163 2446 4198 τι
2481 4144 2590 4217 (79)
2620 4140 2882 4212 δοκοῦμεν
2907 4137 3303 4210 μεμαθηκέναι,
3331 4135 3569 4207 ζητοίης,
3597 4131 3740 4188 Παῦ⁶

2165 4239 2255 4292 λον
2280 4237 2531 4308 εὑρήσεις
2570 4235 2663 4288 καὶ
2699 4232 2970 4301 Ἰωάννην,
2997 4230 3090 4284 καὶ
3120 4229 3245 4291 τοὺς
3266 4227 3485 4290 λοιποὺς
3513 4222 3740 4279 ἀποστό-

2166 4327 2290 4390 λους
2327 4342 2385 4378 τε
2421 4325 2512 4376 καὶ
2566 4323 2866 4393 προφήτας,
2917 4321 3034 4388 εἴγε
3069 4318 3141 4389 μὴ
3175 4315 3446 4386 τολμηρὸν
3475 4316 3606 4385 ἡμῖν
3641 4313 3748 4383 τὴν

2166 4415 2513 4472 διδασκαλίαν
2543 4412 2872 4469 οἰκειοῦσθαι
2923 4409 3030 4464 τῶν
3062 4407 3318 4462 τοιούτων
3365 4403 3739 4476 διηγημάτων,

2167 4503 2248 4568 οἷς
2281 4504 2391 4576 (80)
2425 4521 2490 4556 πε
2503 4504 2554 4576 ρ).
2579 4503 2677 4572 τῆς
2707 4499 2973 4572 ὑμετέρας
3003 4497 3182 4566 λέγοις
3207 4494 3416 4563 σοφίας,
3440 4494 3505 4562 ἢν
3538 4490 3743 4563 κρίνειν

2177 4594 2532 4664 ἐπιστήμονές
2577 4608 2724 4659 φασι,
2754 4589 2862 4644 ἀπὸ
2892 4587 2984 4641 σοῦ
3026 4585 3398 4656 πηγάζουσαν,
3443 4584 3502 4635 έν
3543 4580 3740 4651 μετοχῇ

2177 4685 2272 4739 τοῦ
2313 4683 2500 4738 λοιποῦ
2549 4680 2792 4750 γίνεσθαι
2831 4677 2945 4750 (81)
2979 4679 3165 4741 πᾶσιν,
3212 4671 3294 4740 οἷς
3343 4689 3486 4736 τινος
3527 4671 3620 4724 καὶ
3653 4670 3745 4740 μέ-

2173 4791 2321 4831 τεστι
2350 4774 2526 4842 λόγου.
2560 4771 2744 4826 Ταῦτα
2768 4769 2877 4842 γὰρ
2904 4770 3114 4840 ἤκουσα
3141 4767 3276 4838 πρὸς
3306 4765 3514 4827 πάντας
3539 4762 3741 4832 διηγου-

2263 4990 2375 5062 (79)
2407 4991 2652 5062 [ιοεοηεὶ
2686 4989 2782 5062 μὲν
2805 4989 2900 5062 ὑφ’
2922 4981 3008 5062 ᾧν
3027 5006 3102 5042 τι.
3137 4985 3257 5043 Nisi
3293 4987 3419 5058 quis
3448 4985 3748 5041 emendan-

2191 5054 2316 5118 dum
2345 5054 2643 5121 eensuerit,
2674 5054 2722 5129 ἐί
2761 5054 2871 5129 μέν’
2891 5054 2982 5129 οῦν
3020 5075 3092 5112 τι.

2256 5131 2366 5198 (80)
2394 5130 2676 5198 Tata-titan:
2692 5124 3083 5198 διὴγημάτων,
3103 5127 3210 5192 οἷς.
3235 5125 3310 5198 Id.
3335 5125 3478 5185 Cod..
3496 5124 3752 5198 τοιούτων

2188 5195 2394 5270 ἀνδρῶν
2417 5217 2430 5230 ·
2465 5199 2524 5270 εί
2546 5197 2622 5250 δέ.
2650 5195 2990 5270 Rectissime.
3024 5197 3088 5248 Et
3113 5213 3255 5257 mox,
3284 5195 3349 5264 ἢν
3377 5195 3653 5270 οίκρίνειν
3678 5223 3746 5232 —-

2190 5263 2470 5339 φασινι-
2503 5266 2700 5339 Locus,
2744 5263 3340 5339 uilfallm'Acorruptus.
3382 5263 3521 5339 AVid‘e
3571 5274 3748 5339 tamen

2191 5331 2256 5392 an
2296 5338 2558 5391 articulus
2585 5331 2667 5398 οἷς
2694 5335 2758 5388 ad
2791 5335 2921 5404 ἡμῖν
2946 5331 3231 5395 referatur,
3261 5342 3318 5386 ut
3351 5336 3441 5396 sit,
3468 5334 3581 5402 ejus
3607 5332 3753 5385 nobis

2192 5409 2324 5460 artis
2352 5407 2624 5460 scientiam
2655 5403 2875 5469 sumere,
2907 5405 2969 5456 de
3017 5405 3201 5471 quibus
3233 5415 3379 5456 tuam
3433 5403 3751 5471 sapientiori:

2189 5475 2470 5547 pradicas,
2505 5491 2662 5545 quam
2689 5475 2799 5547 eius
2824 5475 2897 5547 rei
2929 5475 3080 5547 periti
3104 5473 3353 5547 judices,
3374 5481 3479 5547 etc.

2263 5547 2376 5613 (8|)
2409 5547 2502 5597 Ἐν
2517 5540 2744 5611 μετοχῇ
2784 5543 2889 5613 τοῦ
2916 5542 3130 5613 domet;
3153 5544 3438 5610 γίνεσθαι.
3475 5540 3752 5613 Med._u_ts.

2195 5608 2286 5668 καῖ
2311 5608 2370 5666 έν
2397 5608 2737 5682 τοῖςλοιποῖς
2759 5611 3029 5676 γενέσθαι.
3059 5611 3121 5664 Et
3152 5608 3312 5681 paulo
3338 5620 3483 5682 post,
3532 5608 3758 5676 διεξιόν-

2194 5703 2306 5747 τος,
2340 5700 2436 5754 pro
2468 5681 2843 5754 διηγουμένου.
