4092 6368
405 309 541 367 1059

1562 298 1947 356 EPISTOLIE.
1985 330 2053 342 ——
2090 298 2310 356 EPIST.
2342 297 2483 355 XIV.

3520 287 3659 343 1050

407 420 568 482 μένου
594 418 688 473 τοῦ
727 417 820 472 σοῦ
853 417 949 488 μὲν
977 415 1237 487 μαθητοῦ,
1261 415 1465 488 πατρὸς
1495 416 1552 470 δὲ
1576 416 1731 488 ἐμοῦ,
1772 420 1864 472 καὶ
1903 418 1973 471 δι-

2099 417 2287 472 udices
2335 415 2565 484 hujusce
2600 412 2740 468 artis
2776 416 3044 483 praecepta
3076 424 3107 464 a
3150 416 3223 473 te,
3253 407 3400 463 velut
3435 421 3499 463 ex
3538 407 3652 475 ple-

403 511 670 566 δασκάλου
700 510 792 563 τοῦ
824 508 1136 579 θαυμαστοῦ
1188 507 1488 561 Βασιλείου.
1524 508 1661 561 Ἰσθι
1698 527 1766 579 με
1815 509 1979 580 μηδὲν

405 604 426 653 ἑ
436 618 594 671 κοντα
622 598 851 667 λιπαρὸν
882 598 995 669 (82)
1020 598 1098 651 ·ὲν
1126 599 1239 660 τοῖς
1281 596 1390 650 τῶν
1428 596 1763 651 διδασκάλων
1786 596 1981 667 διηγή-

408 711 591 764 μασιν,
617 694 705 746 ὲπ⁹
726 692 902 762 ὀλίγον
925 691 1000 763 τῷ
1028 688 1241 761 ἀδελφῷ
1269 690 1650 759 συγγεγονότα,
1679 691 1774 743 καὶ
1800 688 1983 743 τοσοῦ-

404 799 494 838 τον
526 783 676 856 παρὰ
706 783 804 853 τῆς
839 780 985 843 Θείας
1005 779 1250 849 γλώττης
1279 779 1651 849 ὲκκαθαρέντα
1682 780 1817 849 (85),
1858 778 1985 831 ὅσον

407 873 699 942 ἐπιγνῶναι
741 873 899 943 μόνον
928 871 1024 942 τὴν
1072 870 1328 943 [ἄγνοιαν
1364 869 1509 941 (84)]
1565 869 1675 922 τῶν
1723 869 1985 939 ἀμυήτων

406 964 499 1016 τοῦ
528 964 687 1031 λόγου
713 979 727 992 ·
779 962 968 1013 ἔπειτα
1000 962 1269 1030 μέντοιγε,
1301 960 1396 1012 καὶ
1423 959 1597 1028 τούτῳ
1638 958 1770 1028 (85),
1801 958 1982 1011 εἴποτε

412 1050 609 1121 σχολὴν
635 1050 846 1119 ἄγοιμι,
881 1048 1023 1101 κατὰ
1070 1047 1303 1118 σπουδὴν
1336 1049 1517 1101 πᾶσαν
1559 1046 1984 1118 ἐνδιατρίϐοντα,

408 1141 641 1212 ἐραστὴν
676 1140 925 1209 γενέσθαι
971 1139 1066 1192 τοῦ
1104 1139 1370 1210 ὑμετέρου
1424 1138 1687 1201 κάλλους,
1735 1138 1830 1190 καὶ
1889 1155 1984 1191 τυο

409 1237 523 1304 χεῖν
554 1232 664 1304 (86)
703 1233 758 1285 δὲ
792 1231 1017 1302 μηδέπω
1054 1230 1148 1282 τοῦ
1176 1230 1393 1300 ἔρωτος.
1431 1231 1492 1282 Ei
1530 1230 1625 1300 μὲν
1657 1224 1772 1291 οὖν,
1797 1228 1985 1299 ὥσπερ

409 1325 568 1388 αὐτὸς
598 1322 707 1391 ἐγὼ
735 1323 904 1393 κρίνω
931 1322 1000 1375 τὰ
1029 1322 1150 1376 καθ’
1181 1324 1347 1393 ἡμᾶς,
1385 1323 1534 1375 ἐστὶν
1575 1321 1811 1393 οὐδαμοῦ
1839 1322 1868 1374 ὀ
1909 1321 1987 1374 δι-

2082 508 2315 564 nissiino
2342 506 2494 561 fonte
2528 505 2873 576 proﬂuentia,
2900 504 2955 559 in
2984 503 3142 564 alios,
3185 504 3454 572 quotquot
3476 496 3661 563 aliqua

2080 599 2300 656 dicendi
2336 597 2596 653 facultate
2624 596 2849 667 pollent,
2879 594 3117 650 derivari
3135 592 3471 649 existiment.
3496 586 3656 641 Talia

2080 691 2225 745 enim
2251 698 2402 743 tuum
2440 688 2658 759 quidem
2678 686 3033 755 discipulum,
3069 693 3279 755 patrem
3327 696 3456 736 vero
3479 694 3658 734 meum

2083 789 2248 851 atque
2280 781 2627 853 magistrum,
2666 777 3046 832 admirabilem
3080 777 3232 830 illum
3293 774 3554 829 Basilium
3592 771 3661 825 de

2084 881 2139 927 te
2172 872 2349 941 palam
2388 872 2660 926 dicentem
2710 870 2912 938 saepius
2940 866 3147 922 audivi.
3185 864 3341 921 Scias
3383 878 3472 919 me
3505 862 3656 917 nulla

2084 964 2139 1017 in
2177 960 2497 1017 hauriendis
2554 960 2938 1029 magistrorum
2997 955 3350 1012 documentis
3398 952 3659 1008 felicitate

2084 1067 2244 1107 usum
2298 1052 2492 1115 fuisse,
2564 1050 2766 1120 quippe
2822 1049 2915 1119 qui
2958 1047 3176 1101 modico
3231 1053 3479 1113 tempore
3529 1057 3652 1097 eum

2083 1141 2256 1196 fratre
2284 1150 2539 1198 versatus
2568 1140 2787 1207 fuerim,
2822 1148 2877 1196 et
2909 1147 3122 1193 tantum
3162 1151 3249 1192 me
3298 1135 3482 1191 divina
3535 1133 3658 1203 ejus

2086 1232 2271 1302 lingua
2304 1234 2514 1288 cultum
2552 1233 2965 1303 expolitumque
3023 1228 3341 1292 reddiderit,
3382 1232 3651 1296 quantum

2085 1324 2225 1378 satis
2283 1330 2369 1377 est
2399 1320 2466 1376 ad
2525 1336 2718 1376 eorum
2772 1318 3184 1389 (ignorantiam)
3233 1314 3658 1388 dignoscendam

407 1415 670 1475 δάσκαλος
697 1412 808 1484 (87)
844 1413 1020 1484 ἡμῶν.
1055 1414 1119 1466 Εἰ
1142 1412 1197 1465 δὲ
1220 1413 1317 1483 τὴν
1356 1414 1453 1483 σὴν
1484 1412 1769 1484 ὑπόληψιν,
1801 1412 1868 1483 ἡν
1900 1410 1986 1480 ἐφ’

2089 1414 2177 1483 qui
2203 1413 2533 1483 eloquentia:
2578 1413 2753 1467 sacris
2784 1412 2926 1465 haud
2969 1410 3169 1464 initiati
3229 1416 3394 1473 sunt;
3457 1406 3660 1462 deinde

408 1507 538 1575 ἡμῖν
567 1505 742 1575 ἔτχες,
792 1506 866 1576 μὴ
918 1504 1203 1574 ἀληθεύειν
1247 1505 1307 1557 οὑ
1353 1504 1551 1574 θέμις·
1606 1503 1720 1556 ἀλλ’
1769 1502 1987 1572 ἀληθεῖς

2089 1518 2214 1559 vero
2244 1518 2367 1557 cum
2400 1504 2539 1574 ipso,
2577 1502 2622 1558 si
2655 1503 2875 1572 quando
2891 1502 3059 1555 otium
3083 1497 3429 1567 suppetebat,
3450 1494 3661 1551 studio—

409 1612 554 1657 τινες
584 1595 640 1647 ἐν
660 1593 735 1665 τῷ
759 1596 901 1665 λόγῳ
927 1595 1020 1648 καὶ
1048 1596 1222 1665 ὑμεῖς,
1252 1596 1347 1647 καὶ
1372 1595 1531 1664 ἡμεῖς
1557 1595 1657 1646 οὑκ
1691 1593 1987 1662 ἀπόϐλητοι

2089 1595 2307 1649 sissime
2357 1603 2802 1656 conversantem,
2866 1604 3069 1659 magno
3126 1598 3327 1643 vesme
3379 1583 3662 1655 elegantiae

412 1686 562 1755 ’παρὰ
602 1686 748 1755 σοίγε
789 1689 983 1757 κριτῇο
1029 1686 1117 1748 δὸς
1157 1684 1419 1755 τολμῆσαί
1464 1703 1545 1738 σοι
1589 1684 1697 1738 τῶν
1734 1684 1987 1738 τοιούτων

2089 1698 2275 1737 amore
2308 1682 2594 1752 ﬂagrasse,
2625 1697 2726 1738 nec
2751 1691 2931 1736 tamen
2967 1680 3114 1735 illius
3146 1679 3313 1747 hujus
3352 1681 3660 1744 compotem

410 1777 508 1845 τὴν
541 1778 716 1830 αἰτίαν
748 1778 1023 1831 ἀναθεῖναι
1058 1777 1191 1847 (88).
1230 1778 1292 1829 El
1324 1777 1433 1847 γὰρ
1461 1776 1740 1839 Βασίλειος
1769 1775 1866 1845 μὲν
1893 1772 1987 1828 τοῦ

2091 1789 2336 1844 unquam
2364 1774 2558 1830 fuisse.
2600 1772 2767 1844 Igitur
2799 1772 2867 1839 si,
2899 1777 3164 1840 quantum
3195 1769 3262 1823 ad
3298 1781 3399 1821 uos
3443 1764 3659 1824 attinet,

407 1869 676 1941 ἡμετέρου
722 1870 1031 1941 προστάτης
1082 1869 1263 1938 λόγου,
1309 1868 1501 1939 ἐκείνῳ
1525 1868 1580 1921 δὲ
1620 1869 1647 1920 ὀ
1676 1867 1903 1930 πλοῦτος
1926 1867 1987 1920 ὲκ

2089 1867 2298 1928 nullus,
2317 1874 2615 1931 utcenseo,
2643 1863 2909 1934 magister
2940 1877 3044 1918 nos
3071 1861 3259 1916 docuit
3285 1876 3300 1924 ;
3346 1865 3401 1913 et
3421 1854 3660 1925 alioquin

408 1961 514 2011 τῶν
546 1960 651 2013 σῶν
679 1956 746 2031 ἦν
790 1960 1075 2030 θησαυρῶν
1096 1975 1115 1995 ο
1144 1961 1214 2014 τά
1249 1960 1316 2013 σὰ
1350 1958 1683 2030 κεκτήμεθα,
1716 1958 1809 2011 καὶ
1839 1960 1887 2010 εί
1918 1957 1987 2010 δι’

2089 1959 2134 2013 si
2158 1958 2496 2030 opinionem,
2536 1970 2706 2027 quam
2742 1955 2807 2009 de
2841 1953 2998 2009 nobis
3028 1951 3221 2013 habes,
3259 1948 3415 2004 nefas
3449 1952 3533 2001 est
3562 1944 3663 1997 fal-

409 2052 609 2122 ἑτέρων
654 2052 1044 2122 ὑπεδεξάμεθα.
1114 2051 1172 2105 El
1219 2052 1274 2104 δὲ
1320 2051 1474 2119 ὀλίγα
1521 2050 1693 2103 ταῦτα
1734 2065 1748 2080 ο
1808 2048 1987 2117 ὀλίγον

2089 2052 2123 2106 li
2152 2070 2166 2119 ;
2206 2051 2337 2122 quin
2368 2050 2549 2120 potius
2576 2063 2745 2104 verax
2771 2055 2858 2102 est
2892 2059 3074 2101 sermo
3103 2049 3305 2105 vester,
3337 2047 3392 2094 et
3416 2052 3541 2098 nos.
3576 2034 3661 2089 vel

410 2141 466 2194 ὲν
518 2146 632 2207 τοῖς
684 2144 986 2214 ἀμφορεῦσι
1039 2144 1099 2196 τὸ
1153 2142 1325 2215 ὓδωρ,
1377 2141 1493 2195 ἀλλ’
1544 2143 1608 2194 ἐκ
1656 2139 1749 2194 τοῦ
1792 2139 1987 2194 Νείλου

2089 2151 2138 2198 te
2171 2141 2293 2212 ipso
2322 2141 2531 2211 judice,
2553 2137 2841 2209 rejiciendi
2875 2150 3103 2206 prorsus
3143 2147 3253 2187 non
3307 2142 3498 2184 sumus
3528 2145 3541 2179 :
3593 2124 3663 2178 da

409 2232 577 2303 ὅμως.

2081 2231 2242 2296 mihi,
2278 2240 2339 2286 ut
2367 2231 2533 2300 hujus
2572 2228 2653 2283 rei
2685 2226 2956 2297 originem
2996 2235 3334 2291 causamque
3370 2217 3437 2272 ad
3491 2223 3545 2271 te
3574 2228 3665 2268 re-

415 2324 765 2380 feram.i‘iam
820 2327 863 2381 si
908 2325 1142 2380 Basilius
1206 2324 1425 2395 quidem
1483 2335 1687 2380 nostrae
1738 2323 2139 2395 qualiscunque
2199 2324 2255 2378 in
2321 2322 2554 2378 dicendo
2598 2318 2878 2376 facultatis
2909 2323 3105 2370 auctor
3132 2321 3252 2376 est,
3312 2310 3431 2379 ejus
3483 2312 3663 2411 autem

412 2418 614 2472 divitia:
649 2435 679 2473 e
717 2419 827 2473 tuis
875 2419 1147 2474 thesauris
1207 2418 1545 2489 deprompta:
1610 2428 1773 2484 sunt,
1836 2417 1946 2473 tuis
1994 2418 2185 2487 utique
2240 2416 2400 2470 bonis
2439 2415 2704 2485 potimur,
2759 2412 2863 2468 etsi
2913 2424 3013 2480 per
3066 2407 3203 2463 alios
3258 2407 3667 2473 acceperimus;

411 2510 494 2563 sin
529 2524 656 2564 vero
688 2512 879 2581 exigua
908 2512 1021 2567 lucc
1057 2523 1202 2577 sunt,
1236 2527 1427 2584 parum
1456 2512 1620 2567 etiam
1668 2526 1821 2581 aqua:
1849 2510 1952 2565 etsi
1980 2510 2036 2565 in
2068 2510 2346 2581 amphoris
2380 2510 2473 2575 sit,
2513 2525 2544 2564 e
2593 2507 2716 2563 Nilo
2748 2516 2927 2561 tamen
2964 2511 3068 2559 est.

880 2826 1225 2879 EIIIETOAH
1262 2825 1338 2879 ιε’
1379 2825 1513 2895 (89).

2601 2815 2946 2872 EPISTOLA
2980 2812 3119 2869 XIV.

414 2956 726 3028 Responsiva
758 2966 835 3012 est
864 2958 972 3010 ha’c
1001 2955 1223 3025 epistola
1263 2956 1330 3009 ad
1358 2955 1603 3017 alteram.
1636 2955 1865 3023 fortasse
1912 2955 2142 3037 Liburni,
2186 2952 2487 3023 epistolam,
2520 2958 2673 3005 utea:
2713 2964 2899 3003 rursus
2947 2947 3091 3015 facta
3144 2947 3360 3019 Cynegii
3408 2948 3667 3006 mentione

1845 3035 2036 3094 conjicr
2065 3035 2254 3096 potest.

497 3181 719 3253 Ἐορτὴν
767 3178 920 3248 ἄγειν
971 3178 1198 3249 σύνηθες
1244 3180 1356 3239 τοῖς
1401 3177 1693 3249 Ῥωμαίοις
1737 3178 1865 3250 περὶ
1890 3179 1987 3249 τὴν

2120 3252 2125 3253 ί
2162 3177 2384 3235 Festum
2415 3192 2576 3251 agere
2604 3193 2756 3236 more
2805 3178 3046 3251 quodam
3102 3174 3280 3252 patrio
3343 3186 3664 3239 consuetum

416 3274 690 3345 γειμέριον
721 3272 890 3344 ὤραν,
924 3272 1121 3342 τρόπον
1160 3270 1302 3324 κατά
1330 3287 1451 3322 τινα
1477 3270 1700 3341 πάτριον
1730 3270 1865 3340 (90),
1898 3270 1989 3324 ὅτε

414 3366 509 3419 τοῦ
530 3365 677 3435 ἡλίου
698 3364 833 3434 πρὸς
858 3362 957 3433 τὴν
976 3362 1087 3417 ἄνω
1108 3361 1289 3433 χώραν
1318 3360 1750 3425 ἀναποδίζοψτος,
1773 3360 1991 3415 πλεονά-

417 3456 527 3521 ζειν
556 3455 781 3526 ἄρχεται
828 3454 888 3507 τὸ
932 3453 1231 3525 ἡμερήσιον
1277 3452 1493 3523 μέτρον.
1552 3451 1695 3523 Ἱερὰ
1740 3452 1796 3506 δὲ
1838 3453 1987 3507 νενό-

419 3564 605 3618 μ.σται
633 3547 723 3601 τοῦ
754 3545 919 3617 μηνὸς
942 3548 976 3616 ἡ
999 3544 1162 3616 ἀρχὴ,
1184 3546 1277 3598 καὶ
1305 3544 1393 3599 διὰ
1416 3542 1619 3615 ταύτης
1647 3544 1744 3614 τῆς
1777 3544 1991 3615 ἡμέρας

414 3642 474 3692 τὸ
501 3642 606 3693 πᾶν
632 3638 747 3702 ἔτος
775 3637 1163 3708 οἰωνιζόμενοι,
1185 3636 1365 3703 δεξιάς
1391 3653 1541 3700 τινας
1570 3635 1873 3706 συντυχίας,
1896 3636 1991 3690 καὶ

416 3730 771 3800 εὐφροσύνας,
798 3730 890 3783 καὶ⁹
910 3729 1109 3801 πόρους
1138 3728 1534 3798 ἐπιτηδεύουσι.
1574 3728 1637 3781 Τί
1673 3727 1992 3798 βουλόμενος

420 3823 660 3876 ἐντεῦθεν
709 3821 803 3875 τοῦ
838 3821 1163 3892 γράμματος
1203 3822 1477 3892 ἄρχομαι;
1530 3822 1653 3873 Ὅτι
1695 3819 1788 3874 καὶ
1833 3820 1994 3885 αὐτὸς

418 3914 673 3984 διήγαγον
700 3912 796 3983 τὴν
824 3912 1015 3983 ἑορτὴν
1044 3910 1248 3981 ταύτην
1271 3951 1284 3973 ,
1338 3910 1736 3981 παραπλησίως
1767 3910 1996 3974 ἐκείνοις

418 4004 833 4075 χρυσοφορήσας
856 4020 870 4034 ⁹
915 3999 1045 4073 ἦλθε
1076 4004 1183 4073 γὰρ
1208 4003 1329 4055 τότε
1360 4003 1452 4055 καὶ
1479 4003 1558 4065 εἰς
1586 4002 1685 4065 τὰς
1711 4002 1847 4073 ἐμὰς
1880 4005 1995 4072 χεῖ-

421 4113 515 4166 ρας
534 4093 763 4167 χρυσὸς,
787 4094 846 4148 οὑ
863 4113 943 4149 τοι
970 4095 1108 4150 κατὰ
1136 4094 1226 4148 τὸν
1274 4094 1550 4165 πάνδημον
1582 4094 1769 4148 τοῦτον
1798 4093 1994 4164 χρυσὸν

416 4188 474 4240 ὃν
504 4189 786 4255 ἀγαπῶσιν
816 4189 863 4239 oi
897 4187 1153 4257 ἄρχοντες
1193 4189 1285 4240 καὶ
1318 4184 1714 4257 δωροφοροῦσιν
1755 4187 1804 4238 οἱ
1844 4186 1995 4254 ἕχον-

414 4297 526 4345 τες,
571 4280 632 4331 τὸ
669 4279 803 4349 βαρὺ
834 4280 928 4332 καὶ
957 4279 1177 4348 αἰσχρὸν
1230 4278 1322 4331 καὶ
1361 4277 1563 4347 ἄψυχον
1598 4277 1784 4347 κτῆμα
1808 4293 1823 4307 ⁸
1873 4277 1992 4330 ἀλλ’

417 4370 445 4423 ὅ
487 4370 684 4434 παντὸς
726 4369 957 4423 πλούτου
1002 4372 1185 4438 τοῖσγε
1220 4367 1342 4421 νοῦν
1398 4367 1611 4438 ἔχουσιν
1661 4366 1993 4438 ὑψηλότερόν

488 4551 895 4623 (82)-Ἕχοντα
914 4551 1187 4619 λιπαρόν.
1216 4552 1526 4623 Commutat
1562 4550 1867 4623 Zacagnius
1898 4551 1984 4605 λυ-

419 4622 555 4693 πρόν
578 4621 850 4694 Vat.cum
882 4622 1127 4694 λιπαρόν,
1170 4622 1316 4691 quod
1339 4625 1397 4694 _ci
1427 4621 1783 4694 contrarium.
1821 4623 1989 4694 necte

419 4692 550 4746 sane
580 4693 651 4746 ob
688 4692 969 4746 sententiae
1014 4692 1301 4751 rationem.
1333 4692 1436 4746 Sed
1486 4707 1587 4745 ms.
1640 4692 1777 4746 Med.
1824 4692 1989 4747 habet

417 4761 685 4831 λαμπρόν.
708 4762 940 4816 Canace.
960 4776 1014 4831 p.
1039 4762 1127 4816 96.
1151 4760 1305 4815 —-Ita
1331 4762 1418 4817 hic
1442 4762 1598 4831 locus
1615 4762 1986 4817 emendandus

421 4830 551 4903 mihi
574 4830 791 4903 Videtur
813 4848 828 4898 ;
855 4845 978 4885 nam
998 4832 1053 4885 in
1087 4831 1345 4903 Vaticano
1372 4831 1563 4886 codice
1588 4830 1791 4903 λυπρόν
1810 4873 1824 4899 ,
1850 4847 1987 4887 con-

418 4900 589 4953 trario
621 4902 777 4969 plane
806 4916 972 4956 sensu
1004 4900 1281 4954 scribitur.

491 4970 603 5042 (85)
632 4970 1109 5042 ’Ελικιιθιιγο-εξνταζ
1130 4970 1310 5042 Codex
1364 4969 1503 5042 Med.
1553 4970 1979 5042 ὲκκαθαρθέντα.

421 5038 541 5093 Mox
580 5041 888 5111 lacunulam
912 5038 1034 5093 Vat.
1074 5038 1662 5111 Zacagniusimplevit
1706 5038 1840 5111 voce
1885 5041 1984 5109 ἄγ-

417 5127 585 5162 νοιαν.
617 5108 723 5164 Sed
753 5111 1046 5177 praeclarus
1093 5109 1367 5164 Mediceus
1405 5108 1542 5165 liber
1582 5110 1747 5164 nullis
1775 5108 1986 5165 lacunis

419 5186 692 5246 turpatus,
721 5179 883 5233 habet
906 5177 1106 5248 ζημίαν
1134 5180 1342 5247 optimo
1369 5195 1555 5235 sensu.
1586 5179 1663 5235 Id.
1688 5180 1820 5233 ibid.

492 5249 604 5316 (84)
658 5248 858 5302 Vocem
913 5249 1131 5320 uncinis
1164 5319 1169 5320 ν
1203 5248 1469 5304 inclusam
1528 5266 1629 5305 nos
1701 5250 1984 5320 supplevi-

420 5333 561 5376 mus.
590 5333 712 5371 cum
743 5320 794 5371 in
829 5317 1015 5372 codice
1054 5316 1319 5371 Vaticano
1344 5320 1531 5372 lacuna
1554 5321 1645 5375 sit.

492 5386 604 5453 (85)
662 5388 900 5440 Ἔπειτα
938 5386 1232 5455 μέντοιγε,
1293 5389 1390 5440 καί
1444 5390 1648 5454 τούτῳ.
1677 5390 1811 5443 Cod.
1844 5388 1982 5443 Med.

420 5454 607 5525 ἔπειτα
638 5456 818 5525 μέντοι
842 5454 951 5520 τοῖς
986 5461 1117 5521 σοῖς.
1150 5457 1328 5525 Longe
1361 5458 1433 5510 ita
1451 5459 1623 5513 satius
1659 5475 1671 5509 :
1702 5474 1825 5513 cum
1858 5457 1979 5513 Vat.

424 5524 658 5598 lectione
683 5526 767 5598 bi_s_
794 5528 1038 5579 eamdem
1069 5524 1393 5598 sententiam
1419 5543 1525 5580 non
1556 5529 1672 5582 sine
1690 5529 1984 5598 tautologia

426 5593 697 5666 posuisset
722 5593 1041 5666 Nyssenus:
1070 5597 1181 5665 jam
1218 5599 1361 5652 enim
1396 5598 1557 5666 paulo
1602 5604 1727 5651 ante
1772 5593 1986 5652 dixerat

423 5680 544 5714 rum
581 5663 785 5717 Basilio
823 5680 880 5719 se
913 5663 1320 5721 conversatum.
1356 5663 1538 5720 satius
1574 5667 1738 5733 igitur
1772 5668 1878 5720 erit
1925 5676 1986 5720 ut

423 5733 678 5803 deinceps
708 5733 852 5788 dicat
881 5749 941 5789 sc
980 5734 1150 5791 fuisse
1203 5752 1326 5792 eum
1380 5737 1690 5792 hominibus
1735 5736 1854 5806 ejus
1896 5737 1987 5791 cui

2087 3282 2174 3331 est
2206 3274 2491 3338 Romanis.
2525 3289 2653 3329 cum
2685 3275 2918 3331 hiberno
2953 3284 3198 3347 tempore
3226 3279 3309 3333 sol
3354 3280 3667 3348 superiores

2088 3365 2214 3421 coeli
2262 3375 2445 3433 partes
2498 3372 2774 3435 repetens,
2813 3365 2999 3421 diurni
3059 3369 3225 3436 spatii
3268 3370 3662 3425 incrementum

2092 3454 2337 3509 inchoat.
2356 3454 2586 3509 Sacrum
2621 3464 2804 3511 autem
2824 3473 2949 3512 esse
2979 3465 3175 3528 putant
3201 3460 3664 3522 mensislnitium,

2090 3552 2149 3600 et
2188 3560 2254 3599 ex
2286 3544 2389 3599 bac
2417 3544 2507 3599 die
2533 3560 2695 3600 omen
2724 3546 2898 3602 totius
2918 3548 3047 3601 anni
3077 3550 3382 3619 capientes,
3412 3550 3664 3606 felicibus

2088 3641 2336 3706 eventis,
2374 3641 2839 3711 prOSperitatibus
2876 3650 2930 3696 et
2975 3642 3247 3697 bonorum
3289 3645 3533 3698 omnium
3585 3644 3667 3698 af—

2089 3731 2332 3787 lluentiis
2359 3732 2716 3801 auspicandis
2744 3740 2960 3789 vacant.
2985 3731 3263 3799 Quorsum
3294 3733 3396 3788 hoc
3416 3735 3668 3805 epistolae

2089 3823 2400 3879 exordium.
2449 3824 2717 3888 Quoniam
2755 3832 2810 3877 et
2847 3824 2986 3892 ipse,
3042 3840 3198 3895 aeque
3246 3840 3309 3879 ac
3378 3826 3479 3891 illi,
3546 3829 3665 3880 auri

2091 3913 2297 3968 donum
2331 3913 2585 3983 adeptus,
2643 3914 2844 3969 festum
2882 3915 3032 3969 hunc
3064 3916 3209 3969 diem
3262 3916 3380 3985 egi:
3440 3932 3563 3970 nam
3599 3919 3669 3971 ad

2097 4019 2248 4060 meas
2276 4020 2495 4074 quoque
2521 4014 2653 4060 tunc
2686 4021 2879 4060 manus
2905 4006 3151 4075 pervenit
3175 4021 3396 4070 aurum,
3416 4023 3529 4061 non
3544 4010 3669 4063 vul'-

2100 4108 2229 4164 gare
2278 4094 2412 4149 illud
2448 4095 2593 4164 quod
2643 4110 2801 4165 reges
2839 4095 2892 4147 in
2925 4095 3104 4164 pretio
3152 4096 3377 4159 habent,
3432 4103 3487 4151 et
3518 4096 3677 4151 dono

2104 4187 2236 4241 dant
2274 4187 2366 4256 qui
2396 4202 2462 4241 eo
2486 4188 2790 4251 abundant,
2824 4202 2938 4240 rem
2977 4202 3172 4256 nempe
3217 4201 3533 4252 onerosam,
3581 4190 3677 4242 vi—

2096 4279 2202 4333 Iein
2235 4286 2289 4333 et
2325 4278 2656 4340 inanimem,
2687 4278 2780 4332 sed
2814 4278 2961 4348 quod
3022 4278 3164 4347 apud
3206 4279 3467 4334 cordatus
3516 4280 3671 4335 viros

2097 4367 2351 4423 omnibus
2379 4367 2588 4423 divitiis
2619 4368 2979 4424 excellentius
3014 4378 3118 4436 est,
3145 4370 3517 4439 pulcherrima
3535 4385 3673 4426 sane

2099 4554 2296 4610 scribit
2330 4556 2638 4625 epistolam.
2677 4553 2755 4610 Id.
2780 4569 2834 4622 p.
2861 4555 2951 4611 95.

2167 4625 2279 4695 (86)
2317 4626 2423 4681 Καὶ
2446 4643 2580 4695 τυχ.
2620 4625 2728 4696 Καί
2759 4627 2977 4696 εῢρειίθ
3009 4625 3149 4681 Med.
3193 4626 3357 4695 paulo
3399 4634 3535 4696 post
3570 4626 3667 4679 οὑ⁴

2090 4694 2184 4765 δέν
2213 4696 2376 4751 habet
2428 4696 2502 4750 id.
2549 4695 2740 4757 codex,
2790 4695 2936 4765 quod
2980 4697 3122 4750 valet
3162 4694 3300 4759 non,
3329 4694 3496 4751 veluti
3528 4696 3671 4749 nihil

2091 4764 2357 4837 latinum;
2387 4773 2441 4837 et
2500 4765 2658 4837 longe
2701 4764 2923 4837 prestat
2963 4765 3039 4835 τῷ
3087 4765 3321 4837 οὐδαμοῦ
3376 4765 3669 4820 Vaticani:

2090 4836 2272 4905 solum
2308 4835 2459 4905 enim
2504 4835 2609 4889 sibi
2659 4850 2768 4889 non
2824 4835 2999 4891 fuisse
3045 4835 3410 4905 praeceptores
3440 4849 3667 4889 monere

2089 4903 2207 4974 ipse
2222 4904 2367 4974 ivult.
2396 4904 2474 4974 Id.
2510 4905 2753 4974 pag._94.

2163 4973 2274 5044 (87)
2314 4974 2366 5025 Ὁ
2385 4973 2499 5027 διδ.
2514 4972 2522 4973 ί
2540 4972 2676 5026 Med.
2708 4975 2736 5044 φ
2755 4973 2812 5026 δὲ
2839 4973 2937 5026 διδ.

2164 5040 2274 5111 (88)
2341 5044 2630 5097 Τοιούτων
2672 5042 2787 5107 τὴν
2836 5043 3031 5095 αἰτίαν
3074 5042 3399 5097 ἀναθεῖναι.
3452 5040 3509 5096 Id
3531 5043 3661 5096 cod.

2090 5112 2374 5185 ἡμετέρων
2398 5113 2671 5185 ἀναθεῖναι
2700 5113 2798 5181 τὴν
2827 5112 3026 5185 αἰτίαν·
3071 5127 3111 5185 ,ε
3156 5127 3266 5185 quo
3297 5113 3470 5185 etiam
3499 5112 3664 5185 abest

2090 5180 2491 5253 pestremavox
2525 5182 2691 5251 ὅμως.
2720 5180 2789 5253 _-}-
2827 5181 2905 5253 Ita
2956 5183 3043 5253 hic
3071 5180 3358 5253 legendum
3422 5180 3659 5247 videtur,

2087 5251 2216 5306 licet
2262 5252 2315 5305 in
2339 5250 2603 5304 Vaticano
2633 5250 2821 5304 codice
2851 5252 2920 5304 sit
2948 5250 3163 5304 τούτου.

2159 5320 2281 5393 (89)
2312 5321 2538 5374 Ἐπιστ.
2556 5319 2629 5393 Λίη
2676 5336 2776 5375 ms.
2803 5316 2941 5374 Med.
2967 5321 3329 5393 hazeepistola
3348 5322 3664 5378 inscribitur

2088 5391 2327 5460 Λιϐανίῳ
2358 5391 2579 5460 σοφιστῇ
2608 5406 2619 5417 ·
2658 5399 2850 5459 estque
2881 5407 3034 5445 num.
3067 5390 3133 5443 Χ.

2160 5460 2270 5532 (90)
2303 5459 2466 5526 ⁷Περὶ
2514 5460 2629 5532 τὴν
2668 5491 2737 5499 -
2764 5461 3031 5532 πάτριον.
3086 5460 3207 5532 Ms:
3228 5460 3367 5516 Med.
3396 5460 3526 5532 περὶ
3562 5459 3659 5529 τὴν

2100 5529 2376 5602 χειμέριον
2407 5530 2611 5601 τροπὴν
2640 5530 2783 5584 κατά
2813 5547 2866 5583 τι
2899 5531 3144 5601 πάτριον.
3169 5529 3416 5602 Egregie.
3449 5529 3663 5587 Sensns

2091 5599 2293 5668 Optime
2325 5609 2541 5671 constat
2567 5599 2817 5671 {seponi},
2849 5599 3175 5671 vocabulum
3221 5599 3295 5654 ad
3318 5599 3337 5671 ί
3353 5609 3658 5668 temporum

2092 5668 2481 5741 conversiones
2510 5668 2723 5741 scilicet
2754 5668 3056 5739 pertinens.
3083 5669 3147 5741 Et
3175 5670 3351 5741 τροπὴ
3404 5684 3503 5741 pro
3545 5671 3665 5741 sol:

2093 5738 2243 5795 stitio
2267 5738 2509 5808 profecto
2536 5735 2821 5809 accipitur,
2849 5739 3144 5812 χειμερινῷ
3185 5735 3269 5796 νέΙ
3317 5735 3534 5810 θερινῷ.
3575 5735 3663 5791 Νη
