4092 6368
438 343 570 401 1931

1664 334 1725 391 S.
1767 327 2096 388 GHECORII
2130 323 2418 382 NYSSENI

3549 307 3687 362 1052

432 480 523 519 res
546 465 860 535 accipienti,
887 472 947 517 nt
978 462 1250 518 Pindarus
1266 460 1540 530 loquitur,
1572 465 1719 519 tuas,
1753 455 2001 523 inquam,

2121 466 2272 513 ιστιν,
2288 448 2349 501 τὸ
2369 444 2647 500 κάλλιστον
2664 442 2831 504 ὅντως
2851 437 3086 507 δεξίωμα
3105 432 3245 488 κατὰ
3266 430 3526 535 Πίνδαρρν
3549 430 3685 535 ('91),

437 558 651 611 litteras
688 565 742 611 et
783 572 1009 627 magnas
1052 554 1369 610 earumdem
1425 551 1667 607 divitias.
1727 545 2006 614 Contingit

434 648 579 700 enim
604 662 689 701 me
704 646 796 700 illa
813 646 901 702 die
926 647 990 699 ad
1014 643 1396 714 Cappadocum
1419 639 1764 709 metropolim
1784 636 2008 692 venien-

435 745 544 791 tem
583 752 708 790 cum
751 736 1063 791 necessario
1112 735 1347 804 quodam
1395 740 1450 786 et
1485 732 1662 785 amico
1703 730 1819 782 viro
1871 742 2007 781 con-

439 828 615 898 gredi,
634 829 726 897 qui
752 828 884 881 mihi
900 827 1102 879 donum
1123 824 1293 886 istud,
1314 824 1598 892 epistolam
1620 836 1817 890 nempe
1836 827 2008 883 tuam,

439 916 588 970 Velut
612 916 885 987 quoddam
925 913 1239 967 festivitatis
1262 913 1596 981 symbolum,
1629 910 1847 965 obtulit.
1898 908 2011 977 Ego

439 1014 620 1059 autem
678 1018 872 1073 magna
924 1019 986 1055 ex
1045 1002 1149 1055 hoc
1205 1012 1403 1057 eventu
1463 1002 1650 1055 laetitia
1713 999 2006 1070 perfusus,

439 1097 576 1151 lucri
642 1095 801 1150 istius
865 1095 1083 1149 cunctis
1135 1094 1229 1162 qui
1298 1093 1525 1148 aderant
1599 1093 1810 1161 copiam
1869 1092 2011 1157 feci,

438 1196 740 1250 omnesque
760 1182 881 1251 ejus
907 1181 1199 1250 participes
1223 1180 1350 1235 facti
1367 1187 1516 1239 sunt.
1538 1187 1713 1232 totum
1741 1185 2010 1247 quantum

438 1280 556 1327 erat
584 1272 785 1342 singuli
805 1272 941 1326 citra
965 1271 1371 1325 contentionem
1396 1270 1564 1323 ullam
1595 1269 1778 1339 adepti
1801 1287 1816 1332 ;
1839 1284 2017 1339 neque

441 1371 623 1417 tamen
674 1378 774 1433 ego
805 1363 954 1416 illius
984 1362 1286 1432 quidquam
1335 1361 1518 1415 minus
1575 1360 1739 1414 habui
1771 1376 1787 1426 ;
1822 1360 2019 1414 litterae

441 1453 590 1504 enim
640 1461 745 1504 tum
781 1466 977 1505 manus
1007 1460 1334 1504 cunctorum
1376 1459 1757 1518 pervagantes,
1789 1449 2020 1518 propria:

446 1538 890 1608 uniuscujusque
916 1537 1121 1591 divitiae
1153 1536 1314 1591 facta:
1348 1545 1502 1600 sunt,
1533 1537 1662 1591 dum
1693 1537 1785 1590 alii
1814 1538 2021 1607 pluries

446 1628 675 1698 legendo
696 1629 989 1691 memoriae,
1014 1628 1104 1682 alii
1124 1628 1327 1682 tabulis
1348 1642 1537 1682 earum
1564 1628 1727 1683 verba
1746 1643 2023 1682 commen-

447 1719 600 1782 dant,
635 1728 687 1772 et
737 1734 929 1773 rursus
983 1720 1049 1772 ad
1095 1733 1246 1773 meas
1302 1719 1515 1773 rediere
1572 1733 1769 1773 manus
1797 1757 1813 1781 ,
1846 1718 2024 1787 majus

2105 541 2175 594 τὰ
2216 548 2303 604 σα,
2351 537 2516 608 φημὶ,
2560 535 2884 605 γράμματα,
2925 531 3020 584 καὶ
3069 529 3099 580 ὁ
3148 526 3317 589 πολὺς
3361 524 3420 577 ὲν
3459 522 3687 583 ἐκείνοις

2106 630 2353 693 πλοῦτος.
2385 626 2541 682 Οὕτω
2566 623 2673 694 γὰρ
2702 621 2903 689 συνέϐη
2932 618 3074 672 κατὰ
3101 618 3198 687 τὴν
3230 614 3443 687 ἡμέραν
3471 611 3686 681 ἐκείνην

2109 717 2582 792 προσφοιτήσαντά
2603 713 2714 785 (92)
2747 729 2814 784 με
2833 713 2898 782 τῇ
2924 708 3255 783 μητροπόλει
3279 702 3682 767 Καππαδόκων,

2111 813 2351 882 ἐντυχεῖν
2375 826 2482 863 τινι
2508 807 2618 860 τῶν
2646 803 2987 873 ἐπιτηδείων,
3027 801 3086 862 ὃς
3115 817 3204 870 μοι
3229 798 3288 851 τὸ
3310 796 3479 867 δῶρον
3505 794 3682 856 τοῦτο,

2110 905 2209 975 τὴν
2243 899 2549 970 ἐπιστολὴν,
2590 894 2703 950 οἷόν
2743 912 2796 948 τι
2840 892 3107 963 σύμϐολον
3156 888 3349 960 ἑορτῆς
3372 886 3684 958 προετείνα-

2120 1176 2389 1246 μετεῖχον,
2409 1170 2471 1224 τὸ
2495 1169 2614 1223 ὅλον
2637 1166 2886 1227 ἕκαστος,
2911 1162 2972 1216 οὐ
3006 1158 3402 1229 φιλονικοῦντες
3429 1156 3563 1225 (94).
3593 1155 3687 1207 καὶ

2118 1268 2218 1322 οὐκ
2248 1261 2588 1334 ὴλαττούμην
2613 1257 2725 1326 ἐγώ
2749 1274 2760 1286 ·
2792 1254 3061 1319 διεξιοῦσα
3087 1250 3195 1320 γὰρ
3218 1249 3316 1313 τὰς
3345 1247 3563 1301 πάντων
3584 1246 3689 1315 χεῖ-

2123 1376 2221 1430 ρας
2252 1359 2285 1427 ἠ
2318 1351 2593 1422 ἐπιστολὴ,
2618 1350 2754 1413 ἴδιος
2780 1346 3009 1401 ἑκάστου
3036 1341 3263 1404 πλοῦτός
3288 1341 3422 1401 ἐστι,
3450 1337 3565 1430 τῶν

2119 1427 2185 1521 τῇ
2220 1448 2405 1519 μνήμῃ
2436 1443 2548 1513 {95)
2574 1440 2662 1494 διὰ
2692 1439 2790 1509 τῆς
2821 1434 3075 1506 συνεχοῦς
3096 1430 3471 1501 ἀναγνώσεως,
3499 1427 3605 1521 τῶν

2122 1519 2326 1599 δέλτοις
2357 1530 2852 1604 ὲναπομαξαμένων
2882 1528 2951 1580 τὰ
2987 1528 3228 1597 ῥήματα,
3279 1522 3373 1575 καὶ
3422 1519 3579 1573 πάλιν
3632 1519 3690 1570 ὲν

2123 1632 2243 1691 ταῖς
2279 1628 2438 1697 ὲμαῖς
2480 1620 2547 1695 ἦν
2580 1621 2756 1693 χερσὶ,
2792 1619 2951 1671 πλέον
2979 1615 3341 1687 εύφραίνουσα
3369 1611 3404 1682 ἢ
3432 1612 3556 1673 τοὺς
3594 1611 3692 1677 ὀφ-

2128 1718 2364 1789 θαλμοὺς
2389 1715 2497 1768 τῶν
2536 1709 2885 1781 πολυχρύσων
2914 1710 2948 1778 ἡ
2976 1706 3096 1776 ὕλη.
3144 1703 3360 1773 Ἐπειδὴ
3393 1701 3571 1754 τοίνυν
3598 1701 3693 1751 καὶ

445 1808 577 1861 mibi
634 1808 891 1879 gaudium
953 1808 1281 1875 aﬁ‘erentes,
1327 1824 1494 1884 quam
1553 1808 1781 1862 divitum
1838 1809 2016 1863 oculis

2121 1814 2227 1873 τοῖς
2259 1808 2522 1877 γεωργοῖς
2578 1804 2874 1873 (χρήσομαι
2929 1798 3037 1870 γὰρ
3086 1798 3153 1849 ἐκ
3205 1794 3312 1849 τῶν
3355 1793 3568 1884 οἰκείων
3614 1791 3693 1884 τῷ

445 1900 564 1952 auri
597 1901 851 1955 materies
888 1899 1223 1969 suppeditat.
1246 1902 1517 1966 Quoniam
1565 1900 1734 1969 igitur
1763 1900 2019 1969 agricolis

444 2005 686 2059 quoque,
724 2001 783 2044 ut
833 1993 1084 2061 exemplo
1122 2007 1190 2046 ex
1243 1990 1606 2046 familiaribus
1653 1990 1819 2046 rebus
1851 1990 2020 2059 petito

444 2090 588 2143 utar,
619 2082 843 2136 multam
877 2083 942 2135 ad
976 2081 1247 2137 secundos
1271 2080 1491 2136 labores
1526 2082 1865 2135 alacritatem
1888 2094 2021 2134 con-

444 2171 552 2223 fert
580 2171 700 2227 laus
730 2187 793 2226 ex
824 2173 1121 2227 transactis
1178 2171 1457 2227 laboribus
1491 2180 1745 2241 percepta
1778 2189 1793 2238 ;
1820 2172 1888 2227 da
1921 2187 2020 2225 no-

444 2262 530 2316 bis
562 2278 781 2333 quoque
811 2264 1028 2319 veniam
1056 2303 1072 2325 ,
1107 2271 1167 2317 ut
1206 2271 1327 2319 tuas
1370 2264 1434 2317 ad
1502 2280 1603 2319 nos
1648 2265 1881 2327 litteras,
1912 2264 2021 2317 lau-

442 2350 606 2406 dibus
635 2353 843 2408 nostris
895 2352 1148 2415 refertas,
1176 2353 1342 2408 veluti
1373 2352 1631 2408 amicitia:
1692 2354 1902 2408 semina
1932 2353 2018 2423 ja-

439 2440 676 2507 ciamus,
716 2451 770 2497 et
814 2454 1097 2513 propterea
1145 2447 1454 2500 scribamus
1480 2452 1538 2499 ut
1572 2452 1626 2499 te
1654 2444 1721 2499 ad
1770 2445 2020 2500 scriben-

442 2530 572 2584 dum
620 2547 817 2588 rursus
865 2549 1247 2604 provocemus.
1280 2535 1549 2590 Caeterum
1591 2536 1695 2590 hoc
1731 2536 1920 2604 gratia:
1962 2545 2021 2590 et

445 2622 691 2677 beneﬁcii
740 2625 861 2679 loco
897 2627 994 2679 abs
1030 2635 1084 2681 te
1117 2636 1240 2695 peto
1275 2628 1329 2682 in
1378 2643 1724 2682 communem
1773 2628 2016 2680 omnium

443 2712 751 2776 utilitatem,
791 2719 849 2767 ut
882 2712 947 2768 de
979 2714 1046 2768 iis
1077 2716 1314 2784 amplius
1344 2732 1453 2769 non
1494 2716 1704 2786 cogites
1747 2731 1868 2785 quae
1917 2716 2021 2770 sub

443 2804 692 2873 cpistola!
726 2802 887 2863 ﬁnem
939 2804 1281 2861 subobscure
1329 2807 1472 2875 apud
1522 2821 1621 2862 nos
1649 2806 2018 2860 comminatus

444 2909 526 2948 es.
548 2893 736 2963 Neque
763 2896 908 2949 enim
933 2895 1173 2950 arbitror
1195 2904 1401 2950 rectum
1429 2912 1552 2953 esse
1581 2897 1872 2966 judicium,
1906 2913 2016 2966 quo

442 2985 1106 3054 sermonumelegantiam
1142 2984 1467 3050 damnas,et
1495 2986 1706 3041 idcirco
1738 2988 2016 3042 silentium

446 3090 542 3143 per
596 3082 763 3128 totam
815 3075 982 3129 vitam
1035 3075 1134 3130 tibi
1184 3076 1538 3131 indicendum
1587 3092 1711 3132 esse
1741 3076 2014 3142 decernis,

2120 1898 2496 1968 ὑποδείγματι)
2535 1894 2727 1964 πολλὴν
2758 1892 2934 1946 δίδωσι
2962 1889 3097 1961 πρὸς
3124 1889 3249 1950 τοὺς
3277 1883 3559 1955 δευτέρους
3585 1883 3692 1937 τῶν

2120 1992 2296 2044 πόνων
2325 1987 2423 2058 τὴν
2455 1983 2781 2057 προθυμίαν,
2824 1980 2884 2035 τὸ
2926 1978 3034 2033 τῶν
3081 1976 3420 2047 πονηθέντων
3459 1972 3694 2042 ἀπόκρο-

2118 2100 2211 2136 τον
2251 2079 2386 2151 (96),
2418 2074 2689 2146 σύγγνωθι
2731 2073 2825 2128 καὶ⁸
2868 2072 3018 2141 ἡμῖν,
3067 2068 3210 2137 ἅπερ
3260 2066 3420 2130 αὐτὸς
3458 2065 3695 2127 δέδωκας

2120 2168 2630 2239 καταϐαλλομένοις,
2676 2164 2769 2218 καὶ
2809 2161 2897 2216 διὰ
2946 2161 3103 2214 τοῦτο
3146 2159 3467 2231 γράφουσιν,
3499 2156 3585 2208 ἵνα
3631 2171 3694 2207 σε

2120 2262 2281 2317 πάλιν
2308 2261 2443 2331 πρὸς
2478 2258 2539 2311 τὸ
2562 2257 2794 2327 γράφειν
2843 2249 3283 2320 έκκαλεσώμεθα.
3334 2246 3597 2316 Αίτοῦμαι
3635 2244 3695 2299 δὲ

2119 2354 2278 2425 χάριν
2331 2350 2471 2421 ὑπὲρ
2523 2346 2618 2400 τοῦ
2668 2346 2783 2417 βίου
2832 2344 3016 2414 κοῐνὴν
3041 2380 3057 2406 ,
3107 2341 3208 2394 ὅσα
3264 2339 3333 2393 δι’
3376 2337 3695 2407 αἰνίγματος

2119 2442 2275 2515 ἡμῶν
2303 2441 2415 2513 (97)
2438 2438 2507 2492 τὰ
2538 2437 2821 2491 τελευταῖα
2846 2434 2945 2502 τῆς
2974 2430 3261 2500 ἐπιστολῆς
3294 2426 3694 2497 ὐπηπείλησας,

2122 2534 2318 2605 μηκέτι
2376 2527 2721 2584 διανοεῖσθαι.
2776 2524 2912 2577 Οὐδὲ
2956 2522 3065 2593 γὰρ
3111 2518 3292 2581 καλῶς
3338 2518 3481 2587 ἔχειν
3551 2516 3695 2585 φημὶ

2127 2623 2360 2694 κρίσεως
2387 2619 2511 2692 [ὅτι]
2543 2618 2687 2678 τινὲς
2720 2614 3094 2685 ἁμαρτάνουσι
3134 2611 3273 2683 ’πρὸς
3298 2609 3396 2680 τὴν
3422 2608 3694 2679 βάρὸαρον

2118 2712 2366 2780 γλῶσσαν
2395 2709 2503 2763 ἀπὸ
2528 2710 2626 2778 τῆς
2674 2706 2977 2776 Ἑλληνίδος
3000 2701 3441 2772 αὖτομολοῦντες,
3477 2700 3570 2752 καὶ
3602 2716 3693 2768 μι-

2120 2801 2370 2872 σθοφόροι
2399 2797 2723 2871 στρατιῶται
2746 2796 3046 2865 γενόμενοι,
3081 2794 3175 2846 καὶ
3210 2793 3271 2845 τὸ
3310 2789 3694 2862 στρατιωτικὸν

2120 2892 2424 2963 σιτηρέσιον
2452 2890 2573 2943 ἀντὶ
2612 2888 2713 2957 τῆς
2753 2887 2810 2940 ὲν
2847 2885 2925 2956 τῷ
2952 2885 3132 2953 λέγειν
3164 2882 3321 2953 δόξης
3349 2881 3682 2953 αἱρούμενοι.

2116 2982 2205 3037 διὰ
2232 2982 2390 3036 τοῦτό
2423 2998 2481 3034 σε
2515 2977 2897 3043 καταδικάζειν
2924 2977 3034 3030 τῶν
3062 2974 3235 3043 λόγων
3254 3015 3268 3037 ,
3315 2972 3410 3026 καὶ
3454 2971 3695 3040 ἀφωνίαν

2115 3075 2213 3130 τοῦ
2247 3074 2360 3145 βίου
2392 3068 2887 3141 καταψηφίζεσθαι·
2919 3068 3005 3130 τίς
3036 3067 3143 3136 γὰρ
3174 3067 3203 3119 ὁ
3232 3063 3617 3134 φθεγγόμενος.
3646 3064 3695 3115 εί

443 3164 571 3234 quia
610 3164 855 3218 nonnulli
893 3166 1034 3219 male
1073 3177 1262 3237 agunt,
1297 3166 1428 3223 dum
1482 3167 1671 3221 relicta
1704 3165 2014 3221 Crmcorum

2121 3167 2185 3221 σὺ
2232 3166 2332 3235 τὴν
2380 3162 2605 3234 βαρεῖαν
2648 3159 2853 3231 ταύτην
2903 3157 3133 3229 ἀπειλὴν
3180 3156 3320 3211 κατὰ
3377 3156 3484 3209 τῶν
3524 3156 3696 3221 λόγων

445 3257 633 3328 lingua
668 3256 735 3310 ad
764 3258 1034 3313 barbaras
1060 3258 1458 3327 transfugiunt,
1487 3264 1539 3311 et
1565 3257 1891 3311 mercenarii
1921 3257 2016 3310 mi-

445 3348 571 3403 lites
608 3348 737 3404 facti
769 3349 1008 3404 militare
1063 3350 1394 3418 stipendium
1430 3347 1646 3403 dicendi
1669 3348 1856 3417 gloriae
1889 3363 2019 3417 pra:-

447 3438 647 3495 l'erunt.
684 3439 819 3506 Quis
843 3442 986 3495 enim
1020 3448 1165 3494 recte
1196 3439 1428 3509 amplius
1460 3440 1733 3508 loquetur,
1753 3440 1798 3493 si
1834 3439 2017 3508 gravis

446 3529 562 3583 haec
615 3538 704 3584 tua
758 3528 1023 3583 adversus
1068 3529 1438 3598 eloquentiam
1470 3528 1824 3582 comminatio
1872 3536 2012 3592 rata,

447 3618 715 3671 habeatur
746 3618 771 3671 ?
799 3615 905 3671 Sed
928 3625 1110 3671 etnon
1144 3618 1382 3671 alienum
1415 3617 1520 3671 erit
1542 3632 1572 3671 e
1603 3615 1883 3686 Scriptura
1917 3632 2017 3671 no-

446 3715 565 3761 stra
599 3707 806 3777 aliquid
840 3722 1295 3762 commemorare.
1320 3706 1482 3763 lubet
1524 3707 1670 3762 enim
1702 3707 1787 3761 lex
1830 3715 2021 3761 nostra

447 3813 544 3853 eos
587 3797 681 3866 qui
714 3797 1035 3852 hominibus
1078 3798 1261 3868 aliqua
1296 3799 1349 3851 in
1378 3813 1438 3853 re
1463 3797 1773 3868 (prodesse)
1816 3798 2020 3861 valent,

449 3905 559 3943 non
594 3889 792 3944 debere
819 3889 885 3943 ad
911 3904 1102 3943 eorum
1148 3888 1240 3959 qui
1273 3887 1554 3943 beneﬁciis
1584 3886 1851 3943 alliciendi
1874 3896 2021 3950 sunt,

451 3980 692 4033 animum
727 3979 1029 4050 respicere,
1063 3981 1135 4036 ita
1169 3988 1229 4034 ut
1276 3980 1369 4050 qui
1419 3980 1563 4035 bona
1594 3978 1814 4048 quidem
1845 3985 2025 4033 mente

452 4070 662 4138 praediti
706 4078 884 4137 sunt,
921 4072 1311 4128 beneﬁciorum
1366 4079 1686 4127 nostrorum
1743 4078 2022 4139 compotes

453 4159 623 4228 ﬁant,
679 4163 913 4234 ingratis
966 4177 1098 4219 vero
1158 4163 1341 4219 omnis
1401 4162 1591 4219 eadem
1650 4163 2023 4234 consequendi

455 4359 800 4415 commnnius
830 4359 1193 4429 scriptoribus
1242 4358 1467 4414 Grmcis.
1492 4356 1611 4429 lloc
1650 4364 2024 4429 autemwtem-

455 4446 559 4500 pus
599 4431 883 4500 evidenter
922 4426 1128 4484 indicat
1171 4429 1421 4500 epistola.
1473 4427 1627 4493 Cum,
1678 4428 1771 4491 ait,
1810 4426 2024 4500 hiberno

458 4497 683 4568 tempore
709 4499 790 4553 sol
822 4501 1120 4568 superiores
1157 4499 1273 4552 εωίὶ
1310 4507 1487 4567 partes
1536 4505 1788 4568 repetens,
1841 4497 2025 4568 diurni

457 4564 617 4637 spatii
645 4564 1018 4623 incrementum
1051 4568 1262 4622 inchoat
1285 4564 1385 4637 {et
1427 4575 1539 4620 tum
1583 4581 1611 4619 a
1644 4564 1905 4637 Romanis
1950 4565 2031 4621 fe-

457 4634 578 4694 stus
607 4638 726 4707 dies
760 4637 1251 4707 illehperagebatur.
1288 4634 1583 4690 Vaticanus
1618 4651 1646 4707 ιι
1668 4634 1909 4690 Mediceo
1936 4650 2033 4689 so-

459 4706 737 4762 lummodo
776 4705 1047 4777 amenti;
1090 4707 1288 4777 τρόπον
1317 4721 1415 4774 pro
1446 4706 1667 4777 τροπήν
1701 4719 1713 4734 ·
1762 4719 1869 4774 qua
1914 4721 2021 4759 una

459 4792 593 4831 voce
616 4779 887 4838 restituta,
915 4775 1049 4829 nihil
1082 4782 1201 4828 erat
1245 4776 1362 4829 sive
1395 4775 1701 4829 addendum
1744 4777 1861 4829 sive
1904 4790 2020 4829 mu-

462 4847 709 4901 tandum.
733 4845 965 4900 Canace.
1005 4862 1057 4915 p.
1092 4845 1179 4915 Sili.
1210 4873 1281 4915 7-
1328 4843 1668 4915 ltarvidetur
1716 4845 1804 4915 hic
1845 4844 2025 4915 legen-

462 4918 616 4979 dum,
640 4915 767 4970 licet
800 4917 854 4968 in
887 4912 1076 4970 codice
1102 4912 1463 4985 vaticanosit
1488 4954 1503 4976 ,
1534 4916 1663 4985 περὶ
1709 4914 1807 4985 τῂν
1835 4912 2023 4984 χειμέ-

465 5002 580 5058 ριον
609 4985 808 5058 τρόπον
840 4984 1062 5058 κατὰ-τὶ
1085 4984 1333 5058 ’πάτριονἶ
1372 4982 1505 5037 Nam
1549 4982 1688 5058 idem
1745 4982 2024 5058 Nyssenus

463 5052 517 5143 in
541 5052 860 5143 epiSto-latl‘u
876 5055 943 5109 ad
966 5052 1263 5143 Eqseltimn
1289 5055 1404 5143 ait;
1441 5053 1581 5143 κατὰ
1605 5053 1706 5136 τὴν
1737 5052 2024 5143 χειμέριον

461 5123 744 5204 (nocituro?)
774 5124 922 5195 ἡλίου
950 5123 1085 5194 πρὸς
1116 5123 1203 5176 τὸν
1234 5123 1345 5176 ἄνω
1377 5123 1572 5191 δρόμον
1595 5123 2023 5201 ἁξαποδίζοντος.

464 5194 613 5262 Vide,
658 5191 944 5248 Libanium
1009 5193 1063 5246 in
1107 5193 1373 5262 ὲκφράσει
1423 5191 1718 5255 καλανδων,
1748 5189 2027 5262 intento!

462 5261 709 5333 ejusdem
764 5277 990 5333 operum
1045 5259 1565 5333 edit.”Morelliante
1611 5274 1731 5333 pag.
1765 5259 1899 5333 _l_78,
1934 5261 2026 5328 qui

465 5328 606 5387 hanc
638 5328 869 5400 Nysseni
896 5331 1183 5400 epistolam
1216 5346 1325 5385 nun
1374 5328 1722 5400 mediocriter
1765 5328 2023 5400 illustrat.

537 5400 648 5471 (9|)
690 5397 865 5455 Verba
891 5397 994 5456 ista
1021 5401 1074 5454 in
1096 5400 1197 5471 his
1219 5415 1338 5470 qua:
1368 5399 1525 5455 nobis
1559 5406 1853 5469 supersunt
1906 5397 2029 5451 Pin-

464 5469 583 5525 dari
614 5470 869 5540 operibus
895 5486 1003 5524 non
1028 5469 1260 5540 reperio.

538 5538 665 5604 (92f
680 5543 999 5607 Προσφοιτ.
1029 5538 1166 5594 Med.
1204 5538 1644 5608 ὲπιφοιτήσαντα.

540 5610 650 5677 (95)
686 5611 1088 5676 Προετείνατο.
1126 5608 1201 5662 Id.
1235 5609 1356 5663 cod.
1388 5608 1743 5677 προετείνετο.

542 5675 652 5748 (94)
679 5675 761 5731 Οὐ
790 5682 917 5747 φιλ.
954 5677 1093 5733 Med.
1136 5677 1278 5747 ἔχειν
1316 5675 1709 5745 φιλονικοῦντες
1730 5693 1743 5707 ·
1776 5675 1920 5748 quod
1942 5684 2025 5731 est

468 5746 655 5819 Aptius
686 5746 1042 5803 assentationi
1080 5746 1243 5819 quam
1296 5747 1458 5803 habet
1494 5747 1743 5817 epistola.
1772 5746 2017 5819 .Canacc.

2126 3254 2467 3328 κυρώσειας;
2523 3249 2685 3303 Ἀλλὰ
2741 3249 2921 3312 καλῶς
2977 3248 3091 3319 ἔχει
3128 3248 3267 3317 τάχα
3330 3243 3697 3316 μνημονεῦσαί

2118 3363 2261 3409 τινος
2310 3345 2418 3398 τῶν
2446 3345 2511 3396 ὲκ
2536 3342 2635 3413 τῆς
2672 3341 2943 3411 ἡμετέρας
2979 3338 3216 3409 Γραφῆς.
3262 3334 3486 3389 Κελεύει
3518 3334 3625 3404 γὰρ
3670 3334 3700 3386 ὁ

2120 3437 2384 3508 ἡμέτερος
2409 3433 2563 3503 λόγος
2605 3432 2733 3496 τοὺς
2775 3430 3104 3501 δυναμένους
3144 3424 3202 3482 εὖ
3245 3446 3298 3481 τι
3323 3427 3517 3499 [ποιεῖν
3543 3423 3696 3497 (98)]

2126 3528 2203 3598 μὴ
2234 3527 2371 3597 πρὸς
2421 3528 2519 3589 τὰς
2548 3523 2773 3594 γνώμας
2801 3522 2909 3575 τῶν
2947 3520 3415 3591 εὐεργετουμένων
3461 3518 3699 3588 βλέπειν,

2119 3620 2196 3680 ὡς
2222 3616 2612 3686 φιλοτιμεῖσθαι
2643 3615 2740 3685 μὲν
2768 3616 2881 3677 τοῖς
2902 3612 3260 3682 εὐαισθήτοις,
3293 3609 3600 3664 ἀποκλείειν
3640 3608 3698 3660 δὲ

2118 3712 2233 3771 τοῖς
2253 3708 2563 3779 ἀχαρίστοις
2591 3705 2687 3776 τὴν
2712 3705 2955 3758 εὐποιίαν
2981 3720 2997 3736 ο
3023 3703 3157 3757 ἀλλὰ
3180 3700 3463 3773 μιμεῖσθαι
3491 3700 3582 3753 τὸν
3603 3699 3698 3753 τοῦ

2123 3801 2321 3863 παντὸς
2369 3799 2672 3868 οἰκονόμον,
2719 3796 2779 3860 ὃς
2827 3795 3009 3866 κοινὴν
3056 3793 3340 3865 προτίθησι
3379 3792 3483 3847 τῶν
3527 3792 3585 3845 ὲν
3628 3793 3697 3862 τῇ

2123 3892 2298 3945 κτίσει
2327 3890 2507 3945 καλῶν
2532 3890 2631 3959 τὴν
2665 3887 2950 3959 μετουσίαν
2977 3887 3109 3958 (99),
3138 3886 3360 3953 ἀγαθοῖς
3385 3902 3446 3938 τε
3494 3885 3589 3938 καὶ
3621 3884 3698 3955 μὴ

2123 3982 2402 4044 τοιούτοις.
2450 3980 2593 4051 Πρὸς
2624 3980 2795 4033 ταῦτα
2832 3979 3061 4050 βλέπων,
3103 3971 3148 4031 ὦ
3177 3976 3464 4048 θαυμάσιε,
3496 3975 3582 4039 δὸς
3609 3975 3701 4029 ἀεὶ

2126 4073 2364 4127 τοιοῦτον
2392 4071 2471 4142 τῷ
2500 4071 2598 4143 βίῳ
2626 4071 2840 4134 σαυτὸν,
2867 4064 2976 4123 οἷον
3002 4072 3031 4123 ὁ
3060 4066 3344 4139 παρελθὼν
3371 4065 3538 4132 έδειξε
3557 4066 3695 4150 ,χρό-

2127 4183 2234 4230 νος.
2270 4166 2345 4220 Οὐ
2378 4164 2486 4236 γὰρ
2516 4163 2607 4220 τὸν
2653 4163 2802 4234 ἥλιον
2834 4164 2882 4216 οἱ
2930 4162 3004 4234 μὴ
3055 4160 3340 4233 βλέποντες
3400 4159 3699 4215 κωλύουσιν

2167 4374 2252 4414 aa.
2287 4360 2377 4414 94.

2128 4375 2516 4499 Ρῃῗθῦῗῆὶῖρντι
2542 4461 2609 4469 -
2633 4429 2707 4497 τῇ
2730 4429 2957 4499 μνήμῃ.
2989 4428 3126 4499 Med.
3143 4443 3246 4484 ms.
3280 4427 3489 4497 ἐγίνετο
3514 4458 3583 4468 —
3599 4428 3697 4498 τὴν

2132 4501 2372 4569 μνήμην.
2390 4568 2393 4569 ν
2412 4497 2475 4550 Et
2506 4513 2629 4551 mox
2654 4497 3201 4569 ἐναπογραφομένων.

2201 4566 2316 4637 (θϐῐ
2386 4568 2766 4636 Ἀπόκροτον.
2819 4566 2916 4622 llic
2950 4566 3225 4637 mendum;
3264 4567 3490 4624 subesse
3517 4567 3695 4621 visum

2133 4635 2235 4692 fuit
2264 4637 2539 4707 Zacagnio
2568 4635 2587 4707 ξε
2617 4647 2670 4691 et
2693 4639 2815 4706 jure
2841 4637 3081 4707 quidem.
3125 4635 3245 4707 Sed,
3264 4653 3367 4692 ms.
3420 4638 3699 4692 Mediccus

2132 4708 2264 4761 illud
2294 4703 2452 4771 tollit,
2493 4703 2758 4762 exhibens
2790 4703 3112 4760 ἀπόνασθαι.
3142 4703 3279 4761 Vere
3312 4707 3455 4761 enim
3486 4707 3698 4761 colonis

2129 4778 2342 4832 animos
2370 4775 2434 4830 ad
2456 4776 2693 4831 laborem
2726 4777 2925 4841 praebet
2962 4776 3021 4827 τὸ
3045 4774 3153 4829 τῶν
3182 4776 3531 4845 πονηθέντων
3563 4776 3698 4829 ἀπό-

2129 4846 2351 4909 νασθαι,
2409 4846 2478 4899 iis
2514 4847 2568 4915 iu
2627 4845 2816 4915 quibus
2863 4845 3222 4909 elaborarunt,
3269 4844 3398 4915 frui.
3460 4844 3693 4901 Canace.

2123 4931 2248 4997 pag.
2281 4916 2372 4970 96.
2402 4914 2621 4995 —-.Nisi
2650 4914 2924 4971 mendum
2968 4915 3053 4970 hic
3088 4916 3179 4982 sit,
3220 4914 3554 4986 ἀπόκροτον,
3621 4917 3697 4969 nil

2123 4986 2421 5056 altudresse
2451 4984 2684 5056 videtur,
2718 5000 2885 5056 quam
2904 4985 3053 5056 laus,
3085 5000 3113 5037 a
3149 4986 3375 5056 κροτέω,
3404 4985 3621 5056 plaudo.

2194 5024 2684 5125 (ᾙῆῖτὶῖμὲῑὶρῗῑὰἷ
2712 5024 3693 5125 35531332"%;z3.'véi"§hﬁi3"'p3st,

2122 5123 2314 5186 εῖτινες
2346 5123 2518 5190 ἁμαρ.

2195 5193 2307 5276 (98)
2322 5190 2404 5249 Εὖ
2435 5207 2489 5244 τι
2501 5192 2722 5276 fatear.
2748 5192 2917 5276 Recte
2949 5193 3219 5276 supplevit
3250 5191 3562 5276 _Z_acagnius
3608 5194 3693 5248 in—

2125 5261 2325 5333 jiciens
2384 5262 2596 5333 note't'v._
2642 5263 2732 5317 Sic
2807 5263 2967 5333 plane
3020 5261 3190 5318 codex
3249 5261 3421 5317 Med.’
3455 5262 3693 5333 CAIHCC.

2131 5330 2252 5403 pag.
2304 5331 2393 5387 97.
2424 5358 2496 5370 —
2554 5330 2824 5403 Verbum,
2860 5334 3063 5403 ποιεῖν,
3097 5348 3198 5387 nos
3224 5347 3317 5403 __ex
3375 5332 3694 5403 conjectura

2132 5400 2543 5471 supplevimus;
2576 5416 2705 5457 nam
2750 5402 2807 5457 in
2838 5402 3102 5458 Vaticano
3141 5400 3329 5457 codice
3369 5402 3457 5456 hic
3484 5400 3694 5458 lacuna

2130 5479 2235 5527 est.

2202 5538 2313 5609 (99')
2353 5542 2712 5595 Μετουσίαν.
2744 5540 2807 5610 Et
2852 5540 2941 5594 hic
2966 5554 3086 5610 rem
3117 5554 3219 5610 acu
3272 5539 3451 5610 tetigit
3480 5540 3689 5595 editor.

2131 5606 2218 5662 lta'
2262 5606 2384 5663 nam
2431 5627 2495 5666 uc
2549 5610 2685 5666 Med.
2739 5609 2813 5663 In.
2867 5609 3002 5664 ibid.
3040 5638 3111 5651 —
3159 5609 3238 5665 Ita
3294 5606 3691 5667 emendandum

2132 5694 2330 5735 censeo
2379 5627 2552 5738 θεαῖς.
2592 5681 2717 5737 cod.
2756 5680 2813 5735 in
2852 5694 2959 5738 nuo
2994 5679 3139 5737 male
3188 5680 3485 5738 scribitur.
3530 5680 3691 5738 μετᾶ-

2132 5694 2330 5735 censeo
2379 5679 2552 5738 Vatic.
2592 5681 2717 5737 cod.
2756 5680 2813 5735 in
2852 5694 2959 5751 quo
2994 5679 3139 5737 male
3188 5680 3485 5745 scribitur,
3530 5680 3693 5750 μετᾶ-

2131 5766 2304 5804 νοιαν.
