4092 6368
365 289 507 346 1935

1539 294 1921 354 ΕΡίΞΤΟΙιλΕ.
1963 330 2034 343 —-
2071 301 2293 356 EPIST.
2338 304 2442 359 XV.

3485 319 3622 376 1054

363 402 512 454 ilio;
543 398 698 454 εἶναι.
750 403 953 455 Οὐκοῦν
983 404 1101 458 οὐδὲ
1146 404 1242 475 τὴν
1268 407 1461 460 ἀκτῖνα
1488 408 1597 460 τῶν
1628 409 1735 463 σῶν
1764 410 1936 477 λόγων

2044 411 2220 466 aditus
2266 415 2671 483 praecludatur;
2706 419 2800 474 sed
2838 422 3022 489 potius
3074 424 3191 476 vult
3227 430 3285 476 ut
3322 424 3474 479 orbis
3507 442 3623 480 mo-

362 490 736 560 ἀμαυροῦσθαι
768 494 945 555 καλῶς
972 495 1084 563 ἔχει
1126 496 1214 548 διὰ
1253 498 1377 558 τοὺς
1408 499 1716 566 μεμυκότας
1746 499 1815 551 τὰ
1840 501 1938 570 τῆς

361 584 537 654 ψυχῆς
581 584 926 656 αἰσθητήρια.
971 587 1074 637 Τὸν
1121 587 1178 639 δὲ
1224 588 1493 656 κυνήγιον
1540 586 1767 658 εὔχομαι
1819 590 1935 658 μὲν,

362 675 501 728 ὥστε
537 677 766 745 μάλιστα
796 677 891 745 μὲν
920 677 1107 746 πόρρω
1141 677 1238 746 τῆς
1285 677 1470 746 κοινῆς
1515 675 1652 731 εἶναι
1687 680 1842 732 νόσου
1903 680 1937 749 ἢ

365 765 459 817 νῦν
500 766 624 830 τοῦς
674 767 826 830 νέους
870 768 1198 837 κατείληφε·
1251 769 1534 838 προσέχειν
1583 769 1640 822 δὲ
1689 770 1828 822 κατά
1876 770 1936 821 τὸ

367 857 612 908 ἑκούσιον
643 858 719 926 (1)
743 860 808 926 τῇ
838 858 968 927 περὶ
996 859 1120 920 τοὺς
1150 858 1342 924 λόγους
1369 857 1591 927 σπουδῇ.
1618 858 1748 910 Είδὲ
1767 858 1938 920 ἄλλως

365 947 498 1016 ἔχει,
531 947 733 1000 δίκαιόν
767 949 880 1000 ἐστι
942 949 1030 1000 καὶ
1087 949 1160 1018 μὴ
1197 948 1513 1018 βουλόμενον
1561 948 1721 1000 αὑτὸν
1755 947 1939 1001 ἐκϐιά-

366 1038 572 1100 ζεσθαι,
605 1040 662 1091 ἐν
711 1032 755 1106 ᾧ
793 1039 886 1091 νῦν
909 1039 1054 1101 ὄντες
1084 1040 1158 1110 (2)
1188 1041 1237 1092 οἱ
1272 1038 1378 1108 πρὸ
1405 1038 1596 1090 τούτου
1629 1038 1735 1090 τῶν
1765 1038 1938 1105 λόγων

365 1130 852 1198 ἁποστατήσαντες,
905 1131 1120 1183 ἐλεεινοί
1165 1129 1308 1192 τινές
1353 1131 1489 1182 εἰσιν
1540 1129 1629 1180 ὑπ’
1677 1127 1938 1198 αἰσχύνης

367 1220 776 1289 καταδυόμενοι.

2037 501 2348 556 deratorem
2381 506 2685 573 imitentur,
2721 512 2813 578 qui
2862 513 3062 580 probos
3115 528 3270 582 aeque
3302 529 3364 568 ac
3415 515 3621 584 impro-

2037 591 2136 647 bos
2192 595 2434 648 omnium
2487 600 2671 653 mundi
2713 601 2977 655 bonorum
3011 613 3300 660 consortes
3341 604 3492 659 facit.
3539 605 3619 658 Ad

2043 680 2157 736 haec
2207 684 2548 752 respiciens,
2585 689 2668 741 vir
2723 689 3079 755 admirande,
3128 693 3289 748 talem
3334 705 3386 750 te
3436 696 3618 764 ipsum

2035 787 2183 827 nunc
2217 774 2398 840 praebe
2439 780 2656 844 qualem
2704 784 3036 848 praeteritum
3089 791 3304 853 tempus
3349 787 3614 840 ostendit.

2035 861 2223 932 Neque
2255 866 2400 918 enim
2441 871 2612 922 solem
2660 885 2767 924 non
2818 887 2942 925 esse
2993 873 3162 926 solem
3195 875 3324 927 caci
3375 892 3616 944 unquam

2036 952 2316 1009 eﬁ'ecerint
2344 971 2357 1006 :
2393 973 2567 1026 neque
2598 976 2694 1028 par
2721 970 2802 1016 est
2839 969 3056 1014 tuorum
3085 977 3400 1016 sermonum
3431 965 3618 1020 radios

2035 1053 2258 1112 propter
2305 1061 2401 1101 eos
2439 1049 2724 1102 obscurari
2774 1050 2865 1118 qui
2922 1051 3119 1104 habent
3150 1051 3346 1105 animae
3398 1067 3613 1108 sensus.

2035 1134 2337 1204 Cynegium
2388 1148 2566 1190 autem
2623 1139 2691 1190 ab
2756 1139 2858 1192 hoc
2909 1141 3188 1192 communi
3246 1142 3481 1206 morbo,
3519 1144 3614 1209 qui

2041 1227 2466 1293 nnncjuniores
2521 1244 2774 1298 quosque
2826 1231 3116 1299 corripuit,
3171 1246 3336 1298 quam
3375 1235 3615 1288 maxime

369 1316 567 1370 abesse
618 1324 672 1368 et
719 1316 1048 1384 eloquentiae
1106 1315 1305 1372 studiis
1341 1316 1487 1367 ultro
1539 1329 1603 1368 ac
1641 1322 1837 1382 sponte
1873 1315 2189 1372 incumbere
2221 1320 2378 1374 valde
2409 1329 2556 1388 opto.
2593 1321 2746 1386 Quod
2783 1323 2827 1377 si
2886 1323 3044 1376 aliter
3109 1325 3326 1389 sentiat,
3395 1341 3612 1394 aequum

365 1411 450 1460 est
502 1414 561 1459 ut
617 1413 671 1461 et
733 1408 1008 1461 nolentem
1069 1421 1353 1475 cogamus,
1398 1413 1686 1475 propterea
1749 1404 1896 1473 quod
1955 1408 2142 1462 miseri
2219 1409 2331 1463 sint
2409 1424 2716 1482 magnoque
2776 1411 3044 1467 dedecore
3103 1429 3250 1467 nunc
3307 1414 3615 1469 adiciantur

367 1502 458 1572 qui
495 1510 622 1557 ante
670 1502 774 1557 hoc
829 1510 1041 1571 tempus
1091 1501 1420 1571 eloquentia:
1465 1500 1646 1557 studia
1676 1499 2067 1557 deseruerunt.

840 1836 1183 1890 ΕΠΙΣΤΟΛΗ
1221 1836 1300 1889 IE'
1341 1836 1439 1906 (5).

2484 1803 2492 1806 ’
2572 1833 2910 1889 EPISTOLA
2969 1836 3086 1889 xv.

369 2017 451 2072 Ad
491 2034 765 2088 quemnam
798 2020 908 2074 lucc
948 2020 1172 2087 epistola
1202 2023 1398 2088 scripta
1432 2021 1498 2074 sit
1519 2062 1532 2083 ,
1563 2019 1801 2072 divinare
1829 2036 1928 2071 non
1956 2033 2274 2085 possumus;
2303 2034 2534 2086 quanam
2575 2030 2748 2072 autem
2786 2018 3059 2072 occasione
3095 2019 3291 2085 scripta
3331 2019 3522 2086 j‘iterit,
3546 2034 3612 2073 ea:

1476 2091 1710 2158 ejusdem
1757 2091 1975 2143 lectione
2014 2089 2219 2159 liquido
2269 2098 2506 2156 apparet.

436 2295 546 2350 Kal.
589 2294 696 2348 τῶν
727 2294 900 2349 ἄλλων
929 2296 1180 2350 ἁπάντων
1209 2295 1404 2366 μικροῦ
1452 2295 1563 2349 δεῖν
1587 2335 1604 2362 ,
1653 2297 1753 2348 ὅσα
1798 2297 1942 2348 ποιεῖ

2113 2295 2248 2349 Cum
2315 2309 2499 2348 rerum
2572 2291 2684 2348 fere
2759 2295 3002 2347 omnium
3084 2309 3204 2363 quae
3265 2309 3614 2362 possessores

366 2386 492 2449 τοῦς
524 2386 888 2456 κεκτημένους
929 2387 1266 2457 εὐδαίμονας,
1296 2386 1525 2456 πένητες
1563 2387 1611 2438 οί
1641 2387 1936 2439 Καππάδο-

368 2492 461 2538 κες
486 2477 562 2546 (4)
587 2478 764 2546 ἡμεῖς,
791 2477 952 2530 πλέον
980 2478 1036 2530 δὲ
1065 2477 1280 2530 πάντων
1313 2476 1539 2546 πένητες
1567 2477 1674 2528 τῶν
1707 2477 1938 2548 γράφειν

365 2569 676 2637 δυναμένων
711 2570 807 2637 (5).
857 2569 1027 2622 Τοῦτό
1059 2586 1139 2621 τοι
1175 2569 1267 2621 καὶ
1295 2569 1395 2636 τῆς
1428 2568 1625 2638 πολλῆς
1660 2568 1750 2620 τοῦ
1781 2568 1938 2635 λόγου

370 2659 695 2731 βραδύτητος
722 2663 910 2713 αίτιον.
947 2661 1061 2731 Πρὸ
1090 2661 1330 2723 πλείονος
1360 2661 1468 2730 γάρ
1503 2679 1592 2730 μοι
1623 2661 1812 2732 χρόνου
1847 2676 1939 2710 πε-

368 2756 675 2825 πονημένης
699 2757 794 2826 τῆς
820 2755 956 2822 πρὸς
987 2755 1085 2824 τὴν
1138 2756 1344 2825 αἵρεσιν
1391 2756 1758 2823 ἀντιρρήσεως
1784 2752 1883 2821 (6),
1912 2753 1940 2803 ὁ

371 2849 733 2916 μεταγράφων
765 2848 863 2899 οὐκ
886 2843 975 2917 ἦν,
1029 2846 1294 2916 [τοσαύτη
1329 2845 1457 2916 τῶν]
1504 2844 1757 2914 γραφέων
1789 2842 1862 2912 (7)
1905 2842 1938 2911 ἡ

368 2939 588 3008 ἀπορία,
640 2939 910 3009 ῥᾳθυμίας
949 2941 1101 3008 ἡμῖν,
1153 2939 1291 2991 κατά
1330 2937 1391 2989 τὸ
1431 2935 1597 2998 εἰκὸς,
1627 2934 1659 3004 ἦ
1687 2935 1784 3004 τῆς
1814 2933 1941 3004 περὶ

368 3031 460 3083 τὸν
487 3031 642 3098 λόγον
696 3029 976 3092 ἀσθενείας
1034 3025 1628 3099 προσε[νεγκοῦσα(8)]
1663 3025 1936 3078 ὑπόνοιαν.

381 3123 518 3175 Ἀλλ’
548 3123 730 3192 ἐπειδὴ
760 3121 854 3175 νῦν
881 3122 1009 3190 γοῦν
1037 3121 1178 3174 κατὰ
1209 3120 1343 3172 Θεοῦ
1374 3119 1530 3189 χάριν
1560 3118 1588 3169 ὅ
1611 3133 1667 3168 τε
1692 3115 1939 3186 γράφων,

369 3215 514 3267 καὶὸ
545 3213 850 3283 δοκιμάζων
882 3212 950 3264 τὰ
982 3210 1338 3280 γεγραμμένα
1371 3208 1596 3280 (παρῆν,
1622 3206 1810 3258 τοῦτον
1839 3203 1939 3275 (9))

370 3303 680 3356 ἀπέσταλκα
707 3304 855 3372 ὑμῖθ,
899 3302 960 3354 οὐ
1002 3300 1182 3364 καθώς
1212 3316 1373 3368 φησιν
1407 3301 1435 3352 ὁ
1481 3298 1813 3368 Ἰσοκράτης,
1844 3295 1944 3348 δῶ-

375 3412 464 3464 ρον
505 3395 595 3446 τὸν
636 3394 789 3461 λόγον
823 3393 934 3463 (10)
962 3409 975 3423 ·
1022 3393 1141 3445 οὐδὲ
1182 3392 1290 3460 γὰρ
1319 3389 1580 3461 τοι[οὖτον
1609 3385 1769 3457 εἶναι]
1803 3385 1944 3453 λογί-

372 3487 553 3556 ζομαι,
576 3487 650 3550 ὡς
675 3488 794 3539 ἀντὶ
824 3487 1098 3556 κτήματος
1124 3484 1203 3554 τῷ
1233 3483 1502 3554 δεξομένῳ
1531 3480 1801 3550 γενέσθαι’
1829 3479 1940 3558 ἀλλ’

372 3578 446 3641 ὡς
471 3576 536 3631 ἂν
564 3577 770 3645 γένοιτο
795 3579 924 3647 ἡμῖν
955 3576 1101 3647 [τοὺς
1131 3578 1187 3628 ὲν
1219 3574 1296 3644 τῷ
1325 3575 1441 3626 νυνὶ
1468 3572 1614 3644 (11)]
1667 3573 1940 3643 σφριγῶν-

373 3684 471 3730 τας
498 3670 563 3739 τῇ
597 3670 747 3738 ἀκμῇ
779 3668 879 3736 τῆς
910 3666 1161 3735 νεότητος
1207 3663 1616 3734 καταθαρσῆσαι
1662 3663 1760 3732 τῆς
1806 3661 1940 3730 πρὸς

373 3756 500 3820 τοὺς
529 3758 800 3820 ἐναντίους
847 3757 1044 3828 μάχης,
1090 3758 1146 3810 ὲν
1189 3757 1255 3826 τῇ
1283 3754 1376 3808 τοῦ
1407 3754 1635 3826 [ἀγῶνος
1661 3750 1846 3822 πείρᾳ]
1881 3751 1941 3802 τὸ

440 3979 522 4104 1(1)
555 3981 882 4034 Ἑκούσιον.
906 3979 1120 4049 Optima
1141 3980 1303 4032 etiam
1329 3976 1442 4030 haec
1465 3972 1759 4035 restitutio,
1779 3985 1943 4040 quam

462 4060 544 4104 ert
581 4066 683 4104 ms.
722 4051 861 4104 Med.
890 4080 960 4089 —
987 4050 1051 4101 Et.
1084 4049 1169 4102 hic
1201 4048 1515 4102 necessario
1543 4043 1942 4099 emendandum

375 4043 544 4105 refert
581 4066 683 4105 ms.
722 4051 861 4104 Med.
890 4043 1051 4101 -Ἐι
1084 4049 1169 4102 hic
1201 4048 1515 4102 necessario
1543 4043 1942 4099 emendandum

377 4135 579 4176 censeo
609 4118 932 4175 Vaticanum
964 4119 1234 4183 codicem,
1267 4119 1321 4170 in
1372 4132 1482 4186 quo
1524 4117 1722 4184 legitur
1780 4111 1946 4164 ἁκού-

380 4205 412 4242 σ
416 4206 512 4245 ιον.

450 4259 524 4327 (ἓ)
557 4257 684 4313 Levi
715 4259 1012 4327 mutatione
1037 4259 1180 4311 hunc
1201 4259 1378 4311 locum
1413 4251 1794 4323 corrigendum
1825 4265 1947 4304 esse

380 4323 715 4398 putavimus,
748 4329 832 4397 ἐφ’
867 4323 910 4395 ᾧ
940 4329 1033 4380 νῦν
1066 4329 1253 4398 ὅντως.

451 4399 526 4468 ('5)
568 4390 1170 4452 Ἑπιοντ.’1ιιίηε.Μθι1.
1211 4399 1323 4450 haec
1354 4393 1584 4468 epistola
1624 4390 1946 4446 inscribitur

379 4462 602 4537 Ἰωάννῃ
643 4470 735 4520 καὶ
777 4468 1120 4537 Μαξιμιανῴ·
1177 4462 1510 4537 θειιμιοξὶίι.

454 4539 529 4606 (4)
567 4534 974 4606 Καππιίδοκεζ.
1011 4537 1148 4591 Med.
1183 4534 1560 4606 Καππαδόκαι.

454 4602 531 4677 (5)
563 4605 637 4661 De
659 4607 760 4661 hac
781 4607 1129 4660 librariorum
1159 4608 1300 4677 apud
1328 4603 1675 4677 (lappadoccs
1695 4602 1943 4677 penuria,

383 4673 534 4732 clare
565 4677 728 4730 etiam
765 4678 1122 4745 conqueritur
1161 4673 1219 4729 Si.
1262 4675 1496 4728 Basilius
1539 4677 1591 4726 in
1643 4674 1746 4726 line
1781 4673 1942 4741 epist.

385 4748 508 4808 167,
539 4755 595 4800 et
627 4745 966 4800 subobscure
991 4746 1044 4798 in
1076 4748 1304 4814 epistola
1339 4745 1464 4797 511.

455 4817 532 4888 (6)
572 4814 985 4888 Videturloqui
1022 4812 1543 4888 Nyssenusnonhde
1575 4812 1947 4888 A_ntirrhctico

383 4883 648 4942 adversus
694 4883 1107 4952 Apollinarem,
1140 4886 1235 4939 sed
1293 4886 1356 4937 de
1401 4883 1509 4936 alio
1573 4883 1696 4950 cjns
1751 4897 1948 4950 magno

382 4971 547 5027 opere
577 4954 863 5027 adversus
919 4954 1245 5027 Eunomium
1283 4954 1530 5027 ;_prioris
1582 4953 1742 5027 enin'r
1763 4953 1948 5027 operis

384 5020 493 5081 non
526 5024 816 5094 admodum
860 5024 1054 5094 prolixi
1108 5024 1385 5092 exemplar
1415 5037 1583 5094 unum
1623 5021 1778 5074 facile
1810 5020 1950 5090 Nys-

384 5112 550 5151 senus
608 5093 878 5149 coniicere
939 5094 1250 5163 potuisset;
1305 5093 1574 5160 posterius
1629 5105 1762 5163 vero
1811 5105 1950 5160 opus

387 5167 573 5219 multis
631 5165 809 5232 iisque
857 5159 1197 5227 longissimis
1233 5159 1388 5216 libris
1434 5167 1674 5232 constat.
1730 5159 1948 5232 Scripta

384 5244 466 5287 est
495 5237 680 5305 itaque
722 5230 834 5288 inec
863 5235 1090 5302 epistola
1121 5234 1284 5305 paulo
1329 5239 1451 5300 post
1480 5230 1949 5299 Constantinopo-

389 5301 609 5358 litanam
648 5301 667 5354 1
721 5301 1031 5373 generalem
1099 5302 1420 5373 synodum,
1463 5315 1616 5373 natu“
1658 5315 1788 5373 uno__
1819 5311 1949 5373 ante

386 5374 505 5439 ejus
529 5370 1165 5442 synodifcelebrazionem
1195 5387 1338 5442 anno
1369 5371 1538 5442 libros
1568 5371 1689 5442 illos
1708 5370 1949 5442 edidisse

390 5440 720 5512 Nyssenum,
752 5444 889 5497 scite
943 5443 1139 5510 probat
1196 5440 1549 5496 llcrmantius
1604 5441 1658 5493 in
1719 5440 1835 5494 Vita
1887 5441 1946 5496 S.

394 5513 580 5565 Basilii
614 5512 708 5564 lib.
742 5529 859 5575 vin,
892 5527 1010 5580 cap.
1048 5515 1138 5566 23.

460 5582 535 5652 (7)
574 5583 837 5652 Τοσαύτη
887 5578 1004 5635 τῶν
1028 5578 1552 5652 wagséwrrldrxal
1599 5583 1663 5649 τῇ
1705 5581 1950 5651 ὑπογραο

390 5650 554 5719 eum.
577 5650 631 5703 In
650 5651 753 5704 hac
785 5661 838 5705 ct
865 5650 1219 5717 sequentibus
1253 5651 1503 5719 epistolis
1534 5652 1739 5704 lacunae
1773 5650 1951 5704 multa:

394 5723 738 5792 reperiuntur
765 5722 819 5774 in
863 5721 1048 5775 codice
1079 5721 1490 5788 \‘aticam.non
1527 5720 1735 5774 librarii
1771 5721 1950 5790 culpa,

2039 2402 2171 2441 suos
2207 2385 2394 2440 felices
2431 2387 2657 2447 faciunt,
2697 2401 2963 2454 pauperes
2989 2402 3090 2439 nos
3116 2387 3475 2454 Cappadoces
3539 2387 3612 2438 si-

2039 2493 2181 2539 mus,
2213 2493 2322 2546 prae
2368 2479 2580 2531 caeteris
2608 2485 2790 2530 tamen
2815 2492 3004 2529 eorum
3035 2477 3266 2541 penuria
3301 2477 3615 2529 laboramus

2039 2567 2130 2634 qui
2157 2566 2539 2621 describendis
2563 2567 2718 2638 libris
2752 2582 2975 2635 operam
3011 2574 3251 2631 navant;
3286 2566 3448 2632 idque
3474 2580 3609 2617 sane

2039 2671 2203 2710 causa
2228 2655 2324 2710 fuit
2361 2671 2460 2709 cur
2495 2664 2606 2708 tam
2655 2670 2779 2709 sero
2831 2664 2881 2708 te
2917 2655 3118 2709 litteris
3148 2657 3422 2724 alloquar.
3479 2654 3613 2706 Nam

2039 2762 2164 2801 cum
2199 2757 2324 2801 ante
2375 2747 2605 2800 multum
2667 2747 2930 2814 temporis
2979 2747 3249 2800 hmrescos
3285 2747 3617 2798 conl'utatio-

2040 2853 2164 2893 nem
2215 2838 2661 2899 elucubrassem,
2719 2836 2958 2890 hominis
2994 2836 3084 2906 qui
3150 2837 3296 2888 illam
3346 2835 3614 2888 transi-ri-

2039 2929 2192 2982 heret
2237 2928 2394 2997 copia
2435 2941 2544 2980 non
2579 2932 2738 2989 erat;
2772 2927 2970 2993 (tanta)
3000 2925 3350 2978 librariorum
3387 2925 3615 2994 prum-ia

2037 3018 2198 3072 “nobis
2223 3025 2340 3082 est,
2377 3032 2499 3087 qua:
2541 3032 2675 3070 sane
2705 3017 2762 3070 in
2808 3032 2930 3072 eam
2969 3017 3283 3087 opinionem
3327 3033 3426 3070 nos
3473 3017 3614 3068 haud

2041 3111 2315 3165 innnerito
2331 3118 2509 3181 potest
2527 3110 2838 3181 (adducere)
2885 3121 2942 3164 ut
2971 3115 3249 3173 socordes,
3269 3112 3350 3164 vel
3380 3111 3446 3164 ad
3479 3111 3616 3164 5(ϊὶ-

2043 3200 2278 3254 hendum
2337 3200 2537 3254 inlirmi
2581 3212 2744 3272 atque
2785 3201 3084 3255 imbecilles
3138 3216 3262 3255 esse
3312 3201 3612 3256 videamur.

2042 3291 2308 3356 Quoniam
2367 3307 2497 3345 vero
2545 3307 2693 3346 nunc
2748 3290 2844 3344 Dei
2872 3307 3096 3345 muncrc
3125 3291 3284 3346 nobis
3329 3292 3526 3359 (adest)
3565 3301 3617 3342 et

2042 3384 2132 3453 qui
2158 3383 2428 3437 describat
2451 3392 2504 3437 et
2523 3383 2614 3452 qui
2649 3384 2716 3438 ab
2755 3383 2876 3438 aliis
2895 3382 3168 3451 descripta
3188 3382 3454 3450 corrigat,
3493 3384 3614 3434 misi

2051 3474 2207 3528 vobis
2248 3488 2356 3527 non
2389 3474 2635 3528 muneris
2665 3475 2806 3538 loco,
2845 3471 3306 3542 quemadmodum
3338 3472 3613 3526 Isocrates

2049 3568 2148 3630 ait,
2183 3573 2478 3620 tractatum
2511 3566 2679 3620 istum
2709 3583 2720 3618 :
2752 3581 2930 3634 neque
2959 3565 3102 3618 enim
3137 3565 3322 3628 (talem
3353 3563 3496 3633 esse)
3531 3581 3617 3615 ar-

2046 3655 2219 3709 bitror
2250 3662 2308 3708 ut
2343 3655 2478 3708 lucri
2500 3655 2580 3710 vel
2610 3655 2986 3726 possessionis
3018 3654 3252 3720 alicujus
3279 3655 3403 3707 loco
3423 3653 3611 3707 haberi

2050 3743 2224 3815 possit
2256 3761 2270 3798 :
2308 3742 2405 3798 sed
2452 3751 2514 3797 ut
2547 3744 2706 3798 nobis
2741 3741 2907 3798 facile
2956 3742 3171 3797 accidat
3202 3760 3301 3798 vos
3337 3744 3529 3811 (nunc)
3564 3744 3616 3794 in

2051 3964 2144 4019 sed
2179 3965 2306 4032 quia
2339 3963 2393 4016 in
2450 3963 2558 4015 alio
2603 3962 2824 4024 codice,
2858 3977 2922 4016 ex
2968 3977 3076 4030 quo
3119 3967 3243 4013 ante
3287 3961 3618 4029 quingentos

2056 4031 2233 4088 annos
2266 4031 2566 4085 Vaticanus
2599 4033 2966 4099 transcriptus
3005 4033 3124 4091 fuit,
3155 4032 3426 4083 nonnullae
3461 4037 3619 4082 erant

2049 4105 2278 4173 paginze,
2306 4105 2361 4155 in
2416 4115 2523 4154 una
2577 4108 3071 4173 earm_n_extrema
3133 4108 3288 4167 parte
3345 4107 3618 4173 vetustate

2047 4170 2406 4237 consumptae,
2443 4185 2673 4238 quarum
2707 4170 2978 4223 defectum
3025 4177 3282 4222 accurate
3331 4171 3465 4221 adeo
3521 4182 3620 4221 an-

2047 4245 2235 4311 tiquus
2268 4241 2516 4294 Vaticani
2551 4239 2758 4292 codicis
2803 4240 3040 4306 scriptor
3090 4238 3521 4311 repi'wseiit:ivit.,
3560 4245 3619 4290 ut

2045 4308 2416 4366 deﬁcientium
2489 4311 2778 4362 verborum
2842 4323 3166 4368 numerum,
3215 4308 3407 4359 relicto
3472 4323 3619 4360 nunc

2047 4381 2264 4448 majori,
2291 4395 2434 4433 nunc
2471 4377 2671 4434 minori
2703 4377 2878 4448 Spatio
2911 4377 3329 4448 diligentissime
3360 4377 3620 4448 designa-

2047 4446 2206 4505 verit.
2243 4449 2353 4503 Nos
2383 4458 2586 4508 autem,
2621 4463 2688 4498 ne
2719 4455 2797 4498 tot
2828 4447 3009 4499 hiatus
3040 4447 3091 4498 in
3148 4446 3460 4499 earumdem
3496 4446 3616 4513 cpi-

2047 4523 2312 4574 stolarum
2364 4527 2624 4571 contextu
2671 4517 3157 4583 conSpiCerentur,
3195 4517 3421 4568 lacunas
3473 4515 3616 4573 illas.

2050 4591 2235 4643 habita
2277 4589 2488 4641 ratione
2523 4586 2749 4652 majoris
2786 4586 3087 4638 minorisve
3143 4585 3438 4644 intervalli,
3471 4585 3618 4652 quod

2051 4661 2311 4728 antiquus
2332 4657 2590 4710 librarius
2624 4657 2863 4722 reliquit,
2885 4655 3198 4728 exingenio
3225 4655 3618 4728 summ-vimus,

2049 4738 2103 4781 et
2157 4724 2502 4796 conjecturas
2564 4734 2784 4780 nostras
2818 4724 3210 4796 (semicirculis
3266 4724 3618 4786 ini-lusimus,

2049 4814 2116 4851 ne
2153 4793 2377 4865 eas'pro
2407 4795 2634 4865 Nysseni
2678 4795 2862 4865 verbis
2909 4793 3514 4865 quispiamacciperet.

2120 4867 2196 4934 (8)
2226 4862 2748 4933 Προσενίεγκοῦσα.
2909 4862 3307 4934 προσετρίψατο
3340 4865 3422 4915 ἄν.

2122 4931 2199 5006 (9)
2234 4931 2458 5006 Παρῆν,
2500 4931 2732 5006 τοῦτον.
2771 4931 2848 5006 ld_.
2883 4931 3204 5002 εὑρέθησαν.
3261 4931 3429 4984 Paulo
3477 4941 3620 5002 post,

2048 5001 2166 5060 οὐδὲ
2182 5001 2304 5072 ’γάρ
2323 5022 2373 5056 τι
2393 5003 2630 5055 τοιοῦτον
2669 5004 2725 5053 ὲν
2750 5001 2945 5070 τούτῳ.

2121 5070 2232 5143 (10)
2274 5070 2351 5126 Ita
2392 5074 2534 5143 hunc
2573 5074 2753 5143 locum
2800 5070 3212 5143 ememlavimus
3261 5085 3323 5123 ex
3359 5071 3625 5143 isoeratis

2053 5139 2306 5200 Oratione
2354 5142 2421 5194 ad
2471 5140 2834 5200 Demonicum,
2881 5139 2934 5192 in
2984 5140 3144 5206 cujus
3199 5141 3620 5208 exordio,qu:e

2050 5215 2330 5284 Nyssenus
2363 5210 2567 5284 laudat,
2617 5210 2915 5284 habentur;
2947 5224 3072 5284 nam
3125 5208 3494 5284 in_Va_ti_cano
3534 5226 3626 5284 go-

2053 5271 2176 5339 di‘ce
2203 5271 2942 5350 corruptissimescribitur,
2974 5271 3137 5350 εὖρον
3163 5279 3254 5350 τὸν
3277 5349 3282 5350 γ
3304 5279 3479 5347 λόγον,
3532 5279 3623 5350 Sic

2055 5357 2196 5408 idem
2228 5346 2507 5421 Nyssenus
2531 5351 2583 5402 in
2606 5346 3064 5421 Ερὶδιηρ-νὶηιαὴηᾶ
3092 5346 3400 5421 Eusebium,
3436 5350 3510 5411 ὡς
3538 5349 3627 5421 διὰ

2050 5422 2207 5475 τοῦτο
2245 5417 2416 5491 δῶρον
2457 5419 2552 5489 τὴν
2602 5417 2886 5487 ἐπιστολὴν
2919 5419 3028 5480 τοῖς
3065 5419 3368 5486 φιλολόγοις
3405 5419 3625 5488 νομίζει

2056 5492 2202 5545 σθαι.

2123 5559 2440 5631 (ιη-Ἡμῖν
2469 5557 2609 5622 τοὺς
2645 5555 2812 5631 ἐντῷ
2840 5556 2998 5631 νυνί.
3032 5555 3107 5611 Id.
3141 5557 3293 5627 ὑμῶν
3321 5554 3625 5631 προτροπῂ.

2051 5624 2362 5683 ὅ›στε.’Μοῇ
2418 5645 2544 5682 vero
2574 5631 2630 5680 ἐν
2671 5630 2734 5697 τῇ
2772 5628 2866 5679 τοῦ
2923 5624 3190 5697 γέροντος
3217 5624 3515 5697 προθυμία.
3553 5624 3626 5677 Et

2055 5700 2218 5770 paulo
2245 5705 2389 5770 post,
2416 5698 2636 5763 καὶτῆς,
2665 5695 2832 5760 ἀκοῆς
2864 5697 2956 5751 τοῦ
2997 5695 3457 5765 σοφιστοῦἄξιον.
