4092 6368
431 308 565 364 ΙθῦἸ

1550 307 1933 363 ΕΡΙὸΤΟΙΑΕ.
1968 337 2038 349 -—
2075 308 2299 364 EPIST.
2352 309 2519 369 XVII.

3553 325 3688 383 1053

424 419 683 490 πράττειν
718 419 943 472 σεαυτοῦ
986 418 1178 484 eam,
1216 422 1309 473 καὶ
1345 420 1420 490 τῷ
1463 420 1586 489 Θεῷ
1617 420 1879 484 ἐλπίζειν,
1909 420 1993 473 καὶ

2101 422 2354 485 vindicta,
2377 440 2471 493 ego
2501 425 2815 488 retribuam,
2842 427 2969 480 dicit
3004 425 3256 481 Dominus
3284 428 3327 484 ⁸.
3352 427 3433 482 Τιι
3479 441 3687 497 autem,

426 511 500 581 μὴ
531 509 896 577 ἐγκόπτεσθαι
928 512 1064 580 πρὸς
1091 511 1152 563 τὸ
1183 511 1345 575 καλός
1392 528 1451 563 τε
1482 513 1578 564 καὶ
1608 510 1816 578 ἀγαθὸς
1844 505 2007 576 εἶναι,

420 602 508 655 διὰ
534 603 601 655 τὰ
630 604 757 672 παρ’
809 602 965 673 ἡμῶν
999 604 1373 674 ὑποδείγματα
1399 621 1414 636 ο
1468 605 1781 675 ἐπιτρέπειν
1825 605 1883 657 δὲ
1929 604 2009 674 τῷ

422 689 540 761 Θεῷ
566 690 643 760 τῷ
668 691 1009 764 δικαιοκρίτῃ
1033 692 1144 763 (21)
1176 692 1275 763 τὴν
1304 692 1687 762 ωμφέρουσὰν
1729 708 1789 745 τε
1818 693 1910 745 καὶ
1933 693 2009 745 δι-

422 784 585 836 καίαν
632 784 741 837 τῶν
776 786 1121 856 πραγμάτων
1169 786 1473 848 ἀπόϐασιν,
1517 785 1689 855 ταύτῃ
1722 802 1783 838 τε
1832 786 2007 855 ἄγειν,

2104 514 2191 568 vir
2232 514 2460 584 optimc,
2493 516 2581 569 lac
2629 516 2793 586 digna
2830 528 2882 572 te
2928 532 3060 588 agas
3083 560 3098 585 ,
3134 518 3241 572 Deo
3299 521 3515 575 conﬁde
3540 564 3554 587 ,
3587 539 3688 577 nec

2106 604 2409 659 infortunia
2444 613 2633 661 nostra
2657 614 2711 661 te
2745 624 2772 659 τι
2804 607 2965 662 bonis
3005 609 3281 680 rectisque
3308 614 3570 681 operibus
3603 631 3688 667 re-

2106 697 2345 751 traham.
2369 695 2525 762 Quod
2553 707 2737 752 autem
2768 699 2834 752 ad
2862 700 3074 754 felicem
3106 716 3287 756 rerum
3310 705 3517 757 exitum
3556 708 3689 757 atti-

2105 787 2293 851 net,id
2320 796 2493 842 totum
2537 787 2645 843 Deo
2696 791 3020 845 commenda
3067 799 3231 860 atque
3257 794 3552 857 concrede,
3585 811 3684 849 eo-

424 875 641 947 ὂπηπερ
675 876 801 947 ἂνή
836 877 953 930 θεία
985 877 1290 951 κατευθύνῃ
1334 878 1514 947 σοφία.
1562 879 1786 941 Πάντως
1832 878 1951 930 οὐδέ
1982 883 1993 929 t‘

2102 893 2216 947 que
2244 877 2408 932 modo
2439 892 2559 948 age,
2583 894 2694 948 quo
2741 880 2927 933 divina
2973 880 3241 948 sapientia
3269 882 3367 937 tibi
3416 884 3686 954 agendum

438 967 635 1038 Ἰωσὴφ
676 967 753 1038 τῷ
781 968 962 1037 φθόνῳ
1007 970 1117 1021 τῶν
1162 968 1405 1038 ἀδελφῶν
1451 969 1817 1038 ἐδυσχέραινε,
1870 966 2004 1019 διότι

420 1057 527 1109 τῶν
560 1060 831 1129 ὁμογενῶν
860 1063 891 1131 ἡ
921 1062 1085 1115 κακία
1116 1062 1233 1126 ὁδὸς
1265 1061 1412 1131 αὑτῷ
1439 1061 1577 1132 πρὸς
1606 1059 1704 1131 τὴν
1728 1058 2002 1129 βασιλείαν

421 1148 654 1215 ἐγένετο.

899 1465 1246 1520 ΕΠΙΣΤΟΛΙΙ
1277 1467 1350 1519 lZ'
1381 1465 1513 1538 (ea).

2106 965 2227 1021 fore
2282 967 2648 1033 monstrabit;
2685 983 2808 1022 nam
2870 984 2972 1023 nec
3030 967 3268 1039 Josepho
3326 971 3467 1026 male
3518 973 3688 1025 cessit

2108 1058 2319 1113 invidia
2361 1058 2616 1123 fratrum,
2644 1060 3090 1130 quandoquidem
3138 1062 3684 1131 consanguineorum

2106 1151 2314 1204 malitia
2348 1151 2490 1204 viam
2519 1151 2621 1220 ipsi
2660 1152 2855 1209 stravit
2886 1155 2956 1206 ad
2992 1168 3246 1222 regnum.

2012 1342 2083 1355 ρ

2626 1467 2963 1523 EPISTULA
2998 1468 3157 1522 XVII.

420 1622 886 1693 Elegantissimam
922 1624 1057 1676 hanc
1096 1620 1327 1692 Nysseni
1353 1621 1633 1693 epistolam
1663 1622 1918 1689 scriptam
1950 1620 2117 1688 fuisse
2161 1622 2229 1673 ad
2276 1620 2571 1693 Ecclesium
2612 1620 3091 1693 Nicomediensem,
3139 1640 3241 1675 non
3287 1623 3443 1678 modo
3476 1642 3594 1693 qua:
3628 1628 3683 1679 in

488 1696 605 1760 ipsa
639 1693 699 1761 ﬁt
729 1692 1016 1760 Eupltrasii
1065 1692 1294 1763 episcopi
1326 1692 1518 1744 mentio
1548 1692 1896 1763 demonstrat,
1938 1707 2123 1763 (verum
2154 1694 2315 1745 etiam
2358 1692 2499 1763 clare
2544 1692 2813 1763 colligitur
2854 1708 2917 1744 ex
2949 1693 3070 1746 aliis
3105 1694 3421 1761 quibusdam
3447 1696 3681 1763 ejusdem

486 1760 717 1833 epistola:
771 1764 921 1833 locis.
971 1763 1036 1816 de
1066 1762 1263 1833 quibus
1290 1764 1497 1831 agimus
1546 1762 1602 1815 in
1651 1772 1836 1816 nostra
1877 1761 1945 1815 ad
1988 1762 2083 1833 (ξοδ
2131 1778 2258 1831 opus
2311 1762 2643 1833 pra'fatione.
2681 1760 2893 1831 Scripta
2941 1760 3125 1816 autem
3161 1763 3261 1829 fuit
3298 1777 3415 1830 post
3455 1760 3681 1833 primum

485 1832 778 1899 generalem
826 1830 1472 1899 Constantinopolitanam
1522 1834 1802 1902 synodum,
1853 1834 1939 1885 cui
1985 1830 2314 1901 Euphrasius
2366 1832 2628 1901 interfuit,
2662 1830 2952 1902 cumipost
2999 1849 3110 1899 ejus
3158 1844 3375 1886 mortem
3410 1830 3591 1888 multis
3627 1838 3682 1889 in

493 1902 724 1955 Ecclesia
758 1902 855 1954 illa
888 1903 1272 1973 turbwuiterurn
1303 1912 1473 1973 essent
1506 1901 1767 1967 excitatae,
1807 1918 1938 1971 quas
1967 1902 2092 1954 dum
2125 1903 2225 1955 hac
2253 1901 2804 1970 epistolacompanere
2830 1901 3005 1956 studet
3039 1902 3332 1972 Nyssenus,
3368 1905 3681 1973 fortissimis

489 1973 781 2025 rationibus
810 1973 1019 2043 evincit,
1059 1974 1116 2043 in
1151 1972 1378 2043 episcopi
1417 1972 1668 2026 electione
1697 1988 1799 2025 non
1847 1982 1955 2025 tam
1992 1973 2275 2026 mundanae
2306 1973 2601 2027 nobilitatis
2640 1985 2797 2043 atque
2841 1974 3109 2041 potentite,
3151 1990 3311 2043 quam
3358 1972 3526 2029 animi
3576 1976 3682 2030 vir-

487 2052 655 2094 tutum
690 2044 946 2095 rutionem
976 2041 1270 2095 habendam
1294 2057 1427 2096 esse.

489 2195 664 2266 Ύμᾶς
706 2197 822 2266 μὲν,
871 2198 903 2249 ὁ
944 2195 1143 2262 Πατὴρ
1189 2194 1305 2247 τῶν
1340 2195 1684 2264 οίκτειρμῶν
1716 2196 1812 2249 καί
1853 2197 1993 2261 Θεὸς

2168 2195 2510 2266 Vosquidem
2542 2196 2702 2249 Pater
2724 2197 3234 2259 misericordiarum,
3268 2208 3316 2251 et
3352 2197 3492 2252 Deus
3519 2201 3680 2253 totius

417 2290 620 2358 πάσης
647 2292 1099 2360 παρακλήσεως,
1164 2292 1192 2343 ὁ
1255 2290 1430 2343 πάντα
1476 2292 1533 2343 ἐν
1562 2292 1724 2362 σοφίᾳ
1778 2291 1913 2363 πρὸς
1937 2292 1998 2345 τὸ

418 2382 693 2453 συμφέρον
726 2380 1043 2451 οἰκονομῶν,
1076 2381 1162 2433 διὰ
1188 2381 1283 2450 τῆς
1312 2379 1443 2442 ίδίας
1483 2381 1873 2451 ἐπισκοπήσειε
1898 2381 1998 2451 χά-

418 2489 584 2542 ριτος,
612 2473 705 2526 καὶ
730 2470 1159 2543 παρακαλέσειεν
1194 2470 1391 2539 ἑαυτῷ,
1428 2470 1596 2522 ποιῶν
1628 2468 1738 2539 (25)
1780 2470 1837 2522 ἐν
1870 2470 1996 2539 ὑμῖν

413 2562 474 2613 τὸ
504 2562 817 2632 εὐάρεστον,
842 2561 933 2614 καὶ
963 2560 1103 2613 ἔλθοι
1138 2560 1221 2629 ἐφ’
1255 2562 1397 2631 ὑμᾶς
1428 2562 1460 2630 ἡ
1489 2560 1644 2630 χάρις
1670 2560 1764 2613 τοῦ
1792 2561 1995 2631 Κνυρίου

413 2650 571 2721 ἡμῶν
635 2652 808 2722 ἰησοῦ
867 2650 1124 2720 Χριστοῦ,
1176 2650 1269 2703 καὶ
1335 2652 1368 2720 ἡ
1419 2650 1672 2703 κοινωνία
1703 2648 1797 2702 τοῦ
1839 2651 1996 2718 ἁγίου

415 2742 729 2813 Πνεύματος
781 2743 967 2809 αὑτοῦ,
1026 2744 1106 2805 είς
1151 2741 1212 2793 τὸ
1244 2742 1496 2809 γενέσθαι
1545 2743 1672 2812 ὑμῖν
1701 2743 1995 2813 θεραπείαν

416 2837 515 2907 μὲν
563 2836 743 2906 πάσης
770 2835 998 2906 θλίψεως
1025 2835 1118 2889 κα)⁵
1146 2832 1531 2905 δυσχερ[ε]ίας,
1566 2832 1869 2905 [προκοπὴν
1912 2834 1993 2905 δὲ]

414 2929 550 2999 πρὸς
580 2929 687 2983 πᾶν
713 2927 936 2996 ἀγαθὸν,
982 2930 1061 2991 εἰς
1088 2926 1455 2997 καταρτισμὸν
1501 2926 1601 2995 τῆς
1650 2926 1992 2995 Ἐκκλησίας,

414 3018 809 3090 καὶοίκοδομὴν
836 3018 941 3071 τῶν
980 3018 1260 3089 ὑμετέρων
1305 3017 1513 3088 ψυχῶν,
1556 3017 1650 3070 καὶ
1682 3019 1761 3081 είς
1817 3016 1996 3089 [ἐπαι-

413 3109 527 3182 νον]
556 3110 654 3180 τῆς
676 3109 831 3179 δόξης
855 3107 947 3161 τοῦ
982 3107 1240 3177 ὀνόματος
1271 3105 1457 3159 αὐτοῦ.
1487 3106 1673 3178 Ἡμεῖς
1704 3106 1762 3160 δὲ
1790 3106 1994 3178 ταύτην

414 3201 556 3270 ὑπὲρ
586 3199 766 3253 αὐτῶν
792 3200 891 3268 τὴν
934 3198 1229 3267 ἀπολογίαν
1272 3197 1407 3269 πρὸς
1440 3198 1538 3269 τὴν
1586 3198 1808 3269 ἀγάπην
1841 3198 1993 3269 ὑμῶν

416 3291 725 3362 ποιούμενοι
757 3291 889 3361 (24),
918 3290 1017 3343 οὐκ
1049 3290 1404 3361 ἡμελὴσαμεν
1453 3289 1587 3362 πρὸς
1621 3290 1719 3361 τὴν
1739 3290 1993 3343 ἀπόδοσιν

414 3390 510 3458 τῆς
536 3384 1025 3455 κεχρεωστημένης
1056 3385 1185 3455 ἡμῖν
1217 3382 1576 3451 ἐπισκέψεως,
1602 3382 1637 3451 ἢ
1661 3383 1717 3433 ἐν
1746 3380 1823 3451 τῷ
1854 3397 1993 3451 παρ-

415 3479 619 3532 ελθόντι
654 3478 845 3551 χρόνῳ,
887 3476 940 3548 [ἢ
975 3476 1111 3546 μετὰ
1131 3474 1268 3547 (25)]
1298 3474 1394 3546 τὴν
1432 3472 1727 3543 γενομένην
1762 3472 1858 3525 τοῦ
1888 3490 1992 3543 μα-

2108 2289 2485 2342 consolationis
2514 2291 2553 2354 ⁸,
2598 2289 2689 2358 qui
2724 2300 2921 2342 cuncta
2959 2290 3238 2357 sapienter
3283 2290 3351 2343 ad
3388 2290 3681 2345 utilitatem

2107 2388 2353 2436 nostram
2402 2381 2737 2443 moderatur,
2783 2382 2956 2450 gratia
3005 2397 3102 2436 sua
3138 2382 3423 2451 gubernet,
3466 2383 3683 2453 sibique

2107 2473 2383 2536 conciliet,
2427 2471 2637 2526 faciens
2682 2472 2734 2525 in
2766 2474 2923 2526 vobis
2962 2473 3365 2541 bcncplacitum
3396 2488 3553 2529 suum
3581 2492 3597 2542 ;
3628 2484 3683 2529 ct

2104 2567 2287 2619 veniat
2317 2580 2482 2635 super
2513 2579 2611 2619 vos
2638 2565 2811 2633 gratia
2848 2563 3065 2617 Domini
3094 2565 3268 2618 nostri
3296 2563 3425 2621 Jcsu
3450 2565 3679 2629 Christi,

2103 2665 2157 2710 et
2187 2656 2306 2724 ejus
2348 2654 2584 2723 Spiritus
2618 2657 2795 2708 sancti
2836 2655 3283 2722 communicatio,
3314 2663 3374 2709 ut
3403 2658 3495 2710 [iat
3524 2659 3682 2712 vobis

2104 2746 2327 2816 quidem
2378 2746 2736 2799 aﬂlictionum
2777 2746 3025 2799 omnium
3068 2755 3231 2815 atque
3264 2747 3676 2802 tribulationum

2104 2839 2385 2903 solamen;
2440 2835 2756 2907 (profectus
2809 2836 2970 2904 vero)
3026 2836 3080 2889 in
3127 2838 3274 2890 omni
3329 2838 3551 2901 virtute,
3610 2839 3678 2892 ad

2103 2928 2365 2983 Ecclesiae
2414 2928 2872 2998 tranquillitatem
2922 2936 2976 2982 et
3017 2928 3323 2982 animarum
3367 2939 3677 2987 vestrarum

2104 3021 2525 3074 aediﬁcationem
2560 3027 2722 3088 atque
2750 3018 3024 3088 (laudem)
3050 3019 3238 3089 gloriae
3263 3018 3505 3073 nominis
3529 3021 3672 3089 ejus.

2100 3112 2419 3169 Nos~autem
2442 3111 2853 3166 excusationem
2883 3112 3023 3163 lianc
3052 3119 3295 3165 nostram
3326 3112 3468 3180 apud
3500 3112 3677 3166 chari-

2102 3214 2267 3260 tatem
2304 3214 2541 3259 vestram
2575 3203 2929 3258 instituentes
2976 3200 3229 3265 dicimus,
3266 3216 3365 3255 nec
3406 3206 3679 3257 anteactis

2100 3296 2463 3365 temporibus,
2517 3308 2619 3348 nec
2672 3301 2797 3363 post
2848 3292 2997 3348 beati
3055 3292 3279 3346 Patricii
3329 3293 3563 3361 obitum,
3622 3295 3677 3347 in

2100 3385 2450 3457 suscipienda
2487 3384 2741 3440 Ecclesiae
2773 3393 2968 3439 vestrae
2989 3387 3291 3450 curatione,
3328 3388 3679 3455 quemadmo-

2098 3480 2229 3535 dum
2276 3480 2522 3534 muneris
2561 3478 2738 3534 nostri
2783 3477 2924 3531 ratio
2956 3478 3290 3548 postulabat,
3341 3478 3677 3549 negligentes

416 3572 604 3643 καρίου
653 3570 947 3640 Πατρικίου
999 3567 1111 3639 (26)
1171 3568 1496 3640 μετάστασιν
1542 3566 1691 3637 (27)·
1738 3565 1852 3618 ἀλλ’
1906 3568 1985 3620 ὅτι

2096 3586 2334 3640 unquam
2372 3572 2579 3636 fuisse;
2620 3568 2717 3625 sed
2756 3570 3016 3640 quoniam
3048 3567 3288 3639 (turbae)
3318 3570 3501 3623 multa!
3547 3580 3677 3624 sunt

416 3664 609 3717 πολλαὶ
644 3662 743 3731 μὲν
773 3664 828 3715 αἱ
864 3660 971 3713 τῶν
1006 3659 1127 3714 καθ’
1167 3660 1315 3730 ἡμᾶς
1368 3658 1696 3728 Ἐκκλησιῶν
1729 3658 1842 3727 (28)
1876 3657 1993 3731 [τα-

418 3757 579 3827 ραχαὶ
616 3754 777 3825 (29)),
800 3754 968 3824 πολλὴ
1021 3753 1076 3805 δὲ
1125 3754 1158 3822 ἡ
1196 3752 1289 3805 τοῦ
1321 3752 1571 3822 σώματος
1600 3750 1887 3823 σαθρότης,
1916 3753 1993 3815 ὡς

414 3849 581 3915 εἰκὸς,
638 3846 880 3918 προϊόντι
922 3844 1001 3915 τῷ
1043 3845 1220 3914 χρόνῳ
1258 3842 1667 3897 πνεπιδιδοῦσα
1690 3884 1705 3908 ,
1738 3844 1906 3915 πολλὴ
1936 3844 1994 3898 δέ

415 3941 508 3995 καὶ
541 3943 575 4013 ἡ
606 3940 705 4011 τῆς
733 3938 1005 4011 ὑμετέρας
1059 3936 1390 4005 ἀγαθότητος
1416 3938 1494 3999 είς
1532 3937 1679 4008 ἡμᾶς
1715 3936 1956 4007 ῥᾳθυμία
1976 3977 1991 4001 ,

414 4035 493 4086 ὅτι
531 4033 705 4095 οὐδεὶς
748 4031 1000 4085 οὐδέποτε
1058 4029 1214 4097 λόγος
1258 4030 1337 4091 είς
1369 4026 1680 4099 προτροπὴν
1721 4028 1779 4079 ἐν
1808 4027 1990 4098 γράμ-

419 4141 569 4192 ματι,
599 4122 739 4193 [οὐδέ
776 4122 954 4191 σχέσις
981 4119 1113 4190 πρὸς
1134 4121 1231 4189 τὴν
1248 4118 1366 4171 καθ’
1391 4119 1546 4188 ἡμῶν
1581 4116 1729 4189 (30)]
1762 4117 1992 4188 Ἐκκληο

418 4216 557 4278 σίαν,
585 4212 679 4265 τοῦ
708 4213 979 4282 μακαρίου
1030 4210 1337 4281 Εὐφρασίου
1387 4210 1497 4279 (51)
1538 4209 1630 4262 τοῦ
1685 4208 1984 4261 ἐπισκόπου

414 4305 503 4359 διὰ
548 4303 728 4373 πάσης
769 4302 1043 4372 ὁσιότητος
1096 4298 1274 4369 ἐαυτῷ
1323 4314 1382 4351 τε
1424 4298 1518 4351 καὶ
1552 4298 1700 4368 ὑμῖν,
1735 4293 1845 4351 οἷον
1877 4315 1989 4351 σει-

518 4476 540 4507 ⁵
573 4476 733 4531 Rom.
757 4489 857 4540 xu,
900 4472 984 4527 10.
1060 4472 1081 4503 ⁸
1110 4468 1151 4525 ll
1175 4469 1299 4525 Cor.
1335 4484 1371 4534 ι,
1404 4468 1457 4522 5.

484 4637 596 4707 (21)
631 4636 1021 4707 Δικαιοκρζτῃ,
1149 4632 1342 4707 δικαίῳ
1364 4632 1546 4707 κριτῇ.

486 4698 598 4776 (22)
629 4698 876 4760 Ἐπιστῖ
902 4698 1037 4758 Cod.
1072 4704 1212 4759 Med.
1239 4773 1247 4776 _
1274 4698 1593 4776 inscriptam
1629 4698 1800 4754 refert
1845 4699 1979 4752 hanc

415 4771 843 4859 θρίξιόίειιιιντοῖς
860 4777 916 4826 ἐν
951 4773 1287 4846 Νικομηδείᾳ
1318 4771 1707 4843 πρεσϐυτέροις
1739 4786 1750 4798 ’
1794 4777 1985 4838 estque

416 4845 611 4903 ordine
644 4845 764 4901 ΧΧ.

488 4916 599 4989 (25)
632 4916 844 4989 nonin».
896 4916 1063 4989 Abest
1119 4913 1233 4989 haec
1268 4926 1370 4989 vox
1404 4925 1435 4964 a
1472 4910 1593 4989 c_o_d.
1633 4907 1775 4989 Med.
1808 4907 1982 4961 Paulo

415 4978 560 5058 post,
581 4978 688 5042 'ubi
723 4986 1004 5058 προκοπήν
1031 4984 1244 5053 supplet
1264 4983 1458 5041 editor,
1493 4981 1633 5033 idem
1652 4978 1820 5032 codex
1850 4992 1984 5047 prm-

417 5062 522 5110 l‘ert
553 5055 783 5110 εὐοδίαν.
818 5056 882 5110 Et
921 5071 1041 5109 mox
1075 5051 1389 5110 προσθήκην
1429 5064 1527 5110 pro
1557 5048 1795 5102 ἔπαινον.

416 5055 522 5114 l'ert
553 5055 783 5111 εὐοδίανζ
818 5056 882 5110 Et
921 5071 1041 5109 mox
1075 5055 1389 5123 προσθήκην
1429 5064 1527 5120 pro
1557 5055 1795 5102 ἐπαινον.
1826 5115 1851 5127 _

488 5128 600 5207 (211)
630 5126 842 5212 Δὺςῶν
888 5154 938 5164 -
957 5124 1317 5191 ποιούμενοι.
1351 5119 1429 5173 ld.
1467 5119 1658 5183 codex,
1683 5119 1892 5171 ἐαυτων
1914 5145 1984 5157 --

418 5214 681 5266 ποιοῦμεν
716 5214 817 5249 οτι.
954 5263 1004 5266 __
1179 5259 1215 5266 _
1270 5261 1319 5266 __
1371 5250 1405 5266 __
1450 5258 1463 5266 .
1519 5261 1539 5266 _
1701 5257 1722 5266 __
1832 5256 1843 5266 .
1924 5254 1948 5266 ~

486 5256 598 5338 (25)
633 5267 825 5336 Ἡμῖν.
855 5296 923 5305 --
953 5263 1012 5334 [ἢ
1043 5259 1236 5331 μετά).
1270 5259 1406 5315 Med.
1442 5258 1569 5328 ὑμῖν
1592 5288 1663 5298 -
1696 5257 1728 5327 ἢ
1761 5256 1855 5309 καὶ
1889 5256 1983 5310 νῦν

416 5337 603 5477 καῖἕέ)
631 5404 856 5477 Patricii
885 5404 1049 5474 hujus
1065 5400 1507 5477 Nicomediensis
1537 5395 1981 5477 episcopinulla,

418 5466 801 5542 qubd'sciam,
843 5466 1047 5530 monitio
1091 5475 1146 5529 in
1173 5471 1416 5541 antiquis
1458 5466 1829 5522 monumentis
1885 5466 1983 5518 ha-

419 5547 602 5685 belg;)
633 5614 773 5675 Vox,
819 5614 1164 5685 μετάστασις,
1223 5618 1401 5685 potest
1453 5608 1617 5663 etiam
1678 5603 1986 5674 signiﬁcare

420 5680 857 5744 translationem.
891 5694 943 5739 et
968 5685 1261 5746 exsilium;
1302 5680 1396 5734 sed
1435 5686 1728 5745 utrumque
1764 5688 1985 5728 sensum

421 5756 713 5813 excludere
756 5756 973 5812 videtur
1012 5771 1113 5810 vox
1167 5750 1455 5821 μακάριος,
1487 5762 1607 5819 quae
1636 5752 1987 5819 mortuorum

2086 3665 2141 3718 in
2176 3662 2434 3718 Ecclesiis
2492 3669 2693 3717 nostra:
2732 3677 2878 3716 cura:
2911 3659 3247 3726 commissis,
3290 3661 3463 3715 multa
3508 3663 3673 3716 etiam

2087 3754 2338 3823 corporis
2382 3752 2555 3806 nostri
2594 3751 2904 3814 inlirmitas,
2955 3765 3061 3804 una
3096 3766 3221 3805 cum
3252 3758 3434 3818 aetate,
3483 3758 3543 3805 ut
3576 3767 3676 3820 par

2094 3851 2202 3908 est,
2235 3842 2485 3913 quotidie
2512 3856 2791 3906 crescens,
2824 3842 2993 3895 multa
3020 3842 3257 3912 denique
3287 3851 3465 3897 vestra
3499 3844 3675 3912 negle-

2092 3939 2205 3991 ctio
2247 3935 2443 3999 nostri,
2499 3932 2941 4002 quandoquidem
2988 3934 3136 3986 nulla
3178 3947 3417 4002 unquam
3457 3932 3526 3985 ad
3571 3949 3675 4008 nos

2097 4026 2418 4081 excitandos
2448 4025 2753 4078 litterarum
2783 4023 3153 4078 collocutione
3188 4024 3269 4079 usi
3312 4024 3470 4088 estis,
3503 4024 3671 4095 (nec)

2097 4118 2261 4171 ullam
2295 4131 2419 4171 cum
2455 4114 2701 4170 Ecclesia
2746 4122 2937 4169 nostra
2974 4112 3436 4168 necessitudinem
3479 4113 3672 4167 habui«

2095 4208 2229 4273 stis;
2257 4222 2382 4262 cum
2408 4206 2613 4277 alioqui
2640 4206 2832 4261 beatus
2856 4203 3195 4274 Euphrasius
3220 4205 3515 4275 episcOpus
3541 4204 3670 4259 cha-

2094 4300 2275 4361 ritate,
2309 4297 2474 4352 veluti
2516 4296 2729 4351 catenis
2762 4295 3116 4365 quibusdam,
3166 4309 3225 4349 se
3274 4295 3450 4364 ipsum
3484 4303 3536 4349 et
3574 4309 3669 4348 vos

2089 4627 2366 4697 epitheton
2392 4624 2727 4697 plerumque
2744 4638 2876 4697 esse
2907 4625 3066 4680 solet.
3100 4693 3111 4697 _
3258 4695 3266 4697 _
3530 4678 3551 4697 __

2158 4697 2270 4766 (28)
2305 4693 2460 4760 Vide,
2488 4694 2959 4766 an_s_upplend_um
3003 4693 3184 4762 potius
3217 4695 3315 4766 _sit,
3359 4695 3658 4766 φροντίδες,

2084 4761 2485 4835 ιιιίὀέρθχιεεο
2536 4761 2804 4835 νίιίοέιιιιι·Δ
2834 4761 3231 4835 Νγεευιιιιεηοιι
3284 4761 3471 4819 curam
3510 4768 3658 4820 illam

2081 4831 2584 4904 componendarum
2631 4848 2727 4902 per
2774 4831 3056 4888 Ponticam
3098 4832 3379 4904 dimcesim
3428 4837 3660 4890 turbata:

2081 4902 2312 4959 nimium
2360 4902 2619 4958 Ecclesia:
2664 4917 2873 4965 rerum,
2923 4917 3088 4971 quam
3165 4903 3270 4957 sibi
3317 4911 3371 4959 et
3409 4904 3659 4960 Helladio

2080 4975 2408 5031 Caasariensi
2461 4988 2526 5027 ac
2557 4971 3103 5045 Otrejojlelitinensi
3147 4974 3656 5045 Constan_l_in0po|i-

2082 5054 2208 5125 lana
2240 5045 2415 5114 prima
2444 5043 2720 5139 generalis
2754 5042 3008 5139 S'xrnodus
3039 5044 3336 5139 qqgimisiltl.
3380 5042 3656 5126 Videba-

2079 5110 2296 5169 roniuin
2330 5128 2419 5167 an.
2446 5110 2572 5177 581,
2611 5120 2744 5181 tom.
2771 5110 2862 5176 IV,
2888 5126 3014 5181 pag.
3042 5112 3167 5175 M5,
3200 5122 3254 5167 et
3277 5112 3653 5169 Hermantium

2080 5185 2137 5238 in
2175 5182 2296 5236 Vita
2335 5182 2391 5237 S.
2431 5181 2614 5235 Basilii
2650 5180 2741 5233 lib.
2773 5197 2848 5244 ix,
2879 5180 3002 5249 ων.
3034 5181 3123 5235 '50.

2172 5253 2262 5323 29)
2300 5252 2575 5319 Ταραχαί.
2614 5250 2695 5323 It|_.
2725 5250 2991 5323 ἀσχολίαι.

2172 5254 2262 5323 29)
2300 5254 2575 5319 Ταραχαί.
2614 5254 2695 5302 Id.
2725 5254 2991 5318 ἀσχολίαι.

2083 5377 2088 5381 .
2152 5254 2263 5393 iam
2300 5318 2756 5393 oaas_—_—ayar.
2805 5320 2943 5391 ld.i)
2993 5320 3443 5393 δηλωματικὴι-
3484 5323 3650 5393 ἡμᾶς.

2078 5390 2201 5464 Mox
2268 5408 2395 5447 vero
2445 5391 2531 5443 διὰ
2590 5390 2771 5458 πάσης
2820 5390 3169 5461 γνησιότητος
3213 5422 3283 5431 -
3334 5390 3438 5464 ’τὴν
3492 5390 3652 5464 βραχ.

2089 5466 2120 5515 ἡ
2131 5462 2264 5515 ιιῶν.

2110 5482 2273 5601 ιμὲί)
2307 5530 2644 5599 Euphrasius
2693 5529 3126 5588 Nicomediensis
3176 5530 3648 5601 episcopusCono

2092 5600 2590 5670 stantinopolitana:
2631 5602 2819 5668 prima:
2860 5604 3102 5668 generali
3149 5600 3377 5672 synodo
3406 5600 3652 5672 subscri-

2094 5674 2233 5741 psit;
2281 5672 2409 5725 hinc
2443 5679 2624 5725 autem
2662 5680 2885 5740 apparet
2923 5682 3045 5739 post
3089 5670 3333 5728 eamdem
3381 5670 3652 5739 synodum

2095 5740 2356 5812 Scriptum
2389 5740 2558 5797 fuisse
2586 5741 2725 5796 hanc
2756 5742 3065 5811 epistolam.
