4092 6368
469 340 494 394 1
504 338 608 396 059

1691 329 1748 384 S.
1786 325 2114 384 GREGORII
2145 324 2442 383 NYSSENI

3572 333 3719 390 1000

465 468 593 509 cum
620 451 935 508 humilitate
961 459 1149 508 nostra
1175 448 1524 507 sanctissime
1541 448 1907 518 conjunxerit.
1933 445 2028 502 Sed

2142 449 2264 518 ραίς
2290 463 2422 510 τισι,
2457 449 2524 518 τῇ
2553 447 2745 519 ἀγάπῃ
2771 447 2871 520 τὴν
2902 448 3211 520 βραχύτητα
3238 449 3391 520 ὑμῶν
3414 452 3719 524 συνδήσανο-

466 544 721 611 quamvis
746 543 989 598 debitum
1019 542 1308 598 charitatis
1346 540 1602 604 oﬂicium,
1643 555 1744 595 nec
1782 555 1812 593 a
1849 540 2029 603 nobis,

466 645 656 685 curam
701 631 957 688 Ecclesiae
986 641 1179 687 vestrae
1212 629 1597 700 impendendo,
1640 644 1742 684 nec
1785 643 1817 682 a
1854 635 2032 684 vestra

467 722 845 794 religiositate,
880 723 946 777 ad
977 722 1031 777 id
1054 737 1156 777 nos
1179 722 1542 787 adhortando,
1570 722 1844 792 expletum
1870 729 2032 776 antea

469 813 671 880 luerit;
702 821 885 866 tamen
913 812 1214 882 assumptis
1258 827 1402 866 nunc
1432 811 1651 866 demum
1683 811 1738 865 in
1779 819 2030 866 votorum

468 912 778 956 nostrorum
811 903 1128 956 societatem
1157 901 1411 972 precibus
1437 901 1655 967 vestris,
1709 901 1878 955 Deum
1905 914 2031 955 ora-

466 1007 611 1057 mus,
667 1001 725 1044 ut
773 1005 876 1046 nos
906 1007 1073 1061 quam
1117 993 1371 1048 celeriter
1406 992 1522 1047 ﬁeri
1557 992 1781 1062 poterit,
1834 992 1902 1046 ad
1932 1007 2028 1047 vos

466 1082 652 1137 venire
700 1082 1000 1151 permittat,
1050 1091 1111 1137 ut
1135 1082 1371 1138 invicem
1401 1084 1771 1149 consolemur,
1801 1092 1882 1148 et,
1918 1082 2029 1137 Deo

464 1175 610 1227 viam
647 1176 1024 1244 rationemque
1070 1182 1434 1242 monstrante,
1477 1190 1700 1246 operam
1732 1174 1925 1231 demus
1967 1180 2029 1228 ut

467 1265 535 1320 iis
583 1279 705 1334 qua:
742 1263 945 1317 dudum
977 1278 1229 1328 evenere,
1279 1264 1438 1319 malis
1469 1278 1848 1329 occurramus,
1877 1271 1932 1319 et
1968 1264 2027 1318 in

465 1361 742 1424 posterum
791 1354 972 1409 securi
1004 1368 1127 1409 esse
1176 1354 1473 1424 possimus,
1527 1369 1597 1410 ne
1641 1354 1876 1425 amplius
1923 1353 2026 1408 hac

466 1452 646 1500 vestra
691 1445 965 1499 discordia
1012 1445 1247 1499 invicem
1289 1445 1514 1508 divulsi,
1564 1445 1694 1500 dum
1741 1446 1880 1500 alius
1920 1445 2026 1499 alio

463 1534 695 1589 consilio
747 1550 867 1591 sese
910 1536 978 1590 ab
1024 1535 1268 1591 Ecclesia
1319 1546 1555 1607 separat,
1607 1536 1824 1592 diabolo
1879 1537 2024 1591 risus

464 1624 749 1678 materiam
803 1626 1112 1694 prmbcatis,
1162 1627 1320 1695 cujus
1370 1628 1623 1682 voluntas
1673 1635 1837 1697 atque
1886 1642 2023 1696 opus

461 1725 544 1770 cst
574 1715 773 1770 divina:
805 1717 1070 1770 voluntati
1101 1720 1467 1781 contrarium,
1512 1721 1782 1773 neminem
1811 1719 2021 1773 salvum

466 1806 581 1860 ﬁeri
616 1814 670 1862 et
699 1806 767 1861 ad
788 1808 1036 1862 veritatis
1064 1809 1431 1878 cognitionem
1458 1810 1763 1880 pervenire.
1808 1809 2027 1874 Quanto

461 1897 608 1950 enim
647 1898 876 1967 putatis,
906 1897 1123 1963 fratres,
1155 1900 1344 1955 dolore
1376 1915 1483 1957 nos
1523 1902 1672 1971 angi,
1704 1902 1834 1955 dum
1862 1917 1927 1955 ex
1959 1902 2029 1956 iis

463 1986 556 2054 qui
590 1986 657 2041 de
685 1988 873 2055 rebus;
878 1993 1076 2043 vestris
1097 1991 1351 2044 nuntium
1391 1990 1644 2055 aﬂ‘erunt,
1673 1991 2053 2061 intelligimus-

466 2079 671 2131 nullam
725 2094 908 2133 rerum
959 2082 1103 2150 apud
1140 2097 1237 2138 vos
1290 2083 1646 2137 mutationem
1696 2083 1765 2137 de
1817 2085 2030 2153 integro

463 2170 660 2222 factam
694 2184 836 2237 esse,
880 2171 975 2226 sed
1007 2188 1103 2228 eos
1135 2173 1229 2242 qui
1281 2174 1447 2229 semel
1481 2189 1511 2227 a
1549 2184 1736 2228 mutua
1761 2175 2030 2229 charitate

461 2261 828 2329 declinarunt,
857 2264 1046 2317 eodem
1076 2279 1289 2333 semper
1317 2264 1521 2334 impetu
1556 2264 1723 2320 ferri?
1743 2264 1807 2318 Et
1836 2281 2028 2334 quem-

376 2362 384 2377 ”
460 2351 756 2406 admodum
797 2353 842 2407 si
874 2367 1029 2423 aqua:
1056 2354 1207 2409 rivus
1260 2353 1571 2423 frequenter
1603 2354 1900 2424 marginem
1936 2370 2030 2409 su-

463 2452 636 2513 peret,
666 2457 719 2500 et
750 2445 1127 2499 sinistrorsum
1154 2445 1431 2515 delapsus,
1469 2444 1691 2509 deﬂuat,
1738 2462 1879 2516 aegre
1913 2446 2031 2501 ﬁeri

462 2544 637 2604 potest
674 2542 733 2589 ut
779 2535 843 2588 ad
885 2535 1183 2604 pristinum
1217 2549 1442 2590 cursum
1489 2544 1797 2600 revocetur,
1846 2536 2031 2605 subja-

461 2632 640 2690 ceute,
685 2624 936 2680 videlicet
990 2626 1111 2681 solo
1173 2640 1329 2696 aquae
1388 2626 1592 2697 impetu
1638 2636 1920 2693 excavata,
1974 2629 2029 2684 ni

463 2718 640 2782 locus,
677 2716 822 2769 unde
846 2730 988 2785 aqua
1019 2715 1226 2782 deﬂuit,
1273 2717 1635 2784 obstruatur;
1670 2719 1742 2771 ita
1770 2728 1822 2773 et
1842 2735 2029 2774 eorum

460 2807 554 2877 qui
607 2822 638 2860 a
680 2806 911 2861 fratrum
959 2807 1348 2863 communione
1392 2807 1807 2874 discesserunt,
1863 2811 2030 2864 animi

462 2899 698 2966 aﬂectio,
731 2900 896 2955 semel
928 2914 957 2952 a
985 2908 1139 2955 recta
1170 2908 1225 2955 et
1255 2902 1474 2956 sincera
1498 2900 1624 2965 ﬂdc,
1670 2918 1777 2971 pne
1803 2915 2032 2958 conten-

462 2993 631 3048 tionis
656 3002 812 3057 aestu,
850 2993 1015 3047 veluti
1055 2993 1290 3047 distorto
1324 3008 1514 3057 cursu,
1561 2994 1874 3060 dellectcns,
1908 3009 2032 3063 pro-

2137 557 2247 601 τος.
2295 539 2433 594 Ἀλλ’
2463 543 2512 593 εί
2545 542 2639 595 καὶ
2668 542 2744 612 μὴ
2765 543 3028 613 πρότερον
3055 542 3117 596 τὸ
3137 543 3236 613 τῆς
3269 541 3489 613 ἀγάπης
3526 543 3712 613 χρέος,

2137 630 2171 702 ἢ
2202 631 2331 701 παρ’
2361 630 2514 702 ὑμῶν
2557 631 2644 686 διὰ
2690 634 2787 703 τῆς
2819 632 3177 701 ἐπισκέψεως,
3206 633 3239 703 ἢ
3276 632 3428 703 παρὰ
3454 633 3551 702 τῆς
3578 635 3719 702 ὑμε-

2136 724 2298 795 τέρας
2327 724 2439 793 (52)
2458 722 2740 786 εὐλαϐείας
2757 723 2844 777 διὰ
2862 725 2960 794 τῆς
2982 723 3294 796 προτροπῆς
3312 722 3527 793 ἀπεπλη
3536 723 3714 793 ρὼθη,

2136 814 2232 868 νῦν
2260 814 2390 882 γοῦν
2416 814 2689 883 εὐχόμεθα
2710 813 2787 884 τῷ
2810 813 2951 883 Θεῷ,
2978 812 3266 883 σύμμαχον
3297 814 3433 886 πρὸς
3459 814 3562 883 τὴν
3595 814 3717 866 ἐπι-

2136 903 2336 974 θυμίαν
2371 901 2527 973 ἡμῶν
2565 905 2659 956 καὶ
2717 903 2816 973 τὴν
2859 903 3130 974 ὑμετέραν
3171 904 3334 973 εὐχὴν
3386 902 3519 974 πρὸς
3574 903 3719 955 Θεὸν

2136 993 2676 1066 συμπαραλαϐόντες,
2700 993 2788 1047 διὰ
2818 993 3016 1063 τάχους
3042 992 3175 1064 (3'5),
3214 993 3288 1057 ὡς
3316 992 3432 1046 ἐστι
3458 994 3712 1055 δυνατὸν,

2132 1085 2466 1157 ἐπιδημῆσαι
2517 1102 2577 1139 τε
2634 1086 2782 1156 ὑμῖν,
2847 1085 2944 1138 καὶ
2986 1084 3512 1155 συμπαρακληθῆναι
3535 1123 3550 1147 ,
3611 1087 3715 1137 καὶ

2135 1178 2526 1241 συσπυδάσαι,
2559 1178 2634 1243 ὼς
2688 1177 2755 1232 ἂν
2807 1177 3138 1252 ὑφηγῆταιό
3167 1176 3390 1249 Κύριος,
3428 1178 3564 1230 ὥστε
3610 1177 3715 1230 καὶ

2129 1270 2239 1323 τῶν
2268 1270 2368 1341 ῆδη
2402 1269 2783 1340 γεγενημένων
2828 1268 3089 1340 λυπηρῶν
3115 1268 3399 1338 διόρθωσιν
3442 1266 3708 1336 ἐξευρεῖν,

2131 1362 2225 1416 καὶ
2260 1363 2339 1425 είς
2362 1362 2455 1416 τὸν
2510 1362 2709 1432 ἐφεξῆς
2737 1361 2924 1432 χρόνον
2962 1360 3290 1428 ἀσφάλειαν·
3320 1360 3460 1413 ὥστε
3506 1361 3709 1430 μηκέτι

2131 1454 2277 1523 ὑμᾶς
2306 1453 2419 1525 (54)
2455 1455 2512 1506 ἐν
2545 1455 2611 1524 τῇ
2642 1451 2968 1524 ἀσυμφωνία
3022 1453 3192 1522 ταύτῃ
3242 1451 3662 1522 διεσπασμένους
3684 1488 3706 1512 ,

2129 1545 2290 1600 ἄλλου
2316 1547 2434 1600 κατ’
2463 1545 2628 1616 ἀλλην
2658 1546 2833 1615 ὁρμὴν
2862 1543 3053 1596 ἐαυτὸν
3081 1544 3178 1612 τῆς
3211 1542 3536 1610 Ἐκκλησίας
3590 1542 3706 1595 ἀπ-

2130 1638 2375 1707 άγοντος,
2403 1636 2614 1705 γέλωτα
2643 1636 2965 1706 προκεῖσθαι
3004 1632 3083 1703 τῷ
3108 1633 3358 1704 διαϐόλῳ,
3386 1628 3431 1702 ᾦ
3457 1632 3705 1704 βούλημα

2129 1728 2222 1782 καὶ
2261 1727 2416 1798 ἔργον
2471 1728 2616 1780 ἐστὶν
2648 1726 2709 1791 ἐξ
2736 1726 2975 1779 ἐναντίου
3026 1723 3105 1793 τῷ
3154 1724 3282 1796 θείῳ
3317 1724 3598 1795 θελήματι,
3642 1723 3706 1777 τὸ

2133 1822 2333 1893 μηδένα
2351 1820 2612 1890 σωθῆναι,
2642 1819 2775 1890 μηδέ
2804 1820 2883 1881 είς
2905 1817 3195 1886 ἐπίγνωσιν
3216 1817 3473 1887 ἀληθείας
3502 1816 3700 1869 ἐλθεῖν.

2128 1913 2253 1977 Πῶς
2279 1916 2388 1985 γὰρ
2432 1911 2605 1966 οἴεσθε
2642 1913 2808 1982 ἡμᾶς.
2844 1909 3082 1980 ἀδελφοὶ,
3109 1909 3382 1963 θλίϐεσθαι
3430 1909 3564 1981 πρὸς
3601 1910 3702 1978 τὴν

2129 2005 2297 2077 ἀκοὴν
2326 2006 2436 2059 τῶν
2463 2004 2879 2073 διαγγειλάντων
2905 2003 3038 2072 ἡμῖν
3074 2001 3143 2055 τὰ
3168 2002 3426 2072 ὑμέτερα,
3449 2003 3530 2055 ὅτι
3551 2001 3703 2053 οὐδε-

2133 2097 2229 2167 μία
2261 2096 2449 2164 γέγονε
2493 2095 2603 2150 τῶν
2656 2090 2976 2162 ἐφεστώτων
3018 2093 3355 2161 ἐπιστροφή⁶
3383 2089 3553 2160 ἀλλ’ἢ
3590 2089 3700 2141 τῶν

2129 2188 2275 2255 ἅπαξ
2294 2188 2696 2242 ἀποκλινάντων
2729 2186 3045 2257 προαίρεσις
3084 2185 3179 2239 ἐπὶ
3204 2183 3300 2252 τῆς
3328 2183 3497 2250 αὐτῆς
3526 2182 3702 2253 ὁρμῆς

2129 2282 2217 2334 ἀεὶ
2272 2280 2513 2352 φέρεται,
2560 2278 2655 2333 καὶ
2704 2277 2893 2349 ὥσπερ
2933 2279 2997 2330 ἐκ
3032 2275 3127 2329 τοῦ
3175 2274 3364 2346 ὀχετοῦ
3397 2274 3509 2345 (55)
3554 2273 3698 2342 ὓδωρ

2130 2371 2386 2434 πολλάκις
2412 2373 2491 2433 είς
2519 2369 2616 2440 τὴν
2644 2367 3054 2440 παρακειμένην
3086 2365 3250 2437 ὀχθην
3286 2368 3696 2438 ὑπερεκχεῖται,

2131 2463 2223 2516 καὶ
2252 2461 2392 2514 κατὰ
2421 2461 2482 2514 τὸ
2507 2460 2731 2528 πλάγιον
2765 2459 2994 2524 διαδυὲν,
3024 2458 3302 2530 ἀπορρέει,
3348 2457 3424 2529 μὴ
3455 2460 3699 2526 ἀποσφα-

2130 2554 2308 2617 λέντος
2336 2553 2393 2607 δὲ
2424 2552 2518 2606 τοῦ
2545 2551 2792 2606 ὑπαιτίου
2833 2553 3019 2616 τόπου,
3045 2550 3444 2620 δυσανάκλητον
3468 2550 3694 2618 γίνεται,

2130 2644 2497 2707 κοιλανθέντος
2532 2645 2626 2697 τοῦ
2661 2642 3041 2713 ὑποκειμένου,
3062 2642 3198 2712 πρὸς
3229 2645 3328 2714 τὴν
3355 2642 3448 2695 τοῦ
3483 2643 3697 2714 ῥείθρου

2132 2738 2334 2807 φοράν·
2371 2736 2543 2800 οὕτως
2575 2737 2608 2806 ή
2653 2735 2762 2789 τῶν
2806 2734 3156 2788 ἀποστάντων
3193 2734 3357 2806 ὁρμὴ,
3414 2733 3560 2800 ἅπαξ
3598 2737 3697 2807 τῆς

2129 2827 2344 2891 εὐθείας
2364 2844 2421 2880 τε
2462 2828 2557 2879 καὶ
2582 2826 2749 2897 ὀρθῆς
2780 2826 3014 2889 πίστεως
3039 2826 3103 2879 ἐκ
3123 2827 3451 2894 φιλονεικίας
3484 2833 3699 2900 παραρο

2133 2920 2339 2988 ῥυεῖσα,
2372 2916 2689 2971 ἐνεϐἀθυνεν
2735 2916 2834 2988 ῆδη
2871 2919 2935 2987 τῇ
2976 2917 3251 2988 συνηθείᾳ,
3279 2919 3371 2971 καὶ
3409 2920 3509 2972 οὐκ
3546 2922 3700 2989 εὐχε-

2136 3009 2243 3081 ρῶς
2280 3010 2372 3061 ἐπὶ
2400 3008 2498 3080 τὴν
2539 3009 2771 3079 ἀρχαίαν
2796 3009 3153 3080 ἐπανέρχεται
3195 3010 3373 3080 χάριν.
3410 3010 3499 3063 Διὸ
3532 3011 3696 3079 σοφοῦ

462 3085 685 3138 fundam
712 3083 1033 3155 jamdudum
1055 3086 1452 3140 consuetudine
1483 3086 1687 3141 fossam
1714 3089 1823 3156 egit
1865 3101 2028 3154 aegre-

2132 3118 2275 3164 τινος
2302 3101 2396 3154 κα)⁵
2442 3101 2677 3171 μεγάλου
2719 3100 2908 3172 χρῄζει
2937 3101 3006 3154 τὰ
3056 3099 3176 3154 καθ’
3208 3102 3350 3171 ὑμᾶς
3385 3101 3696 3165 ἐπιστάτου,

462 3191 569 3246 que
624 3176 693 3230 ad
758 3177 1045 3246 pristinam
1098 3177 1421 3232 charitatem
1489 3178 2031 3249 benevolentiamque

462 3268 773 3322 revertitur.
848 3269 1195 3337 Quapropter
1264 3276 1476 3323 rectore
1544 3269 1730 3338 aliquo
1787 3270 2031 3339 sapiente

462 3367 628 3428 atque
679 3358 880 3413 eximio
923 3373 1011 3412 res
1061 3368 1259 3412 vcstrre
1285 3373 1424 3428 Opus
1456 3359 1674 3426 habent,
1722 3361 1816 3429 ‘qui
1865 3361 2031 3429 probe

463 3452 601 3504 sciat
628 3448 683 3503 in
713 3449 923 3503 alveum
955 3447 1357 3518 quodammodo
1388 3451 1708 3506 aberrantes
1734 3451 2027 3518 reducere,

467 3548 525 3595 ut
550 3542 892 3597 inordinatus
917 3540 1083 3611 hujus
1110 3541 1301 3597 ﬂuenti
1329 3542 1597 3598 decursus
1625 3543 1691 3597 ad
1713 3542 2029 3613 primaevum

464 3633 713 3688 ordinem
742 3633 935 3687 iterum
965 3632 1140 3702 possit
1180 3633 1444 3699 revocari,
1484 3639 1538 3686 et
1571 3648 1765 3687 rursus
1813 3633 2029 3704 pietatis

466 3735 678 3795 segetes
700 3725 858 3779 vobis
880 3724 1332 3793 multiplicentur,
1358 3723 1690 3794 perennibus
1720 3725 2029 3780 concordiae

464 3817 623 3885 aquis
655 3815 911 3884 irrigatte.
941 3814 997 3868 In
1033 3815 1137 3869 hoc
1187 3815 1372 3884 itaque
1409 3816 1626 3887 negotio
1652 3817 1881 3872 multum
1912 3829 2028 3874 stu-

462 3907 541 3962 dii
573 3913 736 3977 atque
759 3906 1058 3962 alacritatis
1098 3907 1476 3977 unusquisque
1505 3914 1745 3962 vestrum
1772 3894 2030 3965 adhibere

411 4003 422 4012 '
463 3999 649 4064 debet,
712 4007 774 4052 ut
826 3999 953 4055 talis
1005 3998 1295 4070 episcopus
1338 3999 1514 4054 sancti
1565 3998 1808 4071 Spiritus
1854 4002 2029 4072 gratia

463 4092 807 4164 designetur,
833 4091 927 4162 qui
958 4091 1223 4159 studiose,
1246 4106 1367 4162 quae
1389 4091 1482 4147 Dei
1504 4099 1653 4158 sunt,
1685 4092 2028 4149 solummodo

463 4183 833 4254 (intueatur),
895 4190 949 4236 et
996 4198 1278 4253 nunquam
1321 4184 1387 4238 ad
1428 4199 1492 4239 ca
1532 4185 1601 4239 de
1637 4185 1837 4255 quibus
1890 4186 2028 4242 adeo

465 4276 520 4329 in
557 4276 660 4330 hac
688 4274 798 4329 vita
831 4275 1052 4329 solliciti
1082 4290 1299 4338 sumus,
1336 4276 1529 4330 oculos
1564 4258 1804 4344 adjiciat.

533 4364 830 4435 Propterea
861 4369 1005 4421 enim
1042 4368 1323 4436 (antiqua)
1358 4367 1467 4428 lex,
1514 4367 1774 4431 arbitror,
1805 4367 2026 4424 Levitas

2130 3194 2311 3257 καλῶς
2337 3194 2405 3247 τά
2437 3192 2657 3246 τοιαῦτα
2695 3191 2964 3262 ὀχετεύειν
2992 3190 3101 3262 (56)
3134 3193 3516 3263 ἐπισταμένου,
3558 3192 3697 3245 ὥστε

2128 3285 2416 3354 δυνηθῆναι
2465 3283 2626 3336 πάλιν
2665 3282 2762 3353 τὴν
2808 3281 3037 3335 ἄτακτον
3076 3281 3168 3335 τοῦ
3201 3282 3467 3353 ῥεύματος
3507 3282 3696 3336 τούτου

2129 3392 2197 3428 πε
2207 3375 2465 3446 ριτροπὴν
2485 3376 2564 3437 είς
2586 3374 2646 3427 τὸ
2670 3374 2894 3444 ἀρχαῖον
2924 3372 3115 3435 κάλλος
3139 3373 3593 3438 ἀνακαλέσασθαι,
3621 3374 3698 3437 ὡς

2130 3467 2196 3520 ἂν
2218 3465 2377 3520 πάλιν
2411 3466 2538 3535 ὑμῖν
2593 3464 2660 3517 τὰ
2706 3465 2800 3534 τῆς
2838 3463 3116 3527 εὐσεϐείας
3146 3463 3423 3533 ἀδρύνοιτο
3452 3463 3596 3536 λήῖα,
3629 3468 3695 3535 τῇ

2128 3559 2225 3628 τῆς
2250 3557 2470 3627 εἰρήνης
2505 3557 2731 3627 ἐπιρροῇ
2775 3555 3172 3625 καταρδόμενα.
3205 3556 3304 3609 Διὰ
3330 3554 3503 3609 ταῦτα
3529 3556 3697 3627 πολλὴ

2128 3650 2479 3719 χρεωστείται
2500 3646 2575 3718 τῷ
2600 3648 2881 3717 πράγματι
2898 3647 3047 3716 παρά
3073 3648 3289 3701 πάντων
3318 3646 3471 3717 ὑμῶν
3493 3648 3694 3718 σπουδή

2128 3757 2187 3793 τε
2228 3741 2322 3793 καὶ
2370 3738 2655 3809 ἐπιθυμία,
2688 3739 2823 3807 πρὸς
2855 3739 2916 3790 τὸ
2958 3738 3340 3808 ἀναδειχθῆναι
3385 3741 3696 3809 προστάτην

2128 3833 2233 3885 ὑπὸ
2274 3831 2366 3884 τοῦ
2414 3831 2569 3898 ἁγίου
2624 3830 2937 3900 Πνεύματος
3005 3829 3243 3884 τοιοῦτον
3269 3870 3285 3895 ,
3341 3830 3401 3894 ὃς
3459 3831 3565 3899 ὅλῳ
3616 3830 3699 3901 τῷ

2128 3920 2387 3992 ὀφθαλμῷ
2420 3920 2490 3974 τὰ
2516 3920 2607 3974 τοῦ
2641 3920 2773 3973 Θεοῦ
2814 3920 3005 3992 [βλέψῃ
3039 3922 3184 3992 (57)]
3231 3922 3384 3992 μόνα,
3418 3923 3549 3993 πρὸς
3605 3923 3699 3977 οὐκ

2128 4013 2214 4065 δὲν
2254 4012 2360 4065 τῶν
2408 4014 2465 4065 ἐν
2503 4014 2566 4082 τῇ
2610 4010 2720 4083 ζωῇ
2768 4011 3208 4075 σπουδαζομένων
3254 4014 3595 4085 μετεωρίζων
3634 4014 3698 4070 τὸ

2128 4102 2301 4175 ὄμμα.

2197 4369 2294 4423 Διὰ
2315 4370 2504 4424 τούτου
2526 4371 2632 4440 γὰρ
2662 4367 2811 4441 οἶμαι
2840 4371 2927 4423 τὸν
2962 4370 3232 4442 [παλαιὸν]
3279 4369 3440 4440 νόμον
3458 4370 3698 4439 ἀπόκλη-

466 4463 697 4509 terrenae
745 4456 1081 4511 haereditatis
1129 4464 1374 4511 exsortes
1407 4472 1530 4512 esse
1573 4457 1761 4527 jussit,
1814 4470 1871 4512 ut
1904 4460 2025 4529 ejus

2133 4479 2223 4533 ρον
2242 4463 2340 4532 τῆς
2365 4463 2558 4532 γηῖνης
2585 4439 2944 4533 κληρονομίας
2964 4439 3051 4515 τὸν
3077 4439 3306 4532 Λευῖτην
3328 4439 3515 4529 ποιεῖν,
3534 4463 3607 4526 ὡς
3629 4463 3696 4515 ἂν

464 4547 832 4615 possessionis
862 4550 984 4603 loco
1020 4549 1195 4602 solum
1229 4548 1397 4602 Deum
1432 4549 1716 4619 (privatim
1745 4566 1807 4605 ac
1837 4554 2029 4620 praeci-

466 4638 600 4708 pue)
654 4639 942 4714 haberent,
999 4654 1236 4710 eumque
1281 4642 1349 4695 de
1397 4642 1630 4697 terrenis
1683 4644 1848 4699 rebus
1889 4644 2028 4699 nihil

462 4729 754 4800 (,solliciti)
810 4730 952 4799 apud
986 4746 1045 4785 se
1096 4744 1357 4802 perpetuo
1387 4736 1746 4791 custodirent.
1782 4737 1937 4803 Quod
1979 4741 2026 4796 si

462 4820 714 4875 nonnulli
744 4821 885 4890 apud
921 4836 1038 4887 vos,
1068 4830 1162 4875 aut
1189 4823 1351 4877 etiam
1376 4826 1753 4897 unusquisque
1785 4837 2023 4884 vestrum

461 4923 713 4970 neutram
762 4914 814 4968 in
862 4924 1068 4984 partem
1111 4917 1436 4987 prapendat,
1469 4934 1580 4974 non
1624 4920 1833 4976 idcirco
1865 4910 2026 4978 debet

682 5138 818 5215 Male
842 5140 899 5215 i_n
928 5138 1190 5215 Vaticano
1215 5141 1426 5215 cpdice,
1462 5145 1754 5215 ἡμετέρας.

534 5209 646 5290 (ὅῆ)
676 5209 783 5264 Kal
802 5209 916 5290 τὴν
952 5212 1117 5290 quer.
1146 5239 1213 5251 —
1234 5213 1332 5266 διὰ
1354 5209 1594 5290 τᾴχρῷς.
1632 5209 1772 5290 Med.
1803 5217 1896 5290 κα)
1922 5218 2014 5290 τὴς

464 5279 736 5418 ὑμεῆιέραν
786 5280 921 5349 πρὸς
968 5280 1098 5334 Θεὸν
1128 5279 1642 5353 συμπαραλαϐόντες
1679 5286 1768 5340 διὰ
1825 5279 2025 5357 τάχους

464 5366 645 5418 ευχλκ.
688 5417 695 5418 ί
806 5417 819 5418 γ

462 5366 645 5402 ευγην.

528 5367 883 5494 -Ὑμᾷς,
907 5418 1364 5494 _Med._legit_cirm
1399 5421 1522 5476 Vat.
1554 5424 1719 5494 ἡμᾶς.
1778 5423 1843 5478 Et
1864 5422 2019 5492 mox,

462 5488 582 5568 κατῖ
601 5487 761 5568 quo?
783 5488 1043 5568 ὀρμήν.-
1056 5487 1197 5568 Lego
1216 5491 1377 5568 ὑμᾶς,
1404 5487 1664 5568 ξεηευῖιε
1681 5487 2015 5564 postulante,

462 5555 971 5632 licc_t_‘i_n_\’aticano
1001 5555 1188 5632 codice
1210 5555 1280 5615 sit
1315 5562 1480 5632 ἡμᾶς.

534 5628 647 5702 (ρξ)
680 5625 1254 5702 Fortasselegcndum,
1291 5625 1457 5684 εἶ’τοῦ
1487 5633 1701 5702 ὀχετοῦ.

535 5698 651 5771 (ὅσ)
678 5698 1031 5771 ξοχετεύεινζ
1062 5698 1198 5771 Med.
1235 5698 1533 5771 examen;

530 5769 647 5839 (57)
668 5768 896 5839 Βλέψῃ.
925 5769 1000 5826 ld.
1052 5769 1240 5837 ὄψεται
1268 5768 1297 5804 ἶ
1321 5768 1569 5843 εἴρηαιον
1595 5771 2014 5845 βοεικλευιτικόν

2134 4552 2324 4624 μερίδα
2378 4548 2633 4624 κτήσεως
2672 4554 2790 4608 καθ’
2826 4554 3034 4625 [ἑαυτὸν
3068 4553 3215 4626 (38)]
3248 4556 3336 4607 τὸν
3374 4555 3505 4609 Θεὸν
3540 4556 3699 4625 μόνον

2130 4646 2264 4716 ἔχοι,
2309 4647 2403 4700 καὶ
2456 4647 2610 4700 τοῦτο
2666 4648 2916 4715 περιέποι
2961 4648 3047 4701 διὰ
3092 4650 3290 4713 παντὸς
3339 4649 3396 4701 ἐν
3425 4648 3603 4718 ἐαυτῷ
3636 4650 3699 4701 τὸ

2129 4742 2335 4811 κτῆμα,
2366 4741 2502 4811 πρὸς
2552 4740 2704 4794 οὐδὲν
2758 4740 2954 4802 ὑλῶδες
2984 4740 3328 4814 [ἀποϐλέπων
3359 4738 3546 4812 (59)
3570 4742 3619 4793 εἰ
3639 4740 3698 4793 δέ

2129 4835 2271 4899 τινές
2302 4836 2457 4901 εἰσιν,
2487 4836 2519 4905 ἢ
2544 4834 2637 4889 καὶ
2657 4835 2820 4905 ἐσμὲν
2842 4834 3142 4905 ἀδιάφοροι,
3176 4833 3363 4904 μηδεὶς
3392 4833 3527 4904 πρὸς
3542 4832 3702 4886 τοῦτο

2134 4927 2343 4998 βλέπων
2371 4927 2464 4981 ἐπ)⁸
2500 4926 2675 5005 τῶνη.
2725 4926 2942 4980 πτέσθω
2973 4926 3103 4998 (40).
3141 4927 3215 4980 Οὐ
3247 4927 3355 4997 γὰρ
3393 4926 3551 4994 νόμος
3582 4925 3700 4977 ἐστὶ

2129 5166 2225 5207 oro
2252 5150 2500 5205 παλαιόν.

2197 5221 2307 5290 (58)
2332 5222 2480 5275 Καθ’
2510 5221 2748 5291 ἑαυτόν.
2782 5219 3063 5285 Ιὰ.καθὼς
3111 5220 3436 5291 γέγραπται.
3475 5218 3542 5273 Ει
3576 5235 3698 5274 mox

2133 5291 2194 5345 τὸ
2226 5291 2413 5359 κτῆμα
2440 5290 2639 5359 ἐαυτῷ.

2196 5362 2306 5427 (59)
2342 5358 2749 5414 Ἃποϐλὲπων.
2795 5360 2936 5414 Med.
2968 5362 3034 5429 τῇ
3082 5359 3227 5469 ψυχῇ
3279 5358 3698 5430 καθελκόμενος.

2197 5428 2304 5469 lim
2348 5467 2357 5469 _
2402 5468 2405 5469 ,
2440 5429 2673 5469 πτέηΗω
2728 5428 2781 5469 Id
2844 5431 2987 5469 ἰδίων
3021 5429 3192 5469 Pila-me
3230 5428 3358 5469 nam-
3408 5429 3522 5469 an
3549 5446 3676 5469 επιιή

2197 5428 2304 5500 (40)
2437 5428 2803 5500 πτέσθωδᾱ.
2844 5431 2987 5483 ίδίων
3011 5428 3370 5500 βλοιπτέσθωἒ
3403 5428 3528 5483 Mox
3549 5446 3699 5490 vero.

2122 5497 2301 5560 ἄλλοις
2340 5499 2679 5570 proxume.
2704 5499 2770 5552 Et
2799 5501 2971 5570 paulo
2993 5506 3132 5570 post,
3174 5500 3319 5570 ὅπως
3346 5497 3410 5551 ἂν
3446 5499 3602 5570 πρὸς
3641 5503 3701 5551 τὸ

2123 5570 2368 5642 κρέὶττον
2396 5569 2611 5642 γένοιτο
2636 5569 2786 5642 ήτῆς
2803 5567 3110 5642 ἐκκλησίας
3134 5568 3372 5642 ἐπίδοσις
3398 5567 3694 5642 navum,

2124 5635 2465 5691 -l-Fortasse'
2489 5639 2576 5690 hic
2602 5635 2883 5705 legendum
2921 5635 3394 5706 suppleudumque
3440 5647 3527 5690 cst
3563 5635 3698 5706 πρὸξ

2123 5707 2276 5759 τοῦτο
2312 5706 2521 5775 βλέπων
2543 5706 2649 5758 τῶν
2695 5706 2768 5776 μὴ
2806 5706 3032 5760 δεόντων
3064 5707 3316 5759 ἁπτέσθω
3340 5723 3352 5735 ·
3410 5707 3515 5761 nisi
3575 5712 3699 5774 quis

2124 5776 2301 5843 malit,
2326 5777 2417 5829 ἐπὶ
2434 5776 2500 5829 τά
2526 5777 2601 5842 μὴ
2634 5777 2822 5829 δέοντα
2841 5777 3195 5842 καμπτέσθω,
3255 5776 3336 5832 vel
3386 5777 3694 5830 κυπτέσθω.
