4092 6368
412 315 541 370 1061
1525 322 1909 379 EPISTOLA‘I.
1951 353 1982 364 -

2086 323 2273 379 IPIST.
2320 322 2484 380 XVII.
3523 330 3661 389 1062

406 442 515 500 τοῖς
538 438 727 503 ἁπλοῖς
760 441 892 512 πρὸς
925 442 984 495 τὸ
1017 443 1091 515 μὴ
1122 441 1190 496 τὰ
1233 443 1417 499 δέοντα
1448 448 1734 516 πράσσειν,
1763 448 1824 500 τὸ
1851 448 1980 517 παρ’

2086 446 2284 515 aliquis
2312 447 2380 500 ad
2421 446 2630 516 agenda
2659 461 2722 501 ea
2751 461 2874 518 quas
2920 463 3031 503 non
3063 447 3243 514 decet,
3285 451 3528 507 animum
3561 454 3660 508 ad-

408 532 616 601 ὲτέροις
660 530 885 605 [καλῶς]
911 536 1215 606 γινόμενον·
1247 536 1360 590 ἁλλ’
1387 538 1531 608 ὑμᾶς
1557 538 1661 609 χρὴ
1692 539 1760 592 τὰ
1776 539 1982 592 ἑαυτῶν

2086 538 2276 608 jicere.
2312 535 2499 607 Neque
2521 536 2668 592 enim
2694 538 2837 607 quod
2864 538 3005 609 apud
3037 541 3176 596 alios
3213 543 3423 613 (recte‘)
3456 546 3659 615 agitur,

409 622 646 688 βλέπειν,
674 624 820 689 ὅπως
846 625 910 679 ἂν
935 626 995 680 τὸ
1013 629 1257 699 κρεῖττον
1280 630 1489 697 γένοιτο
1513 631 1546 698 ἡ
1581 629 1805 700 [σπουδὴ
1823 627 1983 699 (41η,

407 715 516 767 τῶν
552 716 1052 788 διεσκορπισμένων
1096 719 1259 773 πάλιν
1291 722 1371 784 εἰς
1404 720 1500 791 τὴν
1530 719 1624 774 τοῦ
1657 722 1772 784 ὲνὸς
1802 720 1985 792 σώμα-

405 822 495 868 τος
517 807 781 877 ἁρμονίαν
807 809 1231 874 ἐπανελθόντων,
1258 812 1350 864 καὶ
1381 811 1480 881 τῆς
1505 812 1880 883 πνευματικῆς
1905 813 1984 864 εἱ-

410 898 579 964 ρήνης
613 896 742 968 (ὑπὸ
772 898 881 953 τῶν
908 899 1063 972 (42)]
1092 900 1330 964 εὐσεϐῶς
1374 901 1466 956 τὸν
1502 902 1632 955 Θεὸν
1657 896 1985 967 δοξαζόντων

406 987 823 1058 εὐθηνουμένης.
862 990 1004 1062 Πρὸς
1058 990 1214 1044 τοῦτο
1260 991 1442 1056 καλῶς
1479 991 1590 1063 ἔχει
1640 992 1773 1064 (45),
1808 989 1980 1064 οἶμαι,

408 1080 628 1131 σκοπεῖν
672 1078 741 1131 τὰ
779 1080 918 1133 καλὰ
944 1082 1008 1150 τῇ
1040 1080 1281 1153 ὲκ[λογῇ,
1311 1081 1409 1154 ὡς]
1438 1082 1503 1136 ἂν
1533 1085 1561 1137 6
1598 1083 1984 1156 ἀναδεικνύμε-

405 1185 492 1231 νος
525 1169 605 1232 είς
635 1171 967 1241 προστασίαν
1021 1174 1338 1243 ἐπιτηδείως
1381 1174 1493 1246 ἔχοι
1519 1191 1532 1205 ⁸
1563 1175 1721 1244 γένος
1767 1176 1844 1243 δὲ,
1888 1177 1983 1231 καὶ

405 1257 654 1322 πλοῦτον,
703 1261 797 1313 καὶ
842 1260 1136 1333 κοσμικ[ὴν
1180 1264 1534 1333 περιφάνειαν
1562 1266 1720 1338 (44)]
1760 1269 1817 1320 ὲν
1869 1270 1980 1331 τοῖς

404 1350 777 1415 ἐπισκοπικοίς
811 1352 1223 1422 κατορθώμασιν
1245 1356 1273 1406 6
1298 1354 1649 1419 ἀποστολικὸς
1672 1358 1773 1409 οὐκ
1792 1358 1981 1427 ὲνομο-

405 1441 601 1513 θέτησε
626 1443 781 1512 λόγος
801 1462 813 1476 ι
846 1444 960 1497 ἀλλ’
994 1446 1041 1497 εί
1075 1444 1207 1516 [πᾶν
1231 1445 1410 1519 τοῦτο]
1453 1448 1756 1518 αὐτόματον
1800 1449 1982 1502 ἕποιτο

401 1536 514 1597 τοῖς
543 1535 996 1606 προηγουμένοις,
1046 1536 1122 1600 ὼς
1157 1537 1313 1590 σκιὰν
1363 1538 1503 1591 κατὰ
1524 1538 1584 1591 τὸ
1616 1539 1828 1609 συμϐάν
1855 1541 1980 1594 ἁκο-

403 1623 715 1691 ὶουοοῦσαν,
747 1628 846 1680 οὐκ
878 1626 1272 1697 ἀποϐάλλομεν,
1305 1627 1439 1699 [ἀλλ’
1469 1631 1620 1683 οὐδὲν
1654 1630 1791 1703 (43)]
1819 1627 1979 1704 ἦττον

403 1716 759 1785 ἀγαπήσομεν
792 1718 858 1768 τά
883 1717 1272 1788 προτιμότερα,
1305 1719 1407 1771 κᾶν
1438 1720 1606 1789 χωρὶς
1630 1720 1786 1793 τύχῃ.
1816 1724 1979 1776 Αἰπό-

405 1806 493 1867 λος
516 1801 581 1875 ἦν
599 1808 626 1858 6
650 1807 932 1876 προφήτης
963 1805 1201 1877 [Ἀμὼς]
1223 1846 1237 1869 ,
1267 1808 1447 1871 ἁλιεὺς
1467 1811 1495 1861 6
1524 1809 1744 1880 Πέτρος,
1771 1812 1981 1881 καὶτῆς

404 1897 573 1964 αὐτῆς
621 1896 811 1967 τέχνης
850 1898 878 1949 ὅ
919 1914 976 1949 τε
1020 1897 1207 1950 τούτου
1253 1898 1478 1967 ἁδελφὸς
1521 1900 1792 1970 Ἀνδρέας,
1828 1904 1922 1956 καὶ
1954 1906 1982 1956 ὁ

405 1987 605 2057 ὑψηλὸς
645 1985 908 2057 Ἰωάννης,
936 1987 1312 2057 σκηνορράφος
1344 1990 1372 2041 ὁ
1394 1987 1623 2051 Παῦλος,
1656 1991 1749 2043 καὶ
1781 1992 1808 2041 ὁ
1832 1992 1981 2043 Matt-

405 2080 553 2140 Οαῑος
586 2079 839 2148 τελώνης,
876 2079 966 2130 καὶ
992 2080 1040 2130 oi
1077 2077 1224 2131 ἄλλοι
1270 2079 1410 2132 κατὰ
1459 2080 1550 2133 τὸν
1590 2081 1749 2133 αὐτὸν
1785 2084 1981 2153 τρόπον

403 2171 602 2240 ὁμοίως
632 2171 888 2234 ἅπαντες,
915 2167 1031 2240 [οὐχ
1049 2170 1266 2241 ἰηπατοί
1287 2188 1449 2236 τινες,
1483 2172 1571 2224 καὶ
1596 2172 1978 2243 στρατηλάται,

405 2262 497 2314 καὶ
557 2261 810 2330 ὕπαρχοι,
860 2261 893 2332 ἢ
953 2261 1095 2314 κατὰ
1159 2262 1452 2331 ῥητορικὴν
1530 2263 1622 2315 καὶ
1668 2263 1982 2331 φιλοσοφίαν

404 2352 793 2423 περίϐλεπτον
859 2352 992 2405 ἀλλὰ
1042 2351 1288 2421 πένητες,
1327 2354 1420 2404 καὶ
1481 2352 1704 2416 ἰδιῶται,
1742 2342 1982 2407 καὶ’ἀπὺ

402 2443 510 2495 τῶν
569 2441 968 2513 ταπεινοτέρων
1015 2442 1457 2511 ἐπιτηδευμάτων
1501 2442 1841 2513 ὁρμώμενον
1888 2445 1982 2497 καὶ

403 2533 549 2601 ὅμως
583 2533 686 2594 Εἰς
720 2530 923 2586 πᾶσαν
955 2532 1069 2599 τὴν
1094 2531 1209 2601 γῆν
1248 2531 1505 2600 ἐξῆλθεν
1535 2536 1568 2587 ό
1597 2535 1853 2602 φθόγγος
1884 2537 1982 2588 αὺ-

404 2621 539 2685 τῶν,
571 2621 667 2673 καὶ
707 2623 795 2685 είς
827 2623 898 2675 τὰ
925 2621 1151 2689 πέρατα
1167 2620 1273 2689 τῆς
1294 2621 1647 2691 οἰκουμένης
1669 2625 1739 2677 τὰ
1744 2625 1981 2694 ῥήματα

402 2711 618 2767 αὐτῶν.
651 2713 931 2777 Βλέπετε,
951 2715 1102 2782 φησὶ,
1128 2714 1239 2779 τὴν
1262 2719 1335 2766 κλ
1346 2713 1487 2781 ᾖσιν
1506 2714 1979 2789 ὑμῶν,ηάδελφοὶ,

405 2806 493 2859 ὅτι
519 2807 590 2859 οὐ
618 2807 833 2860 πολλοὶ
873 2807 1051 2874 σοφοὶ
1091 2808 1237 2861 κατὰ
1281 2807 1498 2874 σάρκα,
1524 2811 1595 2863 οὺ
1627 2812 1842 2864 πολλοὶ
1880 2812 1983 2866 δυ-

403 2899 592 2959 νατοί,
617 2899 688 2952 οὐ
720 2899 935 2952 πολλοὶ
958 2899 1220 2967 εὐγενεῖς
1243 2919 1254 2929 ·
1287 2900 1445 2954 ἀλλὰ
1465 2901 1536 2954 τὰ
1562 2901 1727 2969 μωρὰ
1752 2903 1859 2955 τοῦ
1884 2906 1981 2957 κόι

403 3006 561 3058 σμου
586 2988 904 3053 ἐξελέξατο
931 2992 963 3041 ό
987 2991 1148 3053 Θεοῖς.
1177 2992 1333 3054 Ἴσως
1369 3008 1420 3043 τι
1453 2992 1633 3062 μωρὸν
1670 2993 1761 3045 καὶ
1798 2993 1890 3046 νῦν
1923 2996 1981 3047 ὲν

404 3087 515 3145 τοῖς
545 3083 886 3151 φαινομένοις
909 3081 1018 3133 τῶν
1046 3081 1335 3150 ὀφθαλμῶν
1363 3082 1472 3134 τῶν
1508 3081 1860 3152 ἁνρωπίνων
1894 3102 1981 3137 νο-

409 3174 643 3244 μίζεται,
665 3174 791 3226 ὅταν
818 3171 1040 3234 ἀσθενὲς
1073 3172 1176 3224 ὑπὸ
1207 3173 1414 3235 πενίας,
1449 3172 1481 3243 ἢ
1509 3171 1743 3246 ἄδοξον
1767 3177 1852 3230 διὰ
1882 3178 1981 3247 τὴν

407 3261 720 3332 σωματικὴν
744 3261 1078 3330 δυσγένειαν.
1117 3260 1275 3315 Ἀλλὰ
1312 3262 1393 3325 τίς
1435 3258 1594 3318 οἶδεν.
1625 3265 1672 3315 εί
1706 3264 1779 3335 μὴ
1808 3266 1981 3337 τούτῳ

404 3356 465 3406 τὸ
498 3355 661 3419 κέρας
691 3355 790 3424 τῆς
827 3354 1057 3423 κρίσεως
1085 3356 1234 3423 παρὰ
1259 3353 1357 3424 τῆς
1380 3354 1599 3424 χάριτος
1623 3356 1977 3419 ὲπικλίνεται,

406 3444 506 3499 κᾶν
540 3446 644 3497 τῶν
674 3445 888 3515 ὑψηλῶν
905 3462 963 3496 τε
994 3445 1085 3498 καὶ
1114 3445 1530 3516 ἐμφανεστέρων
1562 3448 1881 3518 μικρότερος
1907 3444 1976 3519 ᾗς

407 3532 471 3583 Τί
496 3532 928 3601 λυσιτελέστερον
959 3526 1027 3601 ἦν
1064 3535 1128 3603 τῇ
1168 3533 1451 3602 Ῥωμαίων
1486 3535 1632 3585 πόλει
1679 3536 1739 3587 τὸ
1778 3554 1981 3607 καταρ-

407 3625 548 3694 χάς;
587 3623 695 3677 τῶν
728 3622 1067 3693 εὐπατριδῶν
1112 3640 1231 3676 τινα
1273 3624 1364 3676 καὶ
1420 3625 1737 3696 ὑπερόγκων
1786 3629 1849 3679 ὲκ
1882 3629 1981 3698 τῆς

410 3714 612 3768 ὑπάτου
673 3712 865 3783 βουλῆς
902 3713 982 3776 είς
1011 3713 1345 3782 προστασίαν
1395 3713 1598 3777 λαϐεῖν,
1630 3716 1663 3786 ἢ
1702 3715 1791 3768 τὸν
1827 3716 1980 3770 ἁλιέα

410 3805 636 3875 Πέτρον,
664 3797 709 3871 ᾧ
740 3804 903 3876 μηδὲν
929 3799 997 3875 ἦν
1018 3806 1080 3857 ὲκ
1101 3804 1192 3856 τοῦ
1217 3804 1419 3875 κόσμου
1446 3806 1634 3859 τούτου
1667 3806 1802 3878 πρὸς
1830 3807 1980 3860 εὐδο-

410 3895 528 3962 ξίαν
553 3896 799 3963 ἐφόλκιον
821 3895 931 3966 (46)
954 3913 968 3963 ;
999 3896 1093 3960 Τίς
1114 3896 1277 3961 οἰκία,
1297 3897 1440 3960 τίνες
1455 3898 1680 3961 οἰκέται,
1706 3899 1830 3952 ποία
1849 3901 1981 3970 κτῆ-

410 4005 492 4052 σις
510 3988 597 4042 διὰ
619 3988 891 4060 προσόδων
905 3987 1113 4059 τρυφὴν
1134 3987 1442 4059 χορηγοῦσα
1463 4005 1477 4048 ;
1510 3989 1645 4041 ’Δλλ’
1661 3990 1690 4040 ὁ
1704 3988 1867 4054 ξένος,
1887 3992 1981 4044 κα)⁵

407 4080 654 4148 ἄστεγος,
684 4079 777 4132 καὶ
814 4079 1136 4149 ἁτράπεζος,
1160 4077 1267 4130 τῶν
1289 4078 1356 4130 τὰ
1376 4079 1547 4131 πάντα
1572 4078 1802 4147 ἐχόντων
1827 4079 1983 4133 πλου-

410 4167 664 4239 σιώτερος
698 4163 786 4238 ἦν,
819 4168 900 4219 ὅτι
941 4165 1029 4220 διὰ
1054 4166 1148 4219 τοῦ
1181 4167 1344 4237 μηδὲν
1373 4166 1535 4236 ἔχειν,
1567 4168 1656 4220 τὸν
1685 4168 1815 4221 Θεὸν
1837 4166 1980 4238 εἶχεν

408 4259 546 4313 ὅλον.
605 4258 759 4311 Οὕτω
805 4260 897 4311 καλ⁹
946 4259 994 4310 oi
1048 4259 1518 4326 Μεσοποταμῖται,
1581 4257 1982 4329 βαρυπλούτους

411 4348 620 4416 ἔχοντες
649 4349 705 4399 ὲν
757 4348 969 4409 ἑαυτοῖς
1009 4349 1363 4416 σατραπείας,
1402 4348 1615 4399 πάντων
1658 4349 1980 4418 ἐδοκίμασαν

408 4438 498 4490 τὸν
526 4437 724 4507 Θωμᾶν
755 4438 832 4500 είς
862 4434 1181 4491 ἐπιστασίαν
1205 4436 1412 4488 ἑαυτῶν
1438 4438 1826 4508 προτιμότερον
1846 4440 1977 4510 HJ),
2016 4487 2059 4545 υ

411 4531 504 4583 καὶ
556 4530 711 4582 Τῖτον
773 4531 1017 4600 Κρῆτες,
1072 4528 1163 4581 καὶ
1220 4528 1641 4599 Ἱεροσολυμῖται
1704 4533 1977 4596 Ἰάκωϐον,

411 4622 504 4675 καὶ
536 4622 696 4691 ἡμεῖς
712 4621 761 4673 οἱ
785 4620 1149 4673 Καππαδόκαι
1174 4618 1266 4671 τὸν
1305 4618 1870 4693 Ἐκατόνταρχον(.48),
1897 4624 1983 4676 τὸν

480 4764 500 4795 ⁷
525 4762 667 4817 Psal.
696 4776 847 4826 xvm,
887 4760 938 4815 5.
1017 4759 1038 4791 ⁸
1067 4760 1227 4813 Ι(]υι·.
1258 4777 1294 4827 ι,
1326 4759 1415 4814 26.

485 4918 595 4990 (Η)
634 4916 1069 4990 Yide_an_mel_it_ts
1093 4917 1184 4984 sit,
1215 4918 1249 4990 ᾖ
1277 4916 1644 4990 πραγματεία.

486 4985 788 5057 (49.)1'7'36
808 4985 945 5039 τῶν.
979 4986 1147 5057 Ιιμὲν
1172 4985 1248 5057 τῷ
1268 4985 1472 5057 ,πλήθει
1499 4988 1628 5039 τῶν.

486 5055 810 5127 (45)Καλῶς
844 5057 989 5125 ἔχει.
1024 5055 1098 5127 id.
1136 5055 1496 5127 xahtbgéxﬂv.
1554 5057 1621 5127 Et
1674 5069 1819 5127 mox,
1850 5069 1978 5107 σκο-

414 5124 537 5184 πεῖν
566 5124 632 5181 ea:
664 5126 804 5179 καλὰ
827 5129 893 5197 τῇ
922 5125 1186 5197 ἐκκλησίᾳ
1218 5124 1555 5197 βουλόμενον,
1574 5126 1722 5197 ὅπως
1739 5124 1824 5177 ἄν.

486 5200 601 5269 (44)
645 5201 836 5266 Κοσμ.
865 5193 1171 5269 περιφξίιίξ
1215 5193 1483 5269 κρσμιςκῂν
1522 5195 1876 5269 περιφάνειαν
1900 5193 1989 5269 ζη-

414 5263 544 5325 τεῖν.
567 5263 734 5322 Paulo
772 5263 895 5336 post
920 5281 1017 5336 pro
1048 5266 1157 5318 πᾶν
1186 5263 1343 5318 τοῦτο
1376 5263 1449 5318 id.
1477 5263 1605 5319 cod.
1646 5263 1744 5334 μέν
1780 5280 1835 5316 τι
1864 5264 1989 5316 τού-

414 5358 524 5392 των
556 5336 695 5392 κατὰ
716 5337 795 5389 τό.

488 5410 599 5477 (65)
649 5407 812 5477 Ἀλλ’
846 5404 1045 5459 οὐδέν.
1100 5402 1176 5458 Id.
1213 5403 1261 5455 εί
1305 5402 1361 5456 δὲ
1421 5414 1497 5473 μη
1539 5403 1712 5457 ούοεν.
1750 5401 1814 5457 Ει
1841 5417 1986 5467 mox,

416 5476 585 5549 χωρὶς
609 5476 833 5549 τούτων.

484 5540 596 5621 (Titi)
636 5543 893 5621 Fortasse
920 5543 1232 5621 legendum,
1257 5541 1465 5621 ἐφόδιον
1482 5557 1495 5570 ·
1521 5540 1613 5595 sed
1642 5548 1696 5595 et
1717 5541 1824 5595 diei
1856 5555 1982 5621 pos-

418 5611 502 5671 set
528 5611 838 5687 Nyssenum
855 5611 1042 5667 ludere
1066 5614 1120 5667 in
1141 5627 1297 5687 voce,
1322 5611 1588 5687 ἐφόλκιον,
1620 5627 1740 5687 qua:
1757 5614 1983 5687 navicu-

421 5690 545 5751 lam,
575 5681 672 5741 seu
701 5684 948 5754 cymbam
982 5685 1202 5753 proprie
1224 5683 1518 5751 signiﬁcat,
1555 5682 1716 5754 quasi
1751 5681 1979 5754 diceret,

423 5756 640 5812 Petrum
679 5751 758 5809 nil
795 5769 862 5809 ex
905 5751 1138 5809 terrenis
1177 5754 1339 5807 rebus
1372 5751 1715 5822 possedisse,
1746 5751 1979 5821 quibus,

2077 1348 2309 1416 justum,

2085 629 2139 683 id
2170 630 2568 699 simpliciorum
2603 630 2815 685 animos
2841 630 2906 685 ad
2935 647 3023 686 res
3048 634 3186 687 male
3212 636 3479 704 gerendas
3500 636 3660 691 debet

2085 719 2374 784 inducere,
2412 719 2507 773 sed
2536 726 2757 787 Oportet
2782 734 2845 773 ea
2876 729 3087 774 tantum
3142 738 3263 792 qua:
3297 725 3363 778 ad
3401 740 3499 782 vos
3534 741 3660 796 per-

2085 812 2282 869 tinent,
2316 809 2620 874 attendere,
2674 819 2732 863 ut
2762 808 3084 881 (conatibus
3116 815 3343 885 vestris)
3376 818 3657 872 meliorem

2082 897 2292 953 exitum
2332 899 2714 963 sortientibus,
2767 898 2821 952 id
2870 901 3087 955 tandem
3115 906 3554 973 conscquamini,
3598 915 3657 961 ut

2083 988 2176 1056 qui
2209 989 2278 1042 ab
2312 986 2559 1042 Ecclesia
2612 999 2984 1055 secesserunt,
3037 991 3233 1046 iterum
3268 995 3333 1048 ad
3379 996 3499 1064 ejus
3536 999 3659 1051 uni-

2082 1084 2247 1129 tatem
2274 1086 2624 1131 revertantur
2650 1115 2664 1141 ,
2699 1085 2755 1133 et
2784 1080 3092 1149 spiritualis
3124 1097 3223 1151 pax
3262 1085 3393 1153 tab)
3425 1086 3528 1148 bis,
3562 1086 3658 1156 qui

2082 1168 2171 1235 pie
2191 1166 2357 1220 Deum
2388 1167 2718 1237 gloriﬁcant,
2750 1156 3113 1225 instauretur:
3136 1175 3400 1229 Prteterea
3426 1175 3658 1229 multum

2080 1257 2337 1326 expedire
2378 1259 2638 1326 arbitror,
2692 1269 2751 1314 ut
2786 1262 2873 1330 (in
2902 1263 3146 1333 episcopi
3179 1264 3477 1335 electione)
3512 1267 3660 1335 quod

2384 1362 2708 1419 reetumque
2769 1361 2873 1417 est,
2933 1369 3046 1423 prae
3110 1356 3288 1411 oculis
3348 1356 3657 1423 habeatur;

2082 1447 2139 1491 ut
2185 1454 2377 1508 nempe
2423 1438 2665 1507 idoneus
2710 1439 2778 1494 ad
2821 1457 2943 1496 eam
2982 1442 3302 1513 dignitatem
3339 1461 3662 1515 promovea-

2081 1539 2211 1594 tur;
2267 1546 2442 1600 genus
2490 1540 2669 1586 autem
2703 1535 2939 1599 clarum,
2982 1536 3227 1601 divitias,
3284 1547 3340 1593 et
3368 1539 3659 1593 mundana:

2081 1622 2419 1690 (nobilitatis
2465 1624 2843 1696 splendorem)
2905 1629 3149 1697 episcopi
3204 1629 3427 1685 dotibus
3477 1645 3658 1685 annu-

2080 1712 2340 1766 meranda
2408 1728 2535 1769 esse
2618 1730 2897 1785 nunquam
2948 1718 3285 1785 apostolica
3368 1719 3657 1775 sanctione

2014 1790 2056 1847 Β
2089 1810 2354 1856 statutum
2387 1802 2534 1869 fuit;
2587 1805 2679 1859 sed
2719 1806 2765 1860 si
2807 1806 2961 1875 (haec
3001 1807 3225 1874 omnia)
3264 1807 3409 1861 ultro
3444 1818 3498 1862 et
3544 1823 3656 1863 non

2089 1894 2319 1963 quaesita
2398 1894 2454 1947 in
2516 1895 2777 1965 episcopo
2851 1897 3236 1965 reperiantur,
3295 1913 3360 1953 ea
3424 1900 3654 1970 utique,

2090 1986 2237 2040 velut
2290 1984 2544 2039 umbram
2589 2002 2720 2042 casu
2756 1995 2810 2040 et
2852 1986 3080 2041 fortuito
3120 1989 3512 2055 comitantem,
3543 2005 3656 2045 non

2089 2075 2404 2145 rejicimus;
2430 2076 2507 2143 (at
2538 2076 2732 2144 nihilo)
2756 2077 2939 2131 minus
2959 2091 3080 2147 quae
3103 2079 3484 2146 praestantiora
3504 2079 3657 2134 hisce

2090 2167 2254 2222 rebus
2285 2178 2434 2232 sunt,
2466 2167 2635 2221 animi
2669 2167 2881 2221 scilicet
2913 2167 3104 2229 dotes,
3138 2170 3336 2236 majori
3376 2169 3431 2233 in
3479 2172 3656 2240 pretio

2089 2258 2437 2324 habebimus,
2461 2259 2683 2313 tametsi
2705 2259 2812 2313 illis
2838 2260 3095 2313 omnibus
3119 2261 3421 2314 caruerint.
3452 2260 3658 2331 Capra-

2089 2350 2206 2403 rius
2236 2358 2355 2403 erat
2381 2347 2595 2419 (Amos)
2629 2349 2890 2416 propheta
2915 2387 2930 2411 ,
2961 2348 3204 2417 piscator
3239 2348 3433 2404 l’etrus
3454 2389 3468 2413 ,
3501 2365 3654 2405 eam-

2087 2443 2320 2511 demque
2369 2451 2541 2496 artem
2575 2442 2740 2510 hujus
2781 2440 2950 2494 frater
2991 2441 3239 2494 Andreas
3301 2446 3355 2492 et
3405 2439 3655 2494 sublimis

2085 2534 2329 2589 Joannes
2370 2532 2682 2595 exercebat,
2727 2531 3144 2586 scenol'actorize
3183 2530 3389 2584 Paulus
3432 2545 3653 2600 operam

2088 2626 2270 2688 dabat,
2297 2624 2622 2694 publicanus
2642 2632 2759 2676 crat
2785 2622 3069 2676 Matthzeus
3094 2661 3108 2685 ,
3135 2620 3427 2689 caeterique
3465 2636 3656 2677 omnes

2088 2714 2345 2781 discipuli
2374 2712 2646 2774 similiter,
2682 2712 2837 2779 (non)
2865 2711 3141 2776 consules,
3178 2725 3283 2762 non
3314 2710 3653 2764 exercituum

2089 2806 2344 2858 ductores
2370 2811 2567 2866 erant,
2598 2818 2708 2855 non
2747 2801 2987 2870 przelecti
3022 2802 3308 2869 prmtorio,
3345 2815 3445 2855 nec
3475 2801 3657 2856 rheto-

2089 2895 2222 2948 ricis
2259 2899 2314 2947 et
2356 2893 2752 2962 philosophicls
2782 2891 3031 2945 scientiis
3064 2891 3372 2959 conspicui,
3397 2891 3490 2943 sed
3519 2904 3655 2959 pau-

2090 3000 2247 3053 peres
2282 2985 2467 3037 idiota:
2491 3022 2506 3047 ,
2541 2992 2595 3036 et
2626 2997 2656 3036 e
2693 2981 2984 3035 vilioribus
3026 2981 3239 3034 artibus
3281 2979 3571 3045 accersiti;
3602 2988 3656 3032 et

2090 3086 2270 3130 tamen
2304 3074 2366 3128 In
2400 3091 2604 3129 omnem
2638 3083 2831 3127 terram
2864 3073 3024 3126 exivit
3055 3089 3214 3124 sonus
3249 3088 3430 3125 eorum
3456 3111 3470 3134 ,
3503 3081 3554 3125 et
3602 3074 3657 3125 in

2088 3167 2217 3233 ﬁnes
2248 3165 2389 3220 orbis
2423 3175 2576 3219 terra:
2610 3163 2762 3218 verba
2787 3180 2970 3217 eorum
2996 3164 3039 3217 ⁷.
3086 3163 3281 3223 Videte.
3314 3171 3389 3217 ait
3422 3165 3657 3232 Aposto-

2089 3259 2195 3320 lus,
2220 3260 2543 3312 vocntionem
2568 3266 2815 3320 vestram,
2849 3257 3066 3325 fratres,
3093 3259 3217 3326 quia
3250 3272 3352 3308 non
3385 3256 3537 3308 multi
3562 3271 3655 3308 sa-

2087 3348 2284 3415 pientes
2334 3345 2617 3400 secundm
2651 3361 2894 3409 carnem,
2928 3362 3031 3397 non
3064 3344 3217 3397 multi
3247 3352 3481 3411 potentes
3503 3381 3518 3406 ,
3553 3359 3655 3395 non

2090 3439 2245 3491 multi
2261 3437 2456 3489 nobiles
2473 3453 2491 3500 ;
2507 3437 2595 3487 sed
2618 3451 2732 3503 qua:
2754 3435 2919 3487 stulta
2940 3444 3060 3488 sunt
3084 3436 3265 3487 mundi
3281 3434 3432 3503 elegit
3458 3433 3593 3486 Deus
3612 3438 3652 3486 ".

2087 3525 2340 3581 Fortasse
2376 3540 2520 3578 nunc
2549 3524 2712 3578 etiam
2754 3524 2982 3579 stultum
3013 3523 3146 3592 quid
3194 3523 3448 3578 humanis
3483 3523 3657 3577 oculis

2087 3620 2177 3674 ille
2208 3617 2445 3679 videtur,
2475 3616 2565 3686 qui
2595 3623 2821 3686 propter
2852 3623 3230 3684 paupertatem
3264 3613 3540 3677 inﬁrmus,
3570 3614 3659 3667 vel

2089 3720 2307 3781 propter
2329 3709 2595 3778 corporis,
2620 3722 2729 3762 non
2750 3722 2881 3761 vero
2920 3706 3086 3759 animi
3115 3705 3516 3776 ignobilitatem
3559 3704 3660 3758 ob-

2090 3815 2289 3857 scurus
2339 3808 2589 3869 apparet.
2638 3797 2743 3852 Sed
2767 3799 2891 3867 quis
2930 3797 3057 3859 seit,
3101 3812 3168 3849 an
3202 3811 3366 3867 super
3390 3794 3658 3863 ejusmodi

2088 3892 2393 3954 hominem,
2448 3889 2667 3943 tametsi
2746 3888 3074 3943 sublimibus
3135 3895 3299 3954 atque
3352 3884 3658 3939 illustribus

2087 3986 2221 4040 viris
2242 3986 2401 4053 longe
2423 3982 2763 4045 inferiorem,
2784 3982 2966 4036 divina
2991 3982 3165 4051 gratia
3186 3980 3462 4034 unctionis
3484 3994 3659 4034 cornu

2090 4075 2351 4129 inclinet?
2379 4072 2647 4139 Quidnam
2671 4071 2790 4125 urbi
2829 4071 3016 4126 Romae
3045 4071 3288 4140 antiquis
3321 4071 3657 4138 temporibus

2094 4167 2269 4237 magis
2299 4162 2669 4226 conducebat,
2695 4160 3009 4215 nobilemne
3058 4161 3294 4227 aliquem
3320 4166 3483 4227 atque
3511 4157 3655 4210 fastu

2090 4267 2388 4312 tumentem
2414 4254 2680 4309 senatorii
2708 4252 2921 4306 ordinis
2946 4252 3121 4304 virum
3145 4252 3197 4304 in
3231 4249 3490 4304 Ecclesiae
3514 4264 3657 4318 pra:-

2092 4348 2329 4418 positum
2377 4346 2659 4416 accipere,
2705 4358 2776 4398 an
2824 4344 3006 4413 potius
3039 4342 3261 4397 Petrum
3293 4343 3656 4411 piscatorem,

2089 4440 2179 4494 cui
2206 4440 2281 4493 nil
2317 4437 2383 4491 ad
2414 4438 2644 4506 gloriam
2669 4452 2737 4490 ex
2772 4434 3065 4490 mundanis
3103 4435 3268 4489 rebus
3301 4433 3660 4504 suppetebat?

2086 4531 2218 4596 Quae
2240 4530 2457 4592 domus,
2476 4528 2569 4598 qui
2602 4526 2814 4590 famuli,
2835 4542 2955 4596 quae
2986 4526 3365 4595 possessiones
3389 4524 3659 4594 proventi-

2094 4624 2194 4677 bus
2227 4622 2345 4678 suis
2362 4636 2547 4676 rerum
2570 4620 2816 4674 omnium
2849 4619 3180 4674 allluentiam
3210 4615 3657 4689 suppeditantes?

2088 4912 2251 4967 veluti
2296 4914 2531 4983 quadam
2582 4915 2863 4980 navicula,
2908 4913 2974 4968 ad
3021 4912 3313 4967 mundana:
3353 4913 3657 4970 nobilitatis

2087 4984 2314 5054 gloriam
2342 4984 2723 5054 adnavigaret.

2157 5052 2271 5123 (47)
2326 5049 2593 5107 Thomam
2650 5054 2976 5123 Apostolum
3035 5049 3257 5105 Parthis
3302 5050 3658 5121 Evangelium

2128 5124 2423 5177 raedicasse
2464 5124 2672 5191 antiqui
2732 5124 3033 5193 scriptores
3082 5136 3191 5175 uno
3235 5136 3330 5174 ore
3366 5131 3656 5176 testantur.

2087 5137 2202 5245 plne
2234 5194 2471 5245 amplius
2503 5193 2772 5245 allirmare
2818 5192 3032 5245 videtur
3058 5190 3376 5245 stsenus.
3410 5193 3656 5245 eumdem

2138 5207 2202 5245 oc
2234 5194 2471 5261 amplius
2503 5190 2772 5246 allirmare
2818 5190 3032 5246 videtur
3058 5190 3342 5261 Nyssenus
3362 5235 3376 5259 ,
3410 5193 3660 5247 eumdem

2087 5260 2337 5331 primum
2359 5263 2764 5329 Mesopotamia:
2801 5264 3119 5331 episcopum
3154 5260 3348 5316 fuisse.
3384 5261 3660 5315 Caeterum

2089 5341 2374 5402 satrapas,
2401 5341 2452 5386 et
2505 5334 2772 5400 Sall‘apias
2824 5347 2853 5384 a
2884 5330 3067 5386 Persis
3122 5339 3174 5382 et
3207 5331 3453 5387 linitimis
3483 5333 3664 5400 genti-

2090 5402 2191 5456 bus
2226 5413 2443 5455 vocatas
2477 5402 2646 5456 fuisse
2682 5403 2995 5470 provincias
3046 5416 3351 5472 earumque
3394 5411 3659 5464 rectores,

2091 5478 2288 5524 notum
2318 5481 2401 5525 est
2429 5472 2686 5525 eruditis.

2160 5538 2392 5621 (t8).Ex
2448 5543 2553 5595 hoc
2596 5538 2830 5621 Nysseui
2878 5541 3008 5621 loco.
3040 5539 3309 5621 discimus
3351 5537 3659 5621 Longinum

2089 5607 2469 5680 centurionem
2496 5652 2511 5675 ,
2568 5607 2680 5680 qui,
2714 5611 2907 5673 lancea
2948 5610 3157 5664 Christi
3206 5611 3375 5680 latus
3401 5608 3452 5661 iu
3487 5607 3663 5661 Cruce

2091 5677 2350 5745 perfodit,
2396 5677 2628 5749 primum
2654 5679 2919 5735 Caesareze
2947 5680 3269 5749 episc0pum
3304 5677 3492 5749 fuisse.
3520 5682 3661 5749 bane

2090 5750 2147 5802 iu
2181 5746 2429 5804 Romano
2461 5751 2692 5821 aliisque
2723 5752 2948 5806 vetustis
2982 5746 3399 5820 'martyrologiis
3431 5746 3659 5816 Longini
