4092 6368
443 319 584 379 ,εδδ
1724 302 1784 359 s.
1822 294 2150 358 GREGORII
2184 292 2479 351 NYSSENI
3557 282 3712 342 1064

443 435 540 493 sed
564 432 885 506 peregrinus
908 430 1102 496 homo,
1124 426 1290 483 domo
1328 429 1382 479 et
1405 424 1556 478 victu
1584 418 2011 506 carensrditior
2039 456 2049 486 λ

2153 416 2204 469 πὶ
2235 413 2330 469 τοῦ
2380 412 2587 477 πάθους
2627 411 2730 485 τὴν
2786 409 3017 481 θεότητα
3052 406 3147 462 τοῦ
3179 407 3387 479 Κυρίου
3430 404 3713 480 ὁμολογῇ-

446 498 723 581 illis-erat
739 561 757 588 ,
789 519 886 591 qui
916 514 1104 574 omnia
1139 511 1517 586 possidebant,
1547 507 1677 578 quia
1710 505 1850 561 nihil
1886 518 2013 576 pos-

2153 523 2305 571 αντα,
2340 503 2551 560 πολλῶν
2592 503 2761 559 ὄντων
2790 502 2930 557 κατὰ
2968 501 3060 555 τὸν
3091 501 3283 573 χρόνον
3311 498 3519 552 ἐκεῖνον
3551 499 3708 571 λαμ-

445 613 698 681 sidendo,
729 589 899 667 Deum
934 615 1112 664 totum
1140 602 1401 661 obtinuit.
1427 601 1504 655 ita
1535 606 1593 655 et
1613 594 2020 665 Mesopotamiae

2153 594 2268 667 :pt'iw
2301 595 2360 648 έν
2385 593 2531 663 γένει
2563 593 2658 647 καὶ
2703 590 3048 663 ἱπποτρόφων
3095 590 3189 643 καὶ
3223 590 3333 652 τοῖς
3364 589 3422 641 ὲν
3454 589 3522 659 τῇ
3566 604 3713 655 συγ-

445 676 926 767 ἰιιοοίε,ἰειιιοιεί
968 698 1112 752 inter
1154 694 1305 763 ipsos
1351 688 1611 745 ditissimi
1655 684 2019 756 satrapiarutu

2153 686 2300 757 λήτῳ
2318 682 2607 755 πρωτείοις
2625 681 2739 753 (49)
2775 680 3204 753 σεμνυνομένων,
3227 679 3324 734 καὶ
3350 676 3493 732 κατὰ
3522 678 3716 730 πᾶσαν

448 802 693 850 rectores
733 796 943 855 essent,
994 784 1354 841 nihilominus
1393 781 1658 835 Thomam
1691 777 1909 833 cunctis
1933 774 2020 830 di-

2153 777 2175 830 ὲ
2211 774 2539 847 Ἐκκλησίαν
2570 773 2721 847 [ίδεῖν
2751 773 2890 846 ἔστι]
2929 773 3055 836 τοὺς
3076 772 3216 826 κατά
3244 771 3375 824 Θεὸν
3409 769 3713 842 μεγάλους,

448 885 698 957 gniorem
726 897 849 937 esse
869 885 1226 939 censuerunt,
1268 887 1431 945 quem
1472 871 1578 926 sibi
1606 869 1743 941 ipsis
1776 866 2020 939 praelice-

2153 869 2217 938 ῆς
2245 866 2516 938 κοσμικῆς
2547 867 2901 938 περιφανείας
2929 864 3383 935 προτιμηθέντας.

448 956 592 1039 rent.
625 976 705 1031 ita
732 984 788 1031 et
815 974 996 1030 Titum
1017 980 1324 1036 cretenses,
1351 976 1405 1023 et
1437 964 1828 1034 Hierosolyma;
1868 962 2018 1017 cives
2052 957 2317 1016 Jacobum
2384 962 2439 1016 in
2477 961 2797 1031 episcopum
2868 960 3183 1030 elegerunt,
3224 973 3436 1030 nosque
3498 956 3716 1028 Cappa-

449 1067 615 1125 doces
651 1064 1038 1123 (ienturionem
1076 1062 1269 1124 illum,
1311 1057 1402 1128 qui
1443 1056 1716 1127 passionis
1757 1062 2001 1122 tempore
2036 1053 2380 1109 divinitatem
2404 1051 2621 1108 Domini
2643 1051 2828 1108 fassus
2849 1059 2955 1115 est,
3006 1051 3111 1107 etsi
3166 1051 3322 1104 multi
3378 1059 3512 1105 tunc
3567 1059 3716 1105 tem—

452 1164 605 1234 poris
630 1159 775 1232 apud
801 1173 903 1215 nos
927 1161 1113 1211 essent
1140 1153 1385 1208 illustres
1401 1165 1601 1222 genere
1632 1157 1689 1205 et
1720 1148 2023 1203 nutritores
2054 1161 2356 1217 equorum,
2388 1147 2595 1218 quique
2663 1145 2870 1216 primas
2913 1144 2971 1198 in
3011 1152 3209 1198 senatu
3248 1150 3432 1213 partes
3491 1143 3717 1200 obtine-

452 1263 597 1311 rent.
620 1251 764 1320 Quiu
790 1258 846 1305 et
868 1264 964 1321 per
985 1246 1297 1301 universam
1315 1243 1618 1297 Ecclesiam
1651 1243 1900 1312 (eernere
1919 1240 2025 1311 est)
2066 1240 2236 1304 viros,
2264 1241 2359 1311 qui
2401 1238 2705 1295 secundum
2742 1236 2911 1292 Deum
2943 1237 3133 1307 magni
3160 1245 3315 1301 sunt,
3367 1236 3492 1293 aliis
3544 1247 3717 1291 mun"

343 1388 351 1396 -
454 1351 598 1405 dana
626 1345 914 1403 nobilitate
943 1340 1265 1411 conspicuis
1291 1338 1570 1410 praelatos.

523 1463 903 1534 Opportunum
934 1465 1114 1511 autem
1157 1455 1401 1509 arbitror
1425 1494 1441 1519 ,
1474 1462 1534 1506 ttt
1575 1452 1630 1505 in
1666 1449 1924 1520 praesenti
1957 1448 2024 1502 ad

456 1557 573 1611 hac
601 1565 823 1625 quoque
849 1548 1185 1620 respiciatis,
1215 1547 1259 1600 si
1283 1545 1350 1600 de
1399 1544 1625 1612 antiqua
1658 1541 1917 1596 Ecclesiae
1940 1556 2026 1595 ve-

457 1653 587 1702 stra
635 1641 899 1713 dignitate
940 1635 1250 1707 reparanda
1299 1634 1522 1690 solliciti
1565 1633 1720 1688 estis.
1755 1630 1840 1685 Nil
1874 1631 2021 1685 enim

455 1734 614 1791 vobis
641 1741 832 1788 notum
874 1731 1051 1800 magis
1077 1735 1158 1783 est
1204 1742 1371 1796 quam
1412 1734 1609 1780 vestra:
1638 1725 1817 1795 gentis
1844 1723 2024 1777 histo-

455 1829 587 1890 riae,
620 1839 689 1878 ex
713 1822 916 1892 quibus
947 1820 1092 1890 apud
1136 1834 1234 1873 vos
1262 1820 1332 1871 ab
1372 1816 1620 1885 antiquis
1644 1815 2023 1884 temporibus,

458 1918 785 1988 priusquam
842 1913 1024 1966 vicina
1075 1910 1233 1964 vobis
1277 1908 1473 1963 civitas
1509 1907 1896 1971 eﬂoresceret,
1937 1920 2028 1960 re-

2205 1448 2346 1517 Πρδς
2374 1446 2547 1500 ταῦτα
2602 1445 2821 1517 βλέπειν
2870 1444 2963 1498 ἐπὶ
3001 1443 3095 1497 τοῦ
3137 1445 3403 1515 παρόντος
3426 1443 3578 1521 οἶμαι
3598 1448 3718 1506 δεῖν

2134 1540 2226 1593 καὶ
2259 1539 2422 1608 ὑμᾶς,
2445 1538 2497 1591 ετ
2534 1554 2598 1605 γε
2644 1535 2884 1608 μέλλοιτε
2918 1536 3081 1590 πάλιν
3110 1537 3172 1591 τὸ
3198 1539 3422 1609 ἀρχαῖον
3452 1540 3551 1611 τῆς
3588 1541 3721 1596 Ἐκ..

2134 1631 2363 1700 κλησίας
2418 1629 2572 1700 ὑμῶν
2640 1628 3023 1683 ἀνακαλεῖσθαι
3075 1629 3311 1700 ἀξίωμα.
3362 1632 3550 1686 Οἴδατε
3601 1635 3718 1707 γὰρ

2131 1723 2333 1787 παντὸς
2356 1721 2554 1794 μᾶλλον
2574 1720 2642 1773 τὰ
2669 1721 2911 1791 ὑμέτερα
2927 1722 3258 1792 διηγήματα,
3285 1723 3366 1776 ὅτι
3395 1724 3455 1789 ἐξ
3483 1726 3719 1795 ἀργαίου

2133 1817 2262 1887 πρὶν
2309 1814 2409 1886 τὴν
2454 1813 2671 1883 γείτονα
2704 1812 2815 1882 (50)
2862 1812 3018 1883 ὑμῶν
3049 1812 3338 1884 ὲξανθῆσαι
3377 1817 3547 1880 πόλιν,
3582 1824 3719 1889 παρ’

2136 1910 2265 1977 ὑμῖν
2284 1901 2352 1978 ἦν
2388 1905 2457 1959 τὰ
2489 1903 2731 1973 βασίλεια
2755 1904 2890 1974 (51),
2920 1905 3014 1958 καὶ
3050 1905 3111 1958 τὸ
3140 1906 3369 1976 προέχον
3406 1909 3465 1960 ἐν
3497 1910 3721 1963 πόλεσιν

458 1983 602 2082 giatn
623 1983 807 2061 sedem
828 2001 1125 2063 exstitisse,
1152 2000 1466 2068 ttnllamque
1484 1998 1647 2051 aliam
1669 2003 2031 2066 praeterquam

2153 1997 2277 2069 'mép
2303 1996 2400 2068 τὴν
2420 1995 2689 2066 ὑμετέραν
2712 1995 2814 2048 οὐκ
2844 1990 2944 2065 ἦν’
2971 1997 3065 2049 καί⁸
3096 1994 3192 2050 νῦν
3216 1997 3328 2067 (5i)
3360 1999 3390 2050 ὁ
3421 2000 3531 2052 τῶν
3567 2003 3722 2054 οἰκο-

461 2098 654 2153 urbem
683 2101 925 2150 vestram
966 2090 1336 2162 principatum
1383 2089 1553 2143 totius
1594 2087 1890 2157 provincia:
1933 2085 2034 2139 ob-

460 2188 697 2244 tinuisse
729 2191 971 2241 constat.
1002 2181 1068 2236 Et
1101 2195 1249 2236 nunc
1278 2180 1497 2253 quidem
1528 2177 1890 2233 aediﬁciorum
1916 2176 2034 2246 pul-

463 2276 718 2332 cltritudo
754 2283 919 2343 atque
941 2271 1348 2341 magniﬁcentia
1374 2270 1536 2341 periit
1557 2288 1573 2337 ;
1591 2269 1684 2324 sed
1707 2268 1860 2322 urbis
1884 2281 2031 2336 pars,

464 2385 588 2440 qua:
605 2384 669 2423 ex
691 2367 905 2422 civibus
921 2373 1161 2428 constat,
1187 2364 1398 2433 utique,
1436 2362 1584 2432 quod
1616 2360 1681 2414 ad
1714 2360 2033 2414 cortttndcm

467 2468 581 2514 tum
608 2456 1016 2512 multitudinem
1044 2464 1156 2509 tum
1201 2454 1572 2524 praestantiam
1596 2453 1815 2513 attinet,
1845 2449 2035 2520 pristi-

467 2565 598 2604 num
621 2549 800 2603 adhuc
818 2546 1165 2618 splendorem
1188 2545 1407 2599 retinet.
1434 2542 1779 2614 Quapropter
1803 2543 2040 2596 maxime

468 2641 624 2696 decet
649 2640 724 2694 nil
754 2637 1017 2693 humilius
1048 2636 1160 2690 illis
1181 2651 1303 2705 qute
1341 2636 1500 2690 vobis
1525 2643 1846 2705 suppetunt,
1875 2634 2039 2688 bonis

471 2734 677 2806 (animo
728 2729 1084 2799 concipere),
1122 2727 1217 2782 sed
1259 2742 1386 2806 par‘
1408 2733 1570 2795 atque
1623 2725 1846 2794 dignum
1889 2724 2040 2777 urbis

470 2794 666 2881 vestrae
694 2794 980 2878 nobilitate
1013 2794 1067 2873 in
1102 2794 1613 2889 praesentiMegotio
1655 2817 1897 2872 studium
1940 2816 2041 2870 ad-

472 2914 708 2978 hibere,
744 2923 805 2967 ut
832 2912 992 2967 talem
1027 2910 1173 2966 inter
1232 2909 1381 2964 cives
1429 2917 1646 2965 vestros
1686 2908 2035 2976 praepositum

2136 2088 2471 2158 δομημάτων
2523 2086 2636 2155 (53)
2683 2084 3071 2156 καλλωπισμὸς
3113 2086 3405 2156 ἠφανίσθη,
3437 2087 3554 2143 ἀλλ’
3592 2091 3625 2160 ἡ
3658 2091 3723 2144 ὲν

2138 2183 2251 2243 τοῖς
2278 2178 2586 2250 ἀνθρώποις
2628 2178 2802 2241 πόλις,
2834 2179 2892 2230 ἐν
2925 2176 3195 2247 πλήθειτε
3228 2179 3321 2231 καὶ
3340 2178 3724 2250 δοκιμοτὰτοις

2144 2271 2271 2344 [τῶν
2327 2268 2596 2342 πολιτῶν]
2652 2270 2786 2340 πρὸς
2816 2269 2877 2322 τὸ
2919 2270 3145 2340 ἀρχαῖον
3191 2269 3461 2335 ἐξισοῦται
3504 2271 3724 2335 κάλλος.

2148 2344 2358 2415 Οὐκοῦν
2402 2360 2614 2431 πρέπον
2658 2360 2726 2414 ἂν
2754 2360 2861 2430 εἴη,
2895 2359 2968 2430 μὴ
3002 2359 3381 2431 ταπεινότερον
3414 2360 3522 2413 τῶν
3555 2378 3727 2431 προσ-

2141 2454 2309 2506 όντων
2333 2454 2461 2521 ὐμῖν
2487 2449 2709 2519 ἀγαθῶν
2735 2448 2974 2520 [φρονεῖν
3008 2447 3166 2519 (54)],
3195 2448 3331 2503 ἀλλά
3375 2452 3727 2521 συνεπαίρειν

2141 2544 2208 2615 τῇ
2245 2541 2572 2613 περιφανείᾳ
2599 2540 2697 2611 τῆς
2727 2541 2955 2602 πόλεως.
2995 2540 3093 2610 τὴν
3135 2542 3263 2611 περὶ
3286 2540 3396 2594 τῶν
3431 2541 3729 2613 προκειμέο

2142 2651 2249 2686 νων
2304 2632 2559 2703 σπουδὴν,
2612 2631 2689 2694 ὡς
2716 2630 2783 2685 ἂν
2811 2631 3049 2684 τοιοῦτον
3087 2629 3283 2701 εὕρητε
3324 2633 3418 2685 ἐπὶ
3458 2632 3552 2686 τοῦ
3592 2633 3727 2687 λαοῦ

2144 2724 2577 2796 καθηγούμενον,
2641 2723 2718 2787 ὡς
2781 2722 2856 2794 μὴ
2906 2722 3122 2787 ἀνάξιον
3171 2723 3299 2793 ὑμῖν
3332 2722 3727 2795 ἐπιδειχθῆναι.

2147 2816 2378 2888 Αίσχρὸν
2445 2814 2554 2886 γὰρ
2609 2814 2826 2884 ἀδελφοὶ
2849 2853 2863 2877 ,
2917 2814 3010 2867 καὶ
3064 2814 3411 2868 παντάπασιν
3459 2814 3729 2888 [ἄτοπον,

2147 2909 2240 2963 τὸν
2262 2906 2401 2980 (55)]
2430 2908 2528 2979 μὲν
2553 2907 2890 2978 κυϐερνήτην
2921 2906 2996 2977 μὴ
3029 2905 3291 2974 γίνεσθαι,
3333 2908 3382 2960 εί
3406 2908 3480 2978 μὴ
3507 2908 3603 2978 τῆς
3632 2924 3734 2962 κυ-

473 3004 691 3062 tandem
725 3002 972 3059 invenire
1015 3001 1280 3073 possitis,
1334 3000 1431 3071 qui
1490 3016 1550 3056 se
1604 3018 1713 3054 non
1760 2998 2041 3069 indignum

2153 3001 2474 3071 δερνητικῆς
2502 2999 2817 3069 ἐπιστήμων
2860 2996 2986 3068 εἱή⁹
3029 2997 3120 3052 τὸν
3161 2997 3219 3050 δὲ
3251 2998 3344 3051 ἐπὶ
3374 2999 3482 3052 τῶν
3528 3000 3734 3054 οίάκων

473 3103 654 3153 vestra
683 3094 977 3149 nobilitate
1016 3093 1274 3163 praebeat.
1318 3092 1600 3162 Siquidem
1634 3098 1794 3161 turpe
1830 3097 1917 3144 est
1983 3102 2048 3142 ac

2154 3093 2254 3162 τῆς
2292 3089 2612 3160 Ἐκκλησίας
2644 3088 2974 3160 καθήμενον,
3000 3087 3214 3158 ἀγνοεῖν
3235 3089 3383 3153 ὅπως
3412 3090 3479 3144 ἂν
3497 3091 3594 3154 τὰς
3620 3091 3736 3144 τῶν

473 3201 702 3259 prorsus
748 3183 1091 3257 (absurdum)
1136 3183 1292 3239 navis
1343 3183 1565 3252 quidem
1611 3190 1880 3237 rectorem
1923 3196 2048 3236 eum

2158 3182 2540 3254 συμπλεόντων
2573 3180 2751 3253 ψυχὰς
2775 3182 2854 3245 είς
2903 3181 2993 3235 τὸν
3020 3181 3215 3253 λιμένα
3241 3180 3336 3235 τοῦ
3366 3181 3501 3235 Θεοῦ
3530 3181 3736 3252 καθορ-

476 3278 594 3334 ﬂeri
618 3318 632 3342 ,
669 3277 762 3348 qui
801 3276 922 3346 ejus
966 3274 1333 3346 gubernanda:
1371 3290 1576 3344 gnarus
1629 3289 1738 3328 non
1786 3274 1890 3339 sit;
1926 3288 2048 3326 eum

2158 3274 2356 3345 μίσειε.
2378 3274 2529 3328 Πόσα
2561 3271 2692 3346 [γὰρ
2721 3272 2932 3346 γέγονε]
2960 3273 3029 3327 δι’
3050 3272 3303 3347 ἀπειρίας
3324 3272 3433 3327 τῶν
3464 3273 3741 3344 καθηγου-

473 3383 625 3433 vero,
651 3368 744 3439 qui
781 3366 848 3420 ad
880 3366 1135 3422 Ecclesia:
1159 3366 1372 3420 clavum
1401 3366 1578 3427 sedet,
1596 3375 1770 3420 artem
1800 3366 2049 3433 ignorare

2160 3365 2337 3437 μένων
2386 3363 2658 3436 αὔτανδρα
2695 3364 2804 3418 τῶν
2838 3364 3172 3435 Ἐκκλησιῶν
3198 3364 3296 3437 ἢδη
3342 3365 3604 3432 ναυάγιαί
3639 3364 3741 3427 Τίς

477 3471 585 3528 qua
610 3471 797 3512 secum
829 3456 1206 3527 navigantium
1234 3455 1446 3511 animas
1477 3457 1533 3510 in
1554 3455 1646 3511 Dei
1675 3466 1832 3525 portu
1869 3455 2049 3510 salvas

2159 3453 2224 3509 ἄν
2273 3454 2704 3527 ὲξαριθμήσηται
2757 3455 2828 3510 τά
2873 3458 2931 3510 ὲν
2969 3455 3341 3529 όιφθαλμοῖςῖ,
3377 3456 3450 3527 μὴ
3503 3457 3569 3510 ἂν
3598 3474 3743 3526 συμο

477 3547 737 3603 collocet.
768 3545 913 3613 Quot
974 3545 1165 3618 (enim)
1210 3552 1436 3616 propter
1498 3555 1774 3601 rectorum
1830 3545 2052 3615 impeti-

478 3639 611 3694 tiam
674 3636 961 3708 naul’ragia
1027 3637 1139 3706 jam
1216 3636 1504 3708 (fecerunt)
1560 3635 1860 3693 Ecclesiae?
1918 3636 2056 3703 Quis

476 3742 803 3784 enumerare
851 3728 1052 3796 poterit
1103 3742 1226 3798 quae
1266 3726 1498 3796 (nostris
1544 3727 1724 3783 oculis
1757 3728 2057 3783 observan-

480 3818 589 3887 tur)
615 3817 785 3882 mala,
817 3832 1094 3886 nunquam
1141 3818 1388 3889 profecto
1410 3826 1672 3874 eventura
1692 3858 1707 3883 ,
1735 3820 1781 3874 si
1843 3819 2034 3875 Eccle-

482 3910 579 3967 sia:
607 3911 819 3980 peritos
847 3910 1060 3981 aliquos
1088 3910 1486 3982 gubernatores
1512 3911 1841 3967 habuissent
1866 3912 2054 3979 ?Qnin

481 4011 538 4058 et
563 4000 774 4057 fabrilis
804 4002 946 4058 artis
987 4017 1097 4058 non
1130 4002 1362 4058 rudibus
1384 4044 1399 4069 ,
1446 4003 1544 4059 sed
1576 4004 1767 4073 gnaris
1795 4043 1811 4070 ,
1850 4004 2056 4061 ferrum

485 4091 554 4147 ad
579 4090 901 4146 fabricanda
959 4106 1088 4147 vasa
1144 4091 1455 4160 tradimus;
1505 4091 1671 4165 igitur
1717 4099 1773 4146 et
1821 4092 2058 4148 ﬁdelium

484 4183 681 4237 animae
762 4183 833 4237 iis
907 4182 1316 4238 committenda;
1364 4191 1529 4250 sunt,
1597 4184 1690 4253 qui
1733 4200 1829 4239 eas
1892 4185 2062 4254 probe

488 4275 704 4340 sciant,
787 4272 959 4328 divini
1002 4272 1246 4344 Spiritus
1288 4272 1507 4330 fervore
1563 4277 1776 4330 sublata
1826 4276 2060 4342 duritie,

488 4530 658 4601 hujus
703 4530 846 4601 apud
877 4530 1185 4601 Caesaream
1228 4531 1586 4600 Cappadociae
1628 4534 1810 4600 passi,
1856 4535 2059 4587 mentio

492 4600 728 4656 habetur
757 4600 937 4670 idibus
961 4600 1175 4666 Martii;
1199 4602 1295 4657 sed
1321 4605 1499 4670 ipsum
1519 4602 1877 4657 Cmsariensis
1904 4605 2059 4659 urbis

489 4671 806 4742 episcopum
838 4668 1061 4742 fuisse,_
1077 4686 1180 4724 nec
1202 4668 1603 4742 martyrologia
1644 4685 1745 4742 nec
1765 4680 1888 4726 acta
1913 4673 2062 4742 ejus-

488 4737 614 4795 dem
641 4737 898 4809 Lengini,
929 4740 997 4793 ab
1017 4739 1288 4810 Hesychia
1304 4737 1455 4810 circa
1471 4737 1683 4795 Christi
1706 4755 1910 4796 annum
1932 4737 2061 4806 1'29,

493 4818 554 4864 ut
593 4816 818 4877 putant,
860 4809 1175 4879 conscripta
1246 4817 1301 4865 et
1355 4825 1385 4863 a
1428 4809 1695 4866 Bollando
1735 4810 1881 4866 edita
1908 4849 1925 4878 ,
1987 4821 2067 4868 te-

493 4890 734 4935 θιιιιιιυτ.

566 4949 677 5019 (69)
716 4947 1049 5019 Πρωτείοις.
1082 4946 1208 5019 )Is.
1260 4946 1398 5003 Med.
1441 4947 1696 5019 πρώτοις.
1744 4948 1889 5013 Mox,
1924 4949 2067 5004 κατά

494 5016 674 5081 πάσας
711 5017 1005 5089 ἐκκλησίας
1047 5016 1198 5089 εὖροι
1233 5035 1317 5089 τις
1345 5019 1431 5073 ἄν.
1457 5016 1526 5058 -ἒ-
1548 5020 1637 5089 Ιιιι
1668 5020 2064 5089 emendandum

490 5089 686 5158 censui
718 5085 1043 5158 Yaticanum
1087 5085 1241 5153 cod.,
1273 5087 1330 5142 itt
1363 5102 1474 5156 quo
1500 5088 1777 5158 scribitur
1809 5089 2063 5158 πρώτοις.

567 5157 679 5228 (50)
715 5156 949 5228 Nicaeam
966 5156 1238 5228 Bithyniae
1265 5158 1456 5212 urbem
1493 5157 1770 5228 intelligit,
1792 5156 1913 5228 quae
1937 5168 2067 5214 tunc

497 5227 760 5296 temporis
810 5227 877 5280 ad
932 5227 1298 5297 Metropoleos
1351 5227 1691 5297 dignitatem
1720 5227 1833 5297 jam
1878 5241 2068 5284 eVecta

499 5295 705 5380 fuetjat,
744 5298 907 5380 c‘ujus
950 5295 1435 5380 contentiones‘de
1466 5295 1874 5380 primatulcum
1904 5299 2066 5355 Nico-

500 5365 874 5423 mediensibus
904 5367 1205 5421 notissimae
1231 5372 1360 5420 sunt
1384 5365 1520 5423 viris
1557 5366 1799 5425 eruditis.

570 5433 684 5504 (5i)
726 5434 949 5508 Antiqui
978 5437 1123 5489 enim
1151 5435 1603 5508 Bithyniaereges
1639 5437 1782 5508 apud
1814 5436 2070 5496 Nicome-

499 5503 1148 5580 dianlsedemiixerant;
1179 5503 1313 5574 quin
1342 5516 1398 5580 et
1426 5503 1807 5580 Diocletianus
1829 5509 2068 5580 impera-

500 5571 951 5646 tor‘l'flicotnedia:
991 5571 1393 5646 sedettt_'p05ttit
1411 5616 1425 5639 ,
1456 5591 1687 5646 eamque
1712 5571 2070 5634 aediﬁciorum

501 5642 855 5719 multitudine
907 5657 972 5697 ac
1015 5642 1414 5719 magnificentia
1478 5642 1614 5702 urhi'
1655 5647 1842 5702 [latine
1888 5665 2070 5719 parem

500 5712 730 5771 reddere
754 5719 988 5770 conatus
1008 5712 1127 5771 est.’
1150 5712 1285 5771 Vide
1315 5713 1660 5773 Lactantiqu
1697 5719 1763 5775 de
1807 5712 2073 5776 Mortibus

2160 3548 2348 3611 ϐάντα,
2384 3548 2439 3600 εῐ
2454 3563 2539 3609 τις
2561 3541 2631 3617 ἦν
2660 3563 2762 3599 που
2786 3549 2844 3600 ὲν
2865 3550 2976 3611 τοῖς
3014 3548 3439 3617 καθηγουμένοις
3472 3546 3743 3616 κυϐερνη-

2154 3636 2282 3709 τικὴ
2307 3637 2601 3709 ὲμπειρία;
2636 3636 2774 3692 ἀλλά
2822 3637 2917 3691 καὶ
2964 3638 3058 3691 τὸν
3095 3638 3309 3708 σίδηρον
3341 3636 3423 3710 [οὐ
3448 3637 3583 3709 τοῖς]
3610 3637 3743 3691 ἀτέο

2157 3750 2323 3802 χνοις,
2379 3734 2492 3795 τοῖς
2536 3732 2593 3786 δὲ
2625 3732 2951 3802 ἐπιστήμοσι
2978 3731 3080 3800 τῆς
3109 3730 3471 3802 χαλκεπικῆς
3511 3735 3592 3795 είς
3635 3730 3742 3800 τὴν

2157 3821 2267 3875 τῶν
2328 3820 2539 3875 σκευῶν
2597 3820 2937 3892 ἀπεργασίαν
2987 3819 3477 3890 καταπιστεύομεν.
3529 3818 3741 3874 Οὐκοῦν

2156 3912 2374 3976 καὶτὰς
2422 3910 2600 3982 ψυχὰς
2652 3911 2731 3982 τῷ
2757 3910 2935 3975 καλῶς
2978 3910 3323 3982 ἐπισταμένῳ
3361 3912 3427 3983 τῇ
3456 3911 3547 3964 τοῦ
3583 3911 3741 3979 ἁγίου

2157 4003 2472 4074 Πνεύματος
2527 4001 2673 4067 ζέσει
2728 4001 3189 4072 καταμαλάσσειν,
3243 4003 3628 4073 ἐγχειριστέον,
3674 4002 3742 4064 ὃς

2156 4094 2245 4149 διὰ
2269 4094 2371 4164 τῆς
2392 4092 2499 4146 τῶν
2524 4091 2759 4161 λογικῶν
2778 4093 3024 4163 ὁργάνων
3045 4092 3358 4157 τυπώσεως,
3384 4093 3574 4158 σκεῦος
3587 4094 3742 4148 ἐκλο-

2159 4186 2262 4254 γῆς
2284 4202 2343 4237 τε
2368 4186 2462 4238 καὶ
2505 4183 2803 4255 εὔχρηστον
2843 4184 2955 4254 (56)
2995 4184 3225 4239 ἕκαστον
3276 4185 3432 4256 ὑμῶν
3489 4186 3738 4240 ἐπιτελέ-

2165 4294 2294 4331 σειε.
2323 4275 2559 4330 Τοιαῦτα
2597 4274 2865 4330 ποιεῖσθαι
2916 4276 3016 4346 τὴν
3061 4276 3315 4347 πρόνοιαν
3339 4277 3526 4343 ὁθεῖος
3573 4280 3739 4334 Ἀπό-

2170 4550 2584 4612 perstet-ulmum
2623 4560 2744 4612 cap.
2784 4546 2834 4599 7.

2238 4610 2492 4692 (52)](αζ
2512 4612 2646 4692 νῦις,
2673 4610 2812 4670 Med.
2832 4615 2926 4669 νῦν
2949 4617 2998 4669 εί
3023 4617 3135 4672 καί.
3159 4618 3330 4675 Paulo
3358 4629 3500 4691 post,
3522 4620 3743 4692 δοκιμό-

2163 4697 2288 4754 τητι
2296 4679 2431 4754 -τῶν
2439 4682 2762 4754 οἰκητόρων.

2237 4749 2354 4832 ς55)
2389 4749 2712 4832 Nicomedia
2756 4755 3047 4832 _siquide_n_r_
3079 4764 3238 4813 terra:
3281 4767 3431 4813 motu
3487 4759 3741 4815 funditus

2168 4820 2436 4900 subversa
2482 4821 2618 4900 fuit,
2663 4820 2863 4900 vicinis
2909 4825 3134 4883 urbibus
3176 4844 3241 4882 ex
3290 4839 3442 4897 parte
3482 4832 3740 4892 servatis,

2171 4889 2402 4944 Datiano
2457 4898 2513 4943 et
2552 4891 2775 4948 Cereale
2842 4910 2989 4949 coss.
3041 4913 3186 4952 anno
3242 4889 3348 4955 368
3408 4916 3532 4955 arte
3585 4889 3743 4955 Chri;

2173 4959 2403 5032 stiante1
2432 4968 2490 5032 ut
2514 4962 2693 5032 refert
2725 4964 3047 5020 Ammianus
3090 4966 3439 5027 Marcellinus
3477 4970 3575 5024 lib.
3603 4985 3742 5032 xvu,

2167 5043 2290 5109 cap.
2341 5029 2434 5093 l5.
2475 5028 2680 5109 Matius
2715 5033 2767 5086 itt
2799 5032 3002 5109 Erratis,
3036 5035 3292 5109 Socrates
3316 5041 3390 5109 fin
3440 5040 3586 5095 Hist.
3610 5028 3741 5109 ccci.

2320 5113 2360 5180 tt
2380 5139 2395 5163 ,
2420 5114 2540 5180 cap.
2665 5144 2678 5166 ,
2707 5111 2775 5180 et
2802 5098 3164 5180 Hieronymus
3196 5108 3251 5162 in
3295 5108 3578 5165 Chronico.
3608 5108 3748 5164 Vide

2168 5166 2457 5252 Eihanium
2558 5168 2814 5252 Monon
2833 5175 2900 5227 de
2921 5166 3343 5252 ejusdemptjbis
3361 5182 3743 5252 subversione.

2169 5238 2274 5320 {Sed
2316 5247 2370 5292 et
2422 5240 2690 5320 reliquam
2752 5238 3125 5320 Nicomediam
3167 5246 3389 5320 Juliano
3444 5251 3749 5320 imperante

2170 5315 2330 5382 terrae
2354 5315 2502 5382 motu
2532 5311 2828 5382 collapsam
2858 5312 3031 5370 fuisse
3060 5318 3203 5372 idem
3245 5311 3570 5376 Ammianus
3601 5317 3750 5373 Mar-

2166 5376 2518 5452 cellinuslib.
2559 5376 2815 5452 sxa—cap.
2850 5383 2939 5446 51,
2968 5394 3221 5441 testatur.
3286 5438 3291 5444 .

2199 5440 2944 5532 ,(54)Φροτςεῖν.;1ς1“.’έχειν
2993 5455 3054 5508 τὸ
3112 5440 3385 5529 φρόνημα.
3442 5457 3565 5514 Mox
3618 5474 3751 5515 vero

2167 5518 2368 5588 εῦρῃτε
2400 5518 2548 5588 παρὰ
2580 5520 2671 5573 τοῦ
2702 5518 2859 5579 Θεοῦζ

2242 5585 2352 5656 (55)
2388 5585 2518 5644 Τόν.
2564 5589 2639 5643 ω.
2680 5593 2862 5645 τὸν-
2890 5593 3042 5656 νεώς.

2242 5656 2753 5727 (56)Εῦχρηστον.
2797 5661 2939 5716 Med.
2975 5664 3327 5739 εὐχρηστίας.
3386 5666 3508 5724 Mox
3562 5667 3748 5723 τοιαὺ-

2172 5740 2272 5798 την
2302 5745 2361 5779 π.
