4092 6368
516 356 650 419 tos:
1744 348 1804 403 S.
1829 344 2158 404 GREGORll
2184 344 2483 403 NYSSENI
3653 349 3791 406 mes

518 490 678 546 aquae
712 474 883 538 l'onte,
920 474 978 528 iu
1011 487 1362 529 communem
1390 469 1650 525 Ecclesia:
1672 469 1964 525 catholicas
1983 469 2093 524 uti-

2218 476 2636 543 τροτιμήσαντες
2655 469 2765 523 τῶν
2799 470 2944 524 ίδίων
2977 471 3323 542 θελημάτων,
3352 471 3412 524 τὸ
3456 469 3672 540 θέλημα
3696 471 3792 522 τοῦ

515 569 722 622 litatum
756 567 938 623 cedat.
975 565 1167 637 (Faxit
1204 573 1388 619 autem
1408 562 1450 633 ),
1504 561 1887 632 concedatque
1924 560 2091 625 Deus,

2218 563 2409 634 Κυρίου
2434 561 2595 635 ἡμῶν
2631 559 2751 633 [καὶ
2786 560 2847 614 τὸ
2873 560 3029 633 αὐτῷ
3051 562 3325 634 δοκίμων]
3356 561 3448 616 καὶ
3476 561 3789 632 εὐάρεστον,

515 668 576 713 ιιι
602 675 771 729 quam
802 661 918 713 cito
940 658 1085 713 inter
1114 672 1216 712 vos
1251 655 1377 710 talis
1409 654 1495 708 vir
1524 655 1862 719 inveniatur,
1893 654 1989 723 qui
2023 654 2094 708 sit

2218 655 2297 708 ιαὶ
2331 653 2558 720 τέλειον,
2607 654 2695 707 ἵνα
2741 653 3177 725 κατορθούμενον
3203 657 3261 709 ἐν
3293 655 3425 725 ὑμῖν
3447 652 3693 707 τοιοῦτον
3728 647 3791 724 ᾖ.

516 768 613 806 vas
639 751 953 815 electionis,
986 757 1042 805 et
1075 748 1336 804 columna
1363 744 1719 820 (Ecclesiae).
1754 744 2096 800 Conlidimus

2218 739 2368 815 ᾧκαὶ
2401 745 2562 816 ἡμεῖς
2585 743 2872 816 [χαίρομεν
2910 744 3157 816 (65).κα“ι
3185 743 3367 816 ὑμεῖς]
3400 744 3790 815 ἐντρυφήσετε,

516 856 700 898 autem
720 844 774 897 in
807 842 1064 906 Omnino,
1094 840 1303 898 forent
1326 839 1444 894 haec
1477 838 1759 905 accidant,
1783 838 1829 892 si
1852 837 2093 908 (gratia),

2218 837 2298 891 καὶ
2325 837 2354 888 ὁ
2373 835 2505 900 Θεὸς
2532 836 2643 889 τῶν
2662 836 2801 890 ὅλων
2818 835 3292 908 ἐνδοξασθήσεται,
3322 830 3367 904 ᾧ
3381 836 3584 907 πρέπει
3609 836 3644 906 ἡ
3664 830 3790 896 δόξα

516 948 639 1003 quae
664 948 854 1003 pacem
890 932 1357 1001 concordiamque
1387 929 1643 986 ﬁdelibus
1673 929 1953 991 conciliat,
1996 929 2098 983 ad-

2218 929 2286 991 ιίς
2304 928 2431 992 τοὺς
2456 926 2681 992 αἰῶνας.

514 1025 731 1097 juti,ad
756 1025 810 1080 id
839 1024 987 1095 quod
1012 1024 1217 1080 bonum
1245 1030 1571 1092 rectumque
1597 1029 1704 1085 est,
1736 1019 2088 1076 concorditer
2127 1018 2372 1074 animum
2392 1017 2681 1075 intendere
2701 1019 2902 1086 velitis,
2966 1028 3166 1075 vestrae
3224 1018 3519 1083 voluntati,
3571 1017 3788 1071 Domini

517 1118 700 1175 nostri
750 1117 1092 1174 voluntatem
1134 1118 1222 1187 (et
1281 1114 1425 1185 quod
1465 1114 1574 1184 ipsi
1642 1111 1967 1183 probatur),
2016 1118 2074 1167 et
2130 1111 2332 1182 placet,
2381 1111 2639 1183 quodque
2691 1113 2996 1182 perlectum
3043 1122 3150 1178 cst,
3185 1112 3573 1183 praeferentes;
3602 1111 3679 1165 ita
3729 1117 3789 1162 ut

517 1222 670 1271 recte
700 1215 845 1269 facta
892 1220 1077 1270 vestra
1108 1213 1237 1267 talia
1281 1212 1415 1279 sint,
1451 1210 1654 1283 quibus
1699 1218 1755 1266 et
1796 1224 1898 1264 nos
1950 1209 2335 1281 (gaudeamus
2370 1218 2425 1265 et
2490 1210 2628 1280 vos)
2691 1209 3008 1274 exsultctis,
3040 1218 3093 1263 et
3160 1210 3541 1265 universorqu
3608 1207 3790 1261 Domi-

519 1323 625 1365 nus
661 1308 1021 1380 glorilicetur,
1050 1321 1214 1379 quem
1245 1306 1402 1361 decet
1433 1306 1609 1375 gloria
1640 1306 1696 1358 in
1736 1304 1958 1360 saecula.

1026 1633 1364 1689 EPISTULA
1406 1633 1590 1688 XVIII.
1614 1656 1617 1659 ν

2672 1631 3016 1684 ΕΠΙΣΤΟΛΗ
3056 1631 3140 1687 IH'
3180 1628 3313 1702 (66).

526 1789 601 1845 De
635 1791 733 1844 hac
769 1790 996 1859 epistola
1034 1789 1131 1843 hoc
1170 1807 1333 1844 ιιηιιηι
1374 1798 1581 1844 tantum
1623 1776 1879 1859 conjicere
1915 1804 2156 1859 possum,
2197 1790 2451 1857 scriptam
2492 1803 2677 1855 nempe
2711 1787 2877 1859 fuisse
2901 1828 2916 1849 ,
2969 1804 3072 1857 quo
3122 1796 3351 1859 tempore
3409 1777 3788 1859 Nyssemtsnb

595 1857 837 1915 Ecclesia
873 1859 1152 1915 exsulabat
1186 1877 1204 1925 ;
1243 1877 1367 1914 nam
1408 1877 1470 1915 ea
1509 1863 1572 1914 de
1609 1876 1662 1914 re
1700 1857 2062 1930 conqueritur,
2102 1859 2363 1929 simulque
2404 1860 2655 1913 miserum
2699 1858 3059 1911 Ecclesiarum
3096 1858 3240 1910 Asia:
3280 1866 3478 1911 statum
3516 1857 3787 1911 describit.

596 2018 768 2084 Quam
802 2017 1032 2089 pulchra
1059 2032 1243 2072 rerqu
1277 2016 1631 2087 pulchrarum
1663 2015 1968 2070 similitudo
1996 2022 2104 2076 est,
2139 2023 2180 2077 Β

526 2123 651 2160 cum
701 2121 1022 2176 expressam
1078 2105 1420 2176 primigeniae
1467 2105 1774 2161 venustatis
1811 2105 2107 2175 imaginem

526 2198 840 2268 (servant)!
863 2195 998 2253 Nam
1028 2199 1227 2252 animae
1257 2206 1363 2251 ture
1395 2212 1585 2252 revera
1619 2197 1858 2268 pulchra:
1883 2211 2109 2266 expres-

526 2289 809 2344 sissimam
843 2290 1139 2360 imaginem
1175 2289 1285 2344 vidi
1325 2290 1385 2344 in
1424 2289 1774 2344 suavissimis
1817 2288 1928 2342 tuis
1961 2288 2110 2343 litte-

525 2382 607 2437 ris
626 2422 645 2447 ,
674 2384 853 2452 (quas
887 2383 983 2452 ut)
1012 2381 1215 2436 alicubi
1250 2379 1608 2450 Evangelium
1637 2382 1714 2434 ait
1746 2380 1811 2447 ",
1843 2395 1910 2435 ex
1934 2380 2110 2434 abun-

528 2473 720 2528 dantia
754 2472 941 2528 cordis
976 2472 1058 2527 tui
1098 2470 1338 2527 mellitas
1376 2470 1704 2538 reddidisti;
1748 2471 2108 2541 quamobrem

527 2575 582 2624 te
619 2567 801 2636 ipsum
836 2564 1080 2630 intueri,
1123 2563 1395 2634 (tuaque)
1431 2564 1850 2630 benevolentia,
1886 2577 1984 2633 per
2015 2578 2109 2618 co-

527 2659 774 2713 mitatem
827 2656 1016 2720 illam,
1056 2669 1179 2725 quae
1218 2655 1277 2709 in
1316 2654 1527 2711 eisdem
1569 2655 1774 2710 litteris
1814 2652 2106 2715 elucebat,

527 2749 692 2820 potiri
729 2747 1076 2810 arbitrabar,
1108 2759 1315 2816 easque
1346 2759 1730 2817 saepenumero
1764 2744 1853 2815 (in
1885 2743 2111 2811 manus)

529 2852 790 2902 sumens,
820 2835 1154 2905 assidueque
1202 2848 1581 2905 percurrens,
1632 2832 1845 2903 majore
1893 2848 2112 2904 semper

528 2943 716 2984 earum
774 2925 1057 2983 desiderio
1124 2923 1406 2996 (allectus
1463 2923 1678 2993 sum);
1735 2924 1997 2994 nullaque
2058 2924 2110 2977 id

530 3020 727 3091 agendi
790 3020 1021 3075 satietas
1075 3026 1232 3083 erat,
1285 3018 1491 3088 quippe
1545 3032 1706 3087 quae.
1749 3025 1809 3070 ut
1850 3018 1907 3079 in
1948 3017 2113 3072 rebus

531 3119 727 3182 suapte
771 3121 966 3167 natura
1023 3110 1272 3181 pulchris
1326 3118 1491 3180 atque
1549 3108 1787 3180 egregiis
1829 3125 1934 3166 usu
1990 3123 2115 3165 eve-

532 3205 650 3271 nit,
686 3204 1023 3274 voluptatem
1056 3216 1122 3255 ex
1165 3202 1274 3257 tuis
1313 3200 1517 3257 litteris
1554 3208 1732 3255 ortam
1776 3200 2110 3272 (excipere,

533 3308 598 3350 ac
652 3294 953 3350 terminare
999 3291 1326 3362 neutiquam
1369 3291 1606 3363 potest.)
1650 3291 1785 3346 Nam
1826 3307 1927 3348 nec
1977 3292 2112 3348 solis

532 3387 837 3442 continuus
903 3394 959 3441 et
1028 3385 1169 3441 liber
1223 3392 1483 3456 aspectus
1529 3383 1652 3453 ejus
1705 3383 1956 3439 intuendi
2015 3398 2112 3438 cu-

535 3478 821 3549 piditatem
872 3476 1105 3542 minuit,
1159 3490 1338 3545 neque
1393 3474 1729 3530 valetudinis
1765 3474 2113 3545 prosperitas

537 3568 626 3624 sui
677 3567 1016 3623 desiderium
1068 3565 1252 3632 tollit;
1311 3564 1392 3621 sic
1435 3564 1602 3621 etiam
1653 3564 1861 3620 nullam
1894 3565 2120 3621 satieta-

538 3667 650 3715 tem
683 3658 802 3713 dari
834 3671 998 3728 posse
1040 3654 1319 3712 credimus
1353 3654 1475 3725 ejus
1512 3656 1812 3725 voluptatis
1833 3696 1850 3722 ,
1890 3671 2013 3727 quas
2049 3672 2118 3714 ex

536 3749 810 3821 probitate
843 3755 936 3803 tua
976 3748 1218 3818 capitur,
1268 3747 1430 3818 cujus
1479 3748 1901 3813 excellentiam,
1955 3756 2121 3820 atque

538 3841 917 3914 praestantiam
953 3854 1097 3910 saepe
1127 3854 1350 3905 coram,
1390 3855 1540 3896 nunc
1576 3848 1757 3895 autem
1811 3841 1976 3896 etiam
2022 3857 2120 3911 per

539 3935 756 3988 litteras
783 3932 935 3987 clare
965 3933 1350 4003 cognovimus.
1395 3931 1502 3988 Sed
1534 3933 1999 4003 quemadmodum
2040 3932 2122 3987 af-

542 4025 632 4080 ﬁci
665 4025 883 4088 solent,
917 4026 1014 4095 qui
1051 4025 1330 4096 ingentem
1365 4041 1435 4080 cx
1473 4026 1658 4095 aliqua
1699 4041 1759 4080 re
1796 4025 1943 4081 sitim
1977 4041 2119 4089 con-

542 4118 773 4172 trahunt
799 4136 817 4185 ;
848 4118 924 4172 ita
957 4126 1014 4174 et
1040 4132 1143 4175 nos
1163 4133 1277 4188 quo
1301 4119 1477 4189 magis
1499 4118 1610 4175 tuis
1634 4118 1795 4173 bonis
1816 4118 2118 4187 explemur,

538 4220 608 4261 eo
641 4205 817 4277 magis
850 4206 1171 4262 eorumdem
1205 4206 1615 4276 quodammodo
1641 4207 1736 4263 siti
1761 4208 2117 4278 corripimur.

539 4297 698 4363 Quod
734 4297 781 4353 si
811 4298 1024 4352 nullam
1063 4299 1498 4355 assentationem
1522 4342 1539 4366 ,
1573 4299 1889 4369 nullamque
1923 4299 2116 4353 falsam

540 4389 915 4445 adulationem
942 4389 1108 4447 dictis
1138 4389 1292 4447 hisce
1328 4391 1540 4448 nostris
1570 4391 1756 4446 inesse
1787 4391 2114 4458 censueris,

539 4484 686 4553 quod
718 4483 966 4554 profecto
995 4482 1168 4539 facies
1190 4520 1213 4547 ,
1235 4497 1363 4537 cum
1390 4497 1609 4554 semper
1634 4486 1712 4539 sis
1741 4498 1871 4553 erga
1901 4497 2117 4549 omnes,

540 4552 606 4626 ac
631 4552 938 4643 praesertim
968 4588 1098 4643 erga
1128 4587 1232 4629 nos
1260 4573 1446 4627 animo
1469 4612 1484 4639 ,
1513 4552 1569 4629 Isi
1601 4552 1896 4644 quisquam
1938 4574 2080 4631 alius
2103 4613 2120 4640 ,
2151 4552 2197 4609 θ

540 4664 756 4719 liberali
796 4672 851 4719 et
895 4664 1256 4720 humanitatis
1286 4664 1482 4734 pleno,
1520 4664 1682 4721 Iidem
1717 4666 1850 4722 mihi
1892 4681 2123 4738 prorsus

540 4752 769 4812 habebis
789 4793 808 4818 ,
834 4756 930 4811 tibi
959 4754 1172 4812 diserte
1196 4754 1521 4821 allirmanti,
1555 4764 1774 4811 tuarum
1811 4757 2119 4813 litterarum

541 4846 868 4900 suavitatem
908 4844 1045 4901 meis
1083 4845 1285 4910 oculis,
1325 4844 1525 4901 medici
1559 4846 1852 4917 cujusdam
1893 4847 2123 4903 remedii

542 4938 740 5004 instar,
772 4938 1094 5006 adhibitam,
1120 4939 1444 4995 continuum
1476 4939 1848 5012 lacrymarum
1876 4954 2123 4996 mearum

622 5117 665 5149 ¹²
697 5115 892 5173 Matth.
916 5132 1017 5183 xu,
1048 5117 1138 5173 '54.

643 5299 734 5370 65)
767 5302 1081 5370 Χαίρομεν.
1117 5298 1195 5353 Id.
1226 5296 1709 5370 ἐγκαυχησόμεθα.

640 5367 728 5436 66)
761 5367 986 5425 Ἐπίστ.
1027 5373 1082 5424 1η
1134 5370 1256 5423 cod.
1314 5367 1471 5422 Med.
1499 5367 1764 5436 inscripta
1809 5367 2125 5434 perhibetur

558 5436 791 5510 Ὀτρηῖῳ
819 5438 1452 5510 ἐπισκόπῳᾏελιτηνῆς,
1476 5446 1669 5508 estque
1692 5436 1840 5510 XXI.

480 5501 492 5521 .
549 5578 571 5591 .
616 5501 728 5591 (67)
761 5501 1346 5591 ξαρκίῖωάώῖονταίο
1388 5501 1471 5562 “-
1520 5501 1845 5579 χάρακτῆρα
1896 5507 1989 5560 καὶ
2033 5508 2120 5574 ἐφ’

546 5575 756 5664 ἑαυτῶν
776 5575 1134 5664 διασὼζηται.

644 5644 734 5717 68)
768 5650 956 5703 Γλυκ.
988 5644 1138 5717 ἅπερ
1173 5648 1273 5717 ὡς.
1327 5647 1405 5703 Id.
1433 5646 1591 5716 γλυκ.
1625 5644 1704 5709 οἷς
1727 5648 1872 5717 ημᾶς
1911 5645 2111 5717 καθιθς.

641 5714 731 5787 69)
796 5718 903 5775 Καὶ
933 5719 1003 5772 τό
1033 5714 1149 5773 σου
1180 5715 1424 5787 εὖφρον.
1577 5718 1671 5787 καὶ
1702 5714 1800 5785 τὴν
1822 5718 1880 5767 ἐν
1911 5714 2113 5783 ὀφθαλ-

549 5785 671 5861 μοῖς
695 5785 1054 5863 εὐφροσύνην.
1091 5789 1158 5843 Ει
1193 5785 1314 5843 mox
1340 5787 1429 5856 ὑφ’
1457 5785 1649 5856 ἡδονῆς
1682 5801 1778 5854 pro
1800 5787 1879 5849 είς
1905 5788 2111 5856 χεῖρας.

2290 2015 2378 2079 Ὠς
2419 2015 2559 2069 καλὰ
2600 2015 2708 2069 τῶν
2757 2013 2942 2069 καλῶν
2981 2016 3097 2068 ἐστι
3150 2014 3219 2068 τά
3275 2012 3620 2085 ὁμοιώματα,
3663 2014 3790 2066 ὅταν

2211 2107 2416 2178 ἐναργῆ
2435 2106 2531 2160 τοῦ
2560 2106 2916 2179 πρωτοτύπου
2947 2105 3176 2170 κάλλους
3196 2106 3290 2159 τὸν
3318 2106 3638 2176 χαρακτῆρα
3661 2103 3791 2175 [δια-

2214 2198 2472 2264 σώζονται
2502 2198 2674 2270 (67)]!
2707 2198 2818 2268 Τῆς
2838 2197 2946 2269 γάρ
2972 2197 3150 2268 ψυχῆς
3174 2215 3267 2251 σου
3291 2198 3389 2268 τῆς
3419 2196 3586 2259 ὅντως
3620 2195 3792 2264 καλῆς

2210 2286 2347 2344 εἶδον
2394 2290 2801 2361 ἐναργεστάτην
2837 2289 3025 2343 είκόνα
3069 2290 3129 2341 ἐν
3172 2291 3239 2359 τῇ
3286 2287 3395 2341 τῶν
3449 2287 3794 2357 γραμμάτων

2212 2381 2533 2452 γλυκύτητι,
2565 2381 2756 2453 [ἃπερ,
2779 2380 2854 2446 ῶς
2887 2380 3026 2453 (68)]
3054 2381 3185 2451 φησί
3215 2398 3318 2434 που
3346 2380 3406 2434 τὸ
3437 2381 3792 2449 Εὐαγγέλιον,

2212 2474 2276 2525 ἐκ
2306 2471 2400 2526 τοῦ
2429 2472 2866 2543 περισσεύματος
2903 2473 3004 2541 τῆς
3027 2472 3257 2544 καρδίας
3285 2488 3378 2525 σου
3422 2470 3756 2541 ἐμελίτωσας
3777 2487 3791 2499 ·

2212 2562 2307 2614 καὶ
2334 2561 2422 2615 διὰ
2451 2560 2612 2614 τοῦτο
2654 2562 2817 2614 αὐτόν
2852 2578 2912 2615 σε
2943 2562 3240 2633 προσορᾷν,
3273 2560 3366 2615 καὶ
3407 2560 3492 2632 [τό
3523 2578 3617 2613 σου
3655 2558 3796 2629 (69)]

2211 2647 2411 2721 εὖφρον
2441 2651 2788 2721 καρποῦσθαι
2817 2650 2906 2705 διὰ
2945 2652 3044 2721 τῆς
3071 2652 3130 2703 ἐν
3164 2652 3279 2713 τοῖς
3303 2651 3598 2721 γράμμασι
3641 2649 3795 2718 φιλο-

2213 2739 2487 2811 φροσύνης
2512 2739 2785 2811 ἐνόμιζον,
2811 2740 2908 2794 καὶ
2937 2739 3196 2802 πολλάκις
3220 2737 3324 2810 [είς
3354 2738 3564 2811 χεῖρας]
3594 2740 3800 2793 ἐπανα-

2212 2832 2504 2904 λαμϐἀνων
2542 2832 2614 2886 τά
2653 2832 2982 2904 γράμματα,
3022 2831 3120 2886 καὶ
3165 2831 3402 2902 συνεχῶς
3441 2830 3612 2885 ἐπιὼν
3661 2830 3799 2901 πρὶς

2217 2924 2441 2995 μείζονα
2471 2923 2574 2995 τῆς
2597 2924 2951 2989 ἀπολαύσεως
2985 2923 3282 2994 ἐπιθυμίαν
3309 2922 3606 2995 [κατέστην
3634 2922 3797 2994 (70)],

2215 3016 2313 3071 καὶ
2339 3016 2501 3088 κόρος
2527 3016 2639 3071 τῶν
2669 3016 2974 3086 γινομένων
2999 3015 3101 3069 ούκ
3127 3010 3216 3087 ἦν.
3259 3017 3374 3081 Ὃς,
3409 3016 3506 3070 καὶ
3530 3015 3605 3079 ὡς
3637 3015 3799 3071 ἄλλου

2213 3108 2359 3174 τινὸς
2388 3109 2499 3163 τῶν
2524 3108 2668 3164 κατά
2714 3109 2879 3180 φύσιν
2921 3109 3108 3165 καλῶν
3146 3108 3243 3164 καὶ
3281 3108 3501 3180 τιμίων,
3548 3109 3648 3179 τὴν
3677 3108 3802 3180 ἠδο-

2215 3197 2313 3270 νὴν
2341 3198 2429 3253 δια
2445 3197 2662 3270 [παύειν
2685 3199 2748 3252 οὐ
2770 3198 2993 3255 δύναται
3021 3196 3180 3270 ('1l)].
3211 3196 3349 3252 Οὔτε
3373 3197 3483 3271 γὰρ
3509 3197 3602 3251 τοῦ
3631 3215 3805 3269 προσ-

2215 3292 2349 3362 ορᾷν
2401 3291 2495 3344 τὸν
2548 3291 2701 3361 ἥλιον
2756 3291 2795 3362 ἡ
2856 3289 3086 3361 συνεχὴς
3166 3290 3424 3360 μετουσία
3469 3287 3570 3360 τὴν
3622 3287 3806 3361 ὄρεξιν

2217 3383 2511 3455 ἧμϐλυνεν,
2540 3382 2663 3437 οὕτε
2684 3383 2784 3454 τῆς
2813 3381 3001 3452 ὑγείας
3026 3383 3060 3453 ἡ
3091 3381 3345 3453 διηνεκὴς
3378 3380 3675 3444 ἀπόλαυσις
3698 3380 3806 3450 τὴν

2218 3477 2515 3548 ἐπιθυμίαν
2559 3475 2809 3548 ἔστησεν,
2853 3474 2976 3530 οὕτε
3018 3476 3118 3546 τῆς
3168 3475 3269 3546 σῆς
3320 3474 3674 3544 ἀγαθότητος,
3728 3473 3800 3543 ἦν

2220 3568 2367 3624 κατά
2386 3569 2677 3639 πρόσωπον
2708 3567 2823 3636 (72)
2852 3567 3135 3632 πολλάκις,
3167 3567 3262 3621 καὶ
3282 3566 3378 3620 νῦν
3398 3566 3488 3620 διὰ
3512 3566 3606 3620 τοῦ
3627 3565 3806 3635 γράμ-

2225 3678 2392 3733 ματος
2411 3660 2678 3731 ἔγνωμεν,
2702 3660 2931 3731 δύναμιν
2949 3659 3059 3730 (75)
3087 3658 3431 3731 πεπείσμεθα
3451 3660 3612 3730 μέχρι
3639 3661 3806 3728 κόρου

2223 3750 2506 3821 προελθεῖν
2538 3750 2856 3805 ἀπόλαυσιν.
2903 3750 3043 3805 Ἀλλ’
3071 3746 3182 3804 οἷόν
3227 3769 3282 3805 τι
3312 3751 3614 3822 πάσχουσιν
3656 3753 3707 3804 oi
3737 3753 3807 3805 ἐκ

2223 3861 2367 3907 τινος
2390 3843 2763 3915 περιστάσεως
2783 3843 3046 3913 διψῶντες
3063 3844 3344 3906 ἀτέλεστα,
3363 3842 3508 3896 οὕτω
3528 3844 3622 3897 καὶ
3642 3845 3804 3914 ἡμεῖς

2222 3934 2346 3987 ὅσον
2388 3932 2775 4003 ἐμφορούμεθα
2802 3932 2912 3986 τῶν
2943 3933 3051 3987 σῶν
3077 3933 3320 4003 ἀγαθῶν,
3347 3932 3574 3987 τοσοῦτο
3602 3933 3806 4003 μᾶλλον

2223 4024 2475 4094 διψώδεις
2502 4024 2785 4096 γινόμεθα.
2826 4026 2889 4078 El
2921 4024 2977 4078 δὲ
3000 4025 3075 4096 μὴ
3097 4026 3335 4080 θωπείαν
3370 4025 3494 4079 τινὰ
3518 4024 3803 4095 καὶψευδῆ

2225 4117 2515 4172 κολακείαν
2549 4117 2640 4170 τὸν
2669 4118 2937 4189 ἡμέτερον
2980 4118 3137 4186 λόγον
3174 4117 3425 4190 ὑπολήψῃ
3458 4118 3708 4189 (πάντως
3742 4117 3803 4170 δὲ

2224 4208 2322 4277 οὐχ
2354 4206 2605 4278 ὑπολήψῃ
2639 4208 2775 4278 (74),
2822 4207 2894 4261 τά
2919 4225 2980 4261 τε
3009 4208 3149 4263 ἄλλα
3186 4208 3427 4273 τοιοῦτος
3463 4208 3560 4275 ῶν,
3590 4203 3700 4271 οἷος
3726 4202 3801 4271 εἷ,

2226 4301 2320 4353 καὶ
2352 4300 2480 4371 περὶ
2511 4301 2656 4371 ἡμᾶς
2694 4299 3082 4371 διαφερόντως,
3114 4303 3165 4355 εί
3205 4303 3299 4355 καί
3334 4318 3421 4365 τις
3456 4301 3636 4365 ἄλλος,
3664 4316 3805 4371 χρη·

2226 4391 2351 4454 στός
2378 4409 2437 4444 τε
2471 4393 2564 4446 καὶ
2596 4392 2868 4464 γνήσιος),
2903 4393 3124 4458 πάντως
3155 4391 3471 4456 πιστεύσεις
3497 4394 3609 4455 τοῖς
3649 4392 3807 4459 λεγο-

2228 4484 2428 4555 μένοις,
2462 4485 2544 4539 ὅτι
2571 4484 2668 4557 τὴν
2699 4486 2899 4557 συνεχῆ
2927 4486 3045 4539 τῶν
3058 4484 3310 4557 δακρύων
3335 4485 3601 4557 ἐπιρροὴν
3626 4486 3659 4555 ἡ
3691 4486 3807 4538 τῶν

2224 4576 2571 4650 γραμμάτων
2605 4577 2787 4648 χάρις,
2817 4572 2929 4630 οἷόν
2957 4595 3011 4630 τι
3058 4576 3351 4648 φάρμακον
3389 4578 3651 4649 ἰατρικὸν,
3688 4579 3806 4641 τοῖς

2224 4665 2520 4736 ὀφθαλμοῖς
2549 4666 2905 4737 ἐγγενομένη,
2937 4666 3243 4731 ἀνέστειλε,
3268 4668 3360 4722 καὶ
3392 4667 3805 4739 προσδοκῶμεν.

2224 4760 2290 4827 τῇ
2322 4755 2431 4809 τῶν
2463 4756 2638 4824 ἀγίων
2665 4755 2840 4827 εὐχῶν
2865 4771 2961 4810 σου
2992 4757 3204 4829 ἰατρείᾳ
3224 4757 3324 4821 τάς
3350 4757 3573 4822 ἐλπίδας
3601 4757 3811 4811 ἑαυτῶν

2192 4898 2197 4905 ,
2226 4845 2619 4916 ἐπερείδοντες,
2649 4846 2733 4900 ὅτι
2757 4845 2901 4917 τάχα
2939 4846 3036 4899 καὶ
3066 4845 3294 4901 καθόλου
3332 4847 3395 4902 τὸ
3440 4846 3684 4901 τοιοῦτον
3705 4848 3809 4916 τῆς

2224 4935 2405 5007 ψυχῆς
2445 4935 2607 5007 ⁴ἡμῶν
2638 4936 2811 5002 πάθος
2860 4936 3281 5010 ἐξιασθήσεταιο
3334 4937 3459 4991 ἐπεὶ⁵
3506 4938 3570 4991 τό
3602 4954 3665 5006 γε
3711 4936 3811 4991 νῦν

2303 5299 2803 5387 (70).Κρτέστην.
2851 5301 2928 5356 ld.
2977 5303 3345 5376 ὲξεκαιόμην’
3401 5314 3455 5361 ct
3509 5321 3636 5361 mox
3695 5320 3811 5362 non

2226 5377 2473 5421 aenuscnt
2500 5387 2596 5421 ωε.

2225 5384 2473 5440 aguuscu
2500 5384 2596 5434 ως,

2443 5442 2765 5516 Αιαπαύειν
2793 5443 2866 5495 οὐ
2891 5441 3158 5516 δύναται.
3183 5440 3263 5498 Id.
3290 5444 3723 5516 διαλυμαίνεται.
3766 5454 3775 5461 ‘

2449 5509 2704 5588 Fortasse
2736 5511 3046 5588 legendum,
3084 5507 3321 5588 ἦίκατά
3348 5507 3663 5588 πρόσωπον.

2297 5580 2413 5650 (75)
2445 5582 2727 5650 Δύναμιν.
2759 5579 2834 5633 Id.
2868 5580 3091 5635 δυνατὸν
3110 5579 3283 5639 ἐῐναι.

2295 5649 2411 5718 (7.4)
2451 5650 2523 5704 Ita
2549 5649 2652 5705 hoc
2694 5652 2748 5705 in
2778 5654 2896 5705 loco
2919 5652 3323 5709 emendandum
3365 5654 3553 5711 censui
3580 5655 3809 5713 Vatica-

2223 5736 2354 5776 num
2384 5721 2647 5789 codicem,
2676 5722 2730 5777 in
2751 5735 2860 5792 quo
2889 5721 3168 5791 scribitur,
3204 5724 3302 5795 οὐχ
3330 5723 3476 5790 ἅπαξ
3495 5724 3661 5798 λήψῃ.
