4092 6368
362 382 386 436 1
401 381 500 434 069

1500 377 1881 434 EPISTOLIE.
1912 407 1979 420 —-
2015 373 2232 432 EPIST.
2277 375 2459 434 XVIII.

3478 381 3616 438 ιοτδ

358 493 506 563 ἔχον,
545 495 600 544 ἐν
636 493 898 552 τοιούτοις
938 494 1122 563 ἐσμὲν,
1162 494 1235 556 ὡς
1280 492 1552 561 φείδεσθαι
1581 495 1677 562 τῆς
1709 491 1936 560 ἀγαπώ-

2043 491 2370 559 prolluvium
2407 491 2754 563 repressisse,
2788 507 2998 560 nosque
3037 499 3292 562 przctcrca
3322 509 3471 564 spem
3500 511 3615 548 om-

359 601 462 654 σης
494 585 640 653 ἡμᾶς
665 583 856 651 ἀκοῆς,
894 584 989 636 καὶ
1017 583 1448 655 ἐπικρύπτεσθαι
1479 585 1656 653 σιωπῇ
1686 583 1782 652 τὴν
1815 583 1933 651 ἀλή-

361 675 535 735 θειαν.
571 676 655 727 ἵνα
695 674 770 744 μὴ
802 675 939 744 πρὸς
969 674 1252 728 κοινωνίαν
1280 674 1390 726 τῶν
1433 675 1715 745 ἡμετέρων
1752 674 1936 726 κακῶν

357 766 485 830 τοὺς
515 765 751 834 γνησίως
773 767 919 836 ἡμᾶς
941 765 1268 834 ἀγαπῶντας
1294 765 1738 836 ὲφελκυσώμεθα.
1769 767 1937 818 Ὅταν

361 858 469 928 γὰρ
507 856 920 927 ἐνθυμηθῶμεν,
953 857 1033 909 ὃτι
1059 855 1166 908 τῶν
1196 855 1465 923 φιλτάτων
1497 854 1932 924 ἀπολειφθέντες,

358 946 420 997 ὲν
456 944 712 1012 πολέμοις
759 943 1234 1014 ἀναστρεφόμεθα,
1280 945 1372 996 καὶ
1400 943 1435 997 ἀ
1469 944 1566 1013 μὲν
1619 945 1937 996 καταλιπεῖν

360 1035 717 1106 ὲϐιάσθημεν,
749 1035 915 1088 τέκνα
947 1035 1116 1098 ἐστὶν,
1149 1036 1184 1088 ἂ
1206 1037 1326 1098 ταῖς
1351 1037 1748 1104 πνευματικαῖς
1781 1035 1938 1104 ἡμῶν

358 1126 515 1180 ὠδῖσι
540 1126 618 1196 τῷ
643 1126 762 1196 Θεῷ
789 1126 1047 1196 γεννῆσαι
1078 1125 1515 1197 κατηξιώθημεν.
1548 1125 1648 1197 [τῷ
1689 1126 1800 1196 (75)
1840 1127 1937 1196 τῆς

363 1218 606 1290 ἀγάπης]
652 1219 802 1289 νόμῳ
838 1219 1260 1289 συνηρμοσμένα
1310 1218 1511 1290 (ἡμῖν,]
1551 1219 1644 1272 καὶ
1697 1233 1940 1272 κακοπαέ

365 1310 536 1372 θείαις
568 1311 625 1362 ὲν
663 1312 776 1372 τοῖς
818 1308 927 1362 τῶν
968 1308 1290 1379 πειρασμῶν
1334 1311 1546 1380 καιροῖς
1583 1310 1676 1361 ἐπι
1717 1308 1930 1380 [τείνον-

363 1419 432 1454 τα
465 1399 600 1472 (76)]
631 1400 765 1469 πρὸς
819 1401 966 1470 ἡμᾶς
1014 1401 1076 1453 τὸ
1112 1399 1489 1470 φιλόστοργονο
1538 1402 1628 1452 καὶ
1682 1400 1760 1452 ἔτι
1805 1400 1938 1470 πρὸς

364 1493 574 1556 τούτοις
612 1488 756 1556 οἶκος
811 1492 1268 1562 κεχαριτωμένος,
1323 1492 1562 1562 ἀδελφοὶ,
1614 1491 1936 1563 συγίγενεῖς,

365 1583 620 1656 ἑταῖροι,]
658 1582 928 1654 συνήθεις,
972 1582 1136 1652 φίλοι,
1175 1583 1350 1647 ἑστία,
1384 1583 1653 1652 τράπεζα,
1696 1586 1936 1652 ταμεῖον.

365 1675 578 1740 στιϐὰς,
623 1674 683 1728 τὸ
715 1673 934 1744 βάθρον,
966 1675 994 1727 ὁ
1027 1675 1249 1739 σάκκος,
1292 1675 1325 1744 ἡ
1370 1672 1650 1745 [συνουσία
1680 1672 1837 1743 (77)],
1878 1674 1940 1726 τὸ

366 1765 620 1835 δάκρυον,
667 1764 702 1818 ἃ
740 1763 815 1828 ὡς
841 1763 958 1816 ἔστι
984 1763 1208 1832 γλυκέα,
1240 1764 1333 1817 καὶ
1363 1763 1453 1818 διὰ
1492 1764 1776 1832 συνηθείας
1816 1765 1938 1816 ὅσον

363 1858 623 1927 ἐράσμια,
659 1856 813 1908 οὐδὲν
843 1854 936 1926 δεή
969 1854 1148 1926 (78)...
1180 1855 1379 1918 εἰδότες
1422 1871 1480 1907 σε
1511 1854 1739 1925 γράψαι.
1772 1854 1851 1906 Τά
1882 1854 1939 1906 δὲ

363 1952 479 2004 ἀντ’
513 1950 756 2012 ἐκείνων,
792 1949 878 2000 ἵνα
907 1951 981 2018 μή
1015 1965 1068 2000 τι
1096 1947 1331 2018 ἐπαχθὲς
1364 1947 1542 2015 λέγειν
1578 1944 1734 2010 δόξω,
1763 1947 1939 2000 πάντα

363 2039 531 2110 [κατά
576 2039 772 2092 σαυτὸν
803 2037 939 2109 (79)]
994 2038 1286 2108 σκόπησον.
1352 2037 1493 2106 Πρὸς
1537 2035 1614 2106 τῷ
1656 2037 1798 2090 τέλει
1841 2037 1939 2106 τῆς

365 2128 602 2200 ἐμαυτοῦ
627 2129 771 2198 ζωῆς
808 2127 904 2196 ῶν,
937 2129 1098 2181 πάλιν
1124 2126 1219 2181 τοῦ
1241 2127 1338 2198 ζῇν
1365 2127 1599 2197 ἄρχομαι
1625 2124 1940 2197 [μανθάνειν

363 2225 445 2296 τε]
503 2222 884 2294 ἀναγκάζομαι
937 2222 1033 2292 τὴν
1084 2219 1474 2291 εὐδοκιμοῦσαν
1519 2219 1611 2270 νῦν
1652 2218 1761 2270 τῶν
1793 2217 1940 2289 ὴθῶν

368 2314 658 2378 ποικιλίαν,
684 2312 948 2383 ὁψιμαθὲς
975 2311 1427 2382 κακότροπος.....
1451 2308 1551 2378 τῆς
1578 2309 1688 2378 (90)
1717 2325 1942 2378 πανουρ-

368 2406 489 2473 γίας
520 2405 805 2474 γινόμενος
830 2446 845 2468 ,
873 2405 948 2466 ὼς
978 2402 1234 2472 ἐρυθριᾷν
1264 2402 1352 2454 ἀεὶ
1391 2402 1455 2470 τῇ
1487 2401 1656 2470 ἀφυῖα
1684 2399 1778 2452 τοῦ
1805 2400 1943 2469 πρά-

363 2504 570 2566 γματος
596 2496 729 2566 (8i).
755 2495 818 2548 Ol
847 2493 903 2546 δὲ
926 2492 1369 2563 ἀντιτεταγμένοι
1402 2495 1468 2562 τῇ
1507 2491 1825 2562 διδασκαλίᾳ
1845 2492 1941 2562 τῆς

365 2587 557 2654 σοφίας
586 2585 810 2655 ταύτης,
841 2585 978 2636 εἰσιν
1004 2585 1178 2636 ἱκανοὶ
1208 2583 1320 2652 (82)
1355 2583 1450 2635 καὶ
1480 2583 1730 2652 φυλάξαι,
1755 2584 1782 2636 ὃ
1803 2583 1940 2653 ἔμα-

363 2678 477 2742 θον,
509 2677 605 2729 καὶ
647 2677 916 2745 ἐφευρεῖν,
946 2671 976 2728 ὃ
1011 2675 1112 2727 οὐκ
1140 2673 1368 2743 ἔμαθον·
1404 2673 1736 2745 [τοιγαροῦν]
1783 2676 1940 2728 πολε-

367 2768 548 2839 μοῦσι,
568 2766 852 2838 πόρρωθεν
868 2762 1329 2834 ἀκροϐολίζοντες,
1353 2765 1446 2817 ἐπὶ
1469 2765 1824 2835 παρατάξεως
1846 2783 1944 2832 xar-

363 2861 703 2914 ταπυκνοῦσι
720 2860 818 2929 τὴν
835 2858 1112 2927 φάλαγγα,
1131 2858 1272 2911 κατά
1293 2858 1352 2910 τὸ
1382 2857 1715 2930 [πρόσφορον
1736 2860 1940 2930 αὐτοῖς(

366 2952 776 3025 προλογίζονται
803 2950 913 3021 (85)
935 2990 949 3014 ,
980 2952 1098 3012 ταῖς
1138 2947 1463 3019 ὑπερϐολαῖς
1504 2949 1901 3018 προκατέχουσι
1925 2991 1938 3013 ,

362 3042 492 3103 τοὺς
537 3037 858 3109 συμμάχους
895 3038 1109 3100 ἑαυτοῖς
1156 3035 1493 3106 πανταχόθεν
1532 3038 1938 3109 προσπεριϐάλ-

2039 596 2162 636 nem
2193 589 2435 636 nostram
2489 581 2542 636 in
2580 590 2795 637 tuarum
2829 599 3052 653 precum
3095 585 3302 640 medela
3334 587 3614 640 collocan-

2041 679 2143 733 tcs,
2173 672 2332 740 plane
2364 671 2663 736 confidere,
2688 658 2811 727 fore
2843 681 2900 726 ut
2933 689 3095 742 quam
3131 676 3261 741 cito,
3300 676 3390 730 hic
3421 679 3617 732 anima:

2040 773 2243 817 nostra:
2265 764 2487 819 morbus
2513 765 2731 834 penitus
2762 765 3097 835 proﬂigetur,
3122 781 3246 819 cum
3280 771 3610 838 caalcroquiu

2040 861 2185 924 quod
2226 856 2292 910 ad
2345 874 2582 926 praesens
2624 865 2855 926 tempus-
2880 858 3093 920 attinet,
3142 859 3193 910 in
3231 873 3296 912 eo
3330 868 3472 913 statu
3526 875 3613 914 res

2042 956 2244 998 nostrae
2272 947 2390 1000 sitae
2419 947 2547 1009 sint,
2583 954 2639 998 ut
2668 948 2969 999 amicorum
2999 947 3225 1000 auribus
3255 949 3610 1015 parcendum.

2042 1045 2096 1092 et
2127 1039 2332 1092 veritas
2363 1037 2584 1091 silentio
2617 1037 2945 1090 occultanda
2990 1036 3150 1090 nobis
3183 1037 3276 1098 sit,
3316 1053 3382 1090 ne
3412 1038 3464 1090 in
3498 1054 3613 1090 ma-

2041 1130 2218 1182 lorum
2251 1136 2568 1184 nostrorum
2598 1129 2936 1182 consortium
2968 1144 3088 1192 eos,
3125 1129 3215 1197 qui
3251 1143 3350 1182 nos
3379 1144 3506 1184 vere
3529 1129 3613 1181 di-

2040 1219 2237 1290 ligunt,
2292 1218 2710 1288 pertraltamus;
2751 1235 2876 1272 cum
2923 1215 3136 1274 scilicet
3186 1222 3368 1272 animo
3421 1231 3612 1274 nostro

2040 1309 2452 1380 perpendimus,
2486 1325 2585 1364 nos
2629 1309 2976 1365 eliarissimis
3006 1317 3169 1378 atque
3193 1310 3612 1380 jucundissimis

2041 1401 2207 1456 rebus
2241 1401 2558 1464 destitutos,
2592 1401 2646 1455 in
2681 1401 2837 1456 bellis
2871 1402 3099 1464 versari,
3132 1410 3185 1455 et
3212 1417 3307 1458 eos
3342 1417 3479 1471 quos
3518 1403 3614 1457 de-

2041 1509 2230 1550 serere
2260 1496 2435 1549 coacti
2473 1508 2686 1559 sumus,
2723 1481 2863 1548 filios
2891 1509 3033 1554 esse,
3060 1508 3201 1562 quos
3231 1509 3327 1563 per
3354 1495 3612 1563 spiritua-

2043 1586 2121 1642 les
2180 1593 2401 1642 nostros
2452 1586 2671 1640 dolores
2733 1583 2843 1640 Deo
2887 1600 3081 1655 parere
3131 1585 3335 1654 dignati
3384 1584 3609 1646 fuimus.

2041 1679 2249 1748 quique
2302 1677 2655 1748 (dilectionis
2690 1675 2910 1730 vinculo
2952 1675 3277 1744 nobiseum)
3329 1675 3611 1743 conjuncti

2041 1779 2221 1836 erant,
2265 1778 2319 1826 et
2367 1769 2702 1824 difficillimis
2757 1767 3199 1838 persecutionum
3249 1767 3610 1836 temporibus,

2041 1863 2396 1933 quantumvis
2429 1846 2684 1930 gravibus
2727 1855 2988 1913 aerumnis
3040 1857 3242 1922 vexati,
3290 1873 3402 1911 suze
3431 1863 3612 1909 tamen

2042 1969 2172 2024 erga
2204 1968 2304 2008 nos
2337 1951 2728 2007 benevolentia)
2751 1949 3046 2018 (majorem
3084 1964 3300 2018 semper
3331 1949 3612 2004 cumulum

2042 2043 2442 2113 addiderunt);
2501 2057 2566 2096 ac
2626 2050 2887 2111 praeterea
2945 2039 3140 2095 domus
3195 2040 3355 2094 unice
3394 2039 3612 2102 dilecta,

2044 2135 2243 2190 fratres
2276 2132 2733 2203 (consanguinei,
2767 2128 3041 2198 sodales),
3077 2129 3398 2192 familiares,
3428 2129 3611 2189 amici.

2040 2227 2221 2292 focus,
2257 2240 2466 2288 mensa,
2500 2224 2638 2277 cella
2680 2222 2928 2292 penaria,
2964 2222 3264 2290 stragulus,
3305 2233 3612 2278 seanmum,

2043 2335 2241 2376 saccus
2297 2319 2517 2389 (mutua
2572 2315 2902 2385 colloquia),
2965 2314 3238 2383 lacrymae,
3285 2326 3407 2381 quae
3435 2311 3616 2365 omnia

2043 2427 2205 2482 quam
2239 2409 2420 2465 dulcia
2448 2407 2580 2471 sint,
2613 2413 2668 2462 et
2693 2413 2958 2476 quantum
2996 2411 3220 2474 propter
3256 2402 3616 2458 consuetudi-

2045 2515 2168 2553 nem
2201 2499 2284 2552 sui
2325 2497 2660 2552 desiderium
2693 2494 2936 2548 excitent
2971 2495 3471 2563 (supervacaneum
3513 2491 3618 2545 erit

2045 2604 2146 2643 nos
2178 2587 2415 2657 dicere),
2478 2601 2602 2640 cum
2640 2585 2880 2640 sciamus
2933 2593 2984 2638 te
3028 2583 3080 2636 id
3111 2584 3274 2638 etiam
3311 2583 3364 2636 in
3393 2582 3504 2636 tuis
3550 2579 3616 2634 ad

2045 2695 2144 2734 nos
2176 2679 2370 2734 litteris
2397 2690 2858 2738 commemorare;
2889 2689 3010 2743 quae
3034 2685 3213 2728 autem
3241 2674 3432 2726 horum
3461 2673 3619 2726 nobis

2045 2771 2166 2823 loco
2200 2781 2538 2832 successere,
2591 2782 2658 2819 ne
2704 2765 2834 2834 quid
2867 2765 3154 2819 molestum
3194 2765 3376 2818 dicere
3406 2763 3617 2822 videar,

2045 2866 2160 2912 tute
2218 2858 2332 2926 ipse
2383 2854 2689 2910 considera.
2755 2854 2835 2908 Ad
2881 2862 3125 2908 extrema
3174 2853 3296 2906 vine
3336 2852 3618 2914 redactus,

2045 2963 2240 3004 rursus
2266 2946 2670 3017 quodammodo
2701 2946 2884 3000 vivere
2917 2945 3142 3015 incipio,
3174 2945 3359 3013 (atque
3385 2942 3615 3010 discere)

2044 3053 2212 3110 cogor
2240 3038 2524 3108 probatam
2560 3051 2707 3090 nunc
2741 3036 2999 3090 omnibus
3039 3049 3248 3087 morum
3293 3034 3613 3095 versutiam,

366 3128 567 3181 λονται.
602 3127 777 3188 Πολὺς
805 3125 862 3178 δὲ
893 3125 1023 3196 παρ’
1047 3125 1254 3188 αὑτοῖς,
1285 3126 1378 3178 καὶ
1410 3125 1849 3193 ἀκαταγώνιστος
1875 3129 1939 3197 τῇ

2045 3131 2352 3200 discipulus
2379 3129 2642 3195 improba:
2671 3126 2880 3199 (hujus)
2908 3126 3227 3181 calliditatis
3259 3141 3384 3181 sero
3418 3125 3615 3187 factus,

364 3219 590 3289 δυνάμει
622 3215 874 3288 ὁμα[ρτεῖ
908 3215 1056 3278 δόλος
1088 3214 1224 3285 (84)]
1256 3257 1268 3279 ,
1303 3217 1382 3278 εἰς
1425 3215 1758 3285 στρατηγίαν
1803 3235 1939 3288 προ-

367 3307 716 3377 ϐεῆλημένος,
748 3304 937 3375 ῶσπερ
965 3321 1048 3368 τις
1083 3304 1390 3374 ἀγωνιστὴς
1428 3304 1744 3374 περιδέξιος,
1777 3305 1936 3376 διπλῇ

367 3401 434 3470 τῇ
480 3396 624 3467 χειρὶ
663 3394 758 3448 τοῦ
793 3394 922 3448 ἰδίου
965 3393 1194 3467 στρατοῦ
1237 3395 1672 3466 προμαχόμενος,
1719 3397 1796 3466 πῆ
1837 3397 1938 3465 μὲν

362 3486 716 3559 δασμολογῶν
766 3485 892 3549 τοὺς
937 3485 1302 3556 ὑποχειρίους,
1350 3485 1426 3555 πῆ
1471 3484 1530 3537 δὲ
1569 3484 1776 3553 βάλλων
1816 3485 1936 3557 (85)

365 3580 493 3642 τοὺς
539 3575 1068 3648 προστυγχάνοντας.
1095 3576 1159 3628 Εἰ
1186 3575 1243 3628 δὲ
1277 3575 1371 3627 καὶ
1402 3574 1500 3645 τὴν
1540 3575 1670 3628 εἴσω
1692 3574 1846 3645 ἡμῶν
1865 3575 1941 3627 δι-

368 3670 593 3740 αγωγὴν
643 3667 938 3734 ἐξετάζοις,
969 3667 1225 3738 εὑρήσεις
1269 3666 1402 3722 ἄλλα
1445 3673 1689 3721 τοιαῦτα’
1720 3667 1938 3721 οἰκίδιον

368 3759 654 3831 πνιγηρὸν,
686 3757 905 3830 κρυμῷ,
952 3759 1048 3811 καὶ
1079 3756 1249 3826 ζόφῳ,
1305 3759 1408 3812 καὶ·
1446 3758 1794 3830 στενοχωρίᾳ,
1845 3761 1940 3813 καὶ

369 3853 503 3906 πᾶσι
534 3853 646 3912 τοῖς
691 3849 956 3913 τοιούτοις
992 3847 1177 3912 καλοῖς
1225 3848 1641 3920 εὑθηνούμενον,
1677 3849 1791 3918 βίον
1836 3849 1941 3904 ὑπὸ

366 3945 588 3998 πάντων
617 3941 1177 4014 μυμοσκοπούμενον,
1212 3940 1416 4010 φωνὴν.
1449 3941 1544 3993 καὶ
1583 3940 1822 4011 βλέμμα,
1845 3943 1941 3995 καὶ

369 4035 592 4106 ἱματίου
649 4032 960 4105 περιϐολὴν,
1023 4031 1205 4105 χειρός
1231 4049 1290 4084 τε
1335 4031 1571 4102 κίνησιν,
1619 4032 1715 4086 καὶ
1766 4032 1944 4086 ποδῶν

368 4127 528 4180 ποιὰν
565 4125 772 4186 στάσιν.
809 4125 904 4178 καὶ
942 4125 1120 4179 πάντα
1165 4123 1794 4195 πολυπραγμονούμενα·
1846 4126 1941 4180 καὶ

369 4219 418 4271 εἰ
447 4219 523 4287 μὴ
557 4215 690 4270 δασὺ
718 4212 904 4288 ἆσθμα
923 4216 1008 4270 διὰ
1031 4215 1226 4270 πολλοῦ
1255 4216 1640 4287 προχεόμενον,
1666 4218 1757 4271 καὶ
1783 4219 1831 4271 εἰ
1863 4219 1937 4289 μὴ

371 4307 598 4378 συνεχὴς
629 4306 920 4360 διαδίδοται
963 4308 1263 4377 στεναγμὸς
1303 4308 1400 4361 σὺν
1437 4305 1517 4378 τῷ
1551 4307 1811 4378 ἄσθματι,
1846 4311 1938 4364 καὶ

369 4401 419 4452 εἰ
452 4399 527 4470 μὴ
559 4397 864 4451 διεκπίπτει
893 4397 991 4467 τῆς
1022 4397 1197 4468 ζώνης
1229 4397 1388 4468 ἡμῶν
1419 4398 1485 4485 τό
1525 4399 1771 4468 χιτώνιον
1799 4399 1936 4468 (86),
1968 4425 2020 4485 ι)

370 4490 463 4543 καὶ
490 4489 620 4544 αὐτὸ
665 4487 722 4540 δὲ
770 4485 831 4539 τὸ
866 4487 941 4557 μὴ
985 4485 1286 4557 κεχρῆσθαι
1322 4487 1389 4556 τῇ
1422 4483 1588 4556 ζώνῃ,
1636 4487 1729 4539 καὶ
1769 4488 1818 4539 εἰ
1864 4488 1940 4560 μὴ

443 4666 554 4736 (75)
588 4663 672 4730 Τῷ
692 4663 802 4732 τῆς
821 4664 1059 4735 ἀγάπης
1092 4701 1152 4720 ...
1171 4663 1640 4747 συνηρμοσμένα
1672 4665 1832 4788 νεῖν.
1857 4666 1912 4721 Id

444 4736 597 4788 uGtoc
636 4734 775 4788 νόσω
798 4777 812 4788 .
847 4735 1262 4788 συνηρμοσμένη
1293 4733 1575 4788 κινδυνοις.
1598 4765 1667 4774 —
1738 4734 1822 4788 Ide
1866 4753 1912 4788 al

371 4732 597 4806 συμϐιος
636 4734 812 4806 νόσῳᾼ,
847 4732 1263 4805 συνηρμοσμένη
1293 4732 1575 4806 κινδύνοις.
1595 4765 1667 4806 e-
1694 4732 1822 4790 Vide
1866 4753 1935 4790 an

370 4803 505 4867 huic,
541 4815 596 4860 et
633 4803 878 4875 proxime
904 4803 1140 4875 sequens
1174 4803 1482 4875 lacunasic
1505 4805 1698 4875 melius
1728 4808 1933 4875 expleri

370 4876 576 4946 possit,
617 4873 1029 4946 κατηξιώθημεν
1051 4914 1067 4940 ,
1095 4873 1132 4926 ἃ.
1168 4873 1422 4946 καῖ’-ἡμῖν
1466 4873 1615 4946 νόμῳ
1662 4873 1937 4946 ςυνηρμο-

370 4941 546 5014 σμένα
582 4941 834 5013 ἀγάπης,
859 4941 968 5014 κάὶί
987 4941 1377 5014 κακοπαθείαις
1401 4941 1596 5014 ἐντοῖς
1617 4942 1727 5014 τῶν
1756 4941 1938 5007 πειρα-

369 5011 522 5085 σμῶν
561 5011 770 5084 καιροῖς
795 5013 1053 5085 ἐπιτείνει
1080 5011 1480 5085 πρὸςᾏήμᾼᾶς-τὺ
1507 5012 1876 5085 φιλόστοργον.

439 5085 551 5154 (76)
615 5079 1038 5154 Ἐπιτείνοντα.
1094 5079 1173 5136 Id.
1217 5079 1621 5152 ὲπιδειξαμένη.
1674 5079 1738 5134 Et
1774 5079 1935 5146 'mox,

365 5153 556 5208 οἰκεῖοι
583 5168 681 5223 pro
709 5153 931 5222 ἑταῖροι.

440 5223 562 5293 (77)
585 5219 933 5293 ’Συνουονίιμ
986 5219 1312 5293 1‹1.ῌγωνία·
1356 5219 1716 5293 ή-προσευχή.
1769 5219 1938 5274 Paulo

369 5289 812 5362 post,'65_'f;aopav
845 5291 980 5362 πρὸς
1010 5289 1188 5343 εἰδότα
1219 5306 1278 5362 σε
1310 5290 1560 5362 γράφειν.

438 5361 553 5430 (78)
590 5358 767 5415 Locus
816 5358 918 5415 iste
963 5361 1037 5414 ita
1074 5358 1410 5430 supplendus
1442 5358 1840 5430 essevidetur,
1879 5367 1938 5430 ut

367 5426 632 5499 legamus,
671 5430 822 5482 οὐδὲν
858 5431 1037 5500 δεήσει
1059 5426 1215 5500 ημᾶς
1247 5426 1448 5494 λέγειν,
1476 5427 1681 5491 εἰδότας
1714 5444 1774 5480 σε
1802 5429 1939 5498 γρά-

369 5501 488 5568 ῲαι.
522 5500 602 5552 vel
631 5501 831 5568 potius,
865 5499 947 5552 σοι
969 5499 1197 5567 γράψαι.

439 5569 548 5640 (79)
567 5565 782 5640 ῨΠὶὶντα
810 5565 991 5640 Δκατᾶ
1011 5565 1276 5640 σαυτόν.
1331 5565 1409 5620 Id.
1442 5565 1619 5619 πάντα
1657 5567 1732 5631 ὡς
1763 5566 1936 5640 ἄλλως

367 5633 500 5707 εχει.
531 5633 656 5692 Mox
693 5637 981 5708 μανθάνειν
1008 5639 1210 5708 absque
1234 5653 1313 5689 τε.
1508 5704 1534 5708 _
1625 5704 1675 5708 μ
1744 5705 1783 5708 ν,
1847 5633 1860 5642 ’

438 5710 550 5778 (80)
594 5704 906 5776 Ὀξρλιμιιθὲς
939 5704 1300 5778 κακότροπος·
1338 5704 1590 5778 ...ε-τῆς.
1625 5704 1937 5778 1ι1.ίό’ζ(ομα-

370 5773 463 5850 θὴς
491 5773 855 5850 κακοτροπίας
888 5779 979 5830 καὶ
1011 5777 1277 5846 τοιαύτης.
1306 5807 1315 5814 -
1352 5804 1374 5813 —
1405 5773 1624 5829 Videtur
1667 5777 1752 5828 hic
1775 5773 1936 5828 locus

2045 3224 2121 3276 ita
2157 3231 2217 3276 ut
2260 3235 2544 3292 nunquam
2575 3235 2685 3276 non
2713 3219 2791 3274 rei
2833 3219 3227 3288 turpitudinem
3272 3217 3616 3273 erubescam.

2045 3316 2113 3367 At
2141 3312 2439 3368 adversarii
2483 3311 2626 3366 hanc
2680 3311 3005 3381 sapientiam
3052 3310 3253 3372 edocti,
3301 3317 3355 3364 et
3397 3323 3618 3362 servare

2045 3403 2190 3473 quod
2233 3401 2561 3464 didicerunt,
2610 3409 2665 3455 et
2713 3399 2862 3470 quod
2913 3398 3156 3453 nondum
3204 3397 3409 3460 sciunt,
3459 3395 3619 3449 facile

2045 3493 2365 3548 adinvenire
2403 3499 2676 3562 possunt:
2709 3490 3078 3560 longeitaque
3105 3488 3437 3558 iaculantes,
3471 3485 3617 3540 acri-

2041 3600 2122 3647 ter
2147 3596 2413 3662 pugnant,
2457 3589 2776 3659 phalangem
2816 3587 2955 3640 inter
3002 3581 3365 3654 proeliandum
3415 3578 3618 3633 adden-

2043 3691 2188 3743 sant,
2229 3679 2296 3734 ad
2325 3678 2505 3750 (suam
2525 3685 2737 3732 tantum
2762 3675 3078 3740 utilitatem)
3103 3671 3427 3742 praefantur,
3451 3683 3618 3736 exag-

2039 3769 2419 3844 gerationibus
2449 3766 2790 3822 audientium
2819 3765 3035 3819 animos
3072 3768 3478 3832 praeoccupant,
3517 3775 3618 3814 au-

2041 3863 2332 3920 xiliaribus
2381 3860 2548 3916 sociis
2585 3858 2953 3928 undequaque
3014 3857 3315 3923 Stipantur.
3376 3853 3618 3923 Insignis

2031 3962 2238 4014 autem,
2280 3948 2532 4016 idemque
2574 3943 2965 4015 insuperabilis
3002 3941 3202 4012 (dolus
3253 3941 3405 4010 ipsos
3448 3939 3617 3994 comi-

2034 4042 2236 4114 tatur),
2267 4041 2322 4095 in
2356 4052 2546 4095 eorum
2577 4036 2858 4093 exercitus
2888 4034 3084 4089 ducem
3105 4033 3428 4102 designatus
3451 4071 3465 4095 ,
3495 4039 3618 4083 tau-

2045 4145 2212 4203 quam
2247 4127 2587 4184 ambidexter
2608 4123 2830 4195 quidam
2861 4128 3151 4193 pugnator,
3189 4121 3363 4190 prima
3396 4119 3451 4173 in
3475 4119 3614 4182 acie,

2047 4231 2282 4291 utraque
2326 4232 2492 4271 manu
2536 4213 2850 4275 decertans,
2902 4222 2959 4267 ct
3002 4211 3106 4265 bac
3155 4209 3372 4278 quidem
3411 4207 3616 4262 tributa

2045 4327 2112 4369 ex
2145 4311 2251 4368 sibi
2299 4307 2538 4367 subditis
2576 4306 2865 4376 colligens,
2924 4303 3015 4356 illa
3054 4315 3182 4356 vero
3226 4300 3419 4354 obvios
3450 4312 3618 4367 quos-

2045 4419 2153 4476 que
2189 4403 2506 4459 vulnerans.
2557 4398 2716 4466 Quod
2762 4399 2807 4453 si
2848 4411 2934 4464 ea,
2973 4410 3095 4465 qua:
3124 4393 3192 4448 ad
3238 4392 3464 4462 privatae
3495 4390 3617 4444 vitm

2048 4503 2252 4550 nostra:
2291 4492 2560 4548 rationem
2613 4490 2904 4560 pertinent,
2942 4502 3182 4558 quaeras,
3212 4486 3320 4539 alia
3355 4485 3618 4554 hujusce-

2045 4673 2117 4743 itﬁa
2177 4675 2388 4730 restitui
2431 4674 2661 4738 debere,
2696 4671 2970 4742 ὀψιμαθὴς
3026 4671 3366 4740 κακοτρόπου
3410 4671 3614 4743 ταύτης

2043 4742 2156 4814 τῆς
2173 4744 2505 4814 πανουργίας
2531 4744 2831 4814 γινόμενος.

2116 4813 2195 4883 (8|
2207 4832 2225 4884 )
2254 4810 2480 4884 Videtur
2535 4810 2682 4884 loqui
2735 4811 3012 4884 Eyssenus
3053 4813 3124 4884 de
3173 4810 3608 4884 Macedonianis;

2043 4881 2169 4936 nam
2195 4881 2392 4937 Similia
2426 4883 2494 4938 de
2523 4881 2730 4937 eisdem
2761 4881 2919 4935 liabet
2965 4882 3200 4937 Basilius
3256 4883 3310 4934 in
3348 4881 3487 4932 librn
3540 4881 3614 4933 De

2043 4949 2248 5019 Spiritu
2274 4964 2484 5016 sancto,
2505 4953 2684 5020 capite
2711 4951 2922 5020 ultimo,
2943 4953 3031 5005 ubi
3053 4952 3310 5005 miserum
3338 4949 3610 5004 Ecclesia-

2045 5037 2163 5074 rmu
2195 5022 2421 5076 orientis
2453 5019 2653 5075 statum
2690 5019 2809 5074 fuse
2839 5019 3118 5074 describit.

2111 5090 2223 5158 (82)
2265 5091 2342 5158 Τῇ
2375 5090 2736 5155 διδασκαλίᾳ
2785 5127 2823 5141 ..
2848 5129 2870 5158 Α.
2911 5090 3124 5158 Ικανοί.
3180 5086 3257 5142 Id.
3303 5087 3609 5143 διδάσκαλοι

2037 5156 2138 5228 τῆς
2173 5156 2360 5268 (rapid;
2388 5160 2526 5213 εἰσὶν
2566 5159 2740 5211 ἱκανοὶ
2763 5156 2983 5229 ταύτης.
3023 5157 3192 5214 Paulo
3225 5168 3372 5226 ante,
3413 5161 3487 5222 ὡς
3516 5162 3609 5214 καί

2045 5267 2128 5281 ....
2173 5247 2250 5283 εν.

2111 5300 2224 5368 (85)
2265 5298 2582 5368 Τοιγαροῦν
2745 5297 3092 5368 πρόσφορον
3141 5298 3365 5368 αὐτοῖς,
3392 5302 3611 5366 προλο-

2039 5365 2314 5438 τίζονται.
2359 5365 2439 5420 Id.
2472 5365 2740 5438 συστάδην
2891 5365 3094 5438 ἀφανὲς
3125 5365 3555 5437 προλοχίζονται.

2113 5437 2225 5504 (8i)
2276 5437 2544 5506 Ὀμαρτεῖ
2571 5437 2770 5506 δόλος.
2817 5437 2898 5506 bl.
2929 5437 2959 5489 ό
2989 5438 3269 5506 μαμωνᾶς.

2115 5507 2225 5576 (-85)
2253 5505 2619 5577 fideliora“.
2637 5505 2834 5577 ἀλλων.
2863 5505 2925 5560 Ει
2947 5505 3090 5577 mox,
3120 5507 3178 5559 ὲν
3204 5507 3302 5576 ῑσῳ
3331 5522 3439 5577 pro
3457 5507 3603 5561 εἵσω.

2115 5574 2228 5646 (86)
2249 5576 2324 5629 Ita
2351 5574 3304 5646 emendandumcensui_Vaticanmit
3333 5574 3602 5646 codicem,

2047 5646 2107 5768 ir;
2125 5642 2482 5731 quo'legitur,
2509 5645 2602 5699 καὶ
2630 5646 2676 5698 εἰ
2705 5644 2779 5714 μὴ
2805 5643 3112 5699 διεκπίπτει
3145 5645 3243 5710 τῆς
3279 5645 3423 5713 ζωῆς
3451 5642 3609 5714 ἡμῶν

2047 5734 2075 5768 τ
2144 5732 2411 5768 γιτωνιον.

2046 5732 2107 5769 το
2143 5734 2176 5785 χ
2183 5732 2411 5770 ιτωνιον.
