4092 6368
513 371 642 426 1071

1748 368 1804 423 s.
1837 339 2162 425 causam:
2199 356 2491 424 NYSSENI

3627 362 3765 417 i072

477 490 656 544 :modi
701 491 982 555 invenies;
1027 491 1414 546 domunculam
1471 492 1544 544 ita
1590 499 1820 556 arctam,
1855 499 1913 544 ut
1943 505 2080 560 pene

2187 489 2466 561 περιρρέοι
2511 488 2649 541 κατὰ
2695 489 2754 540 τὸ
2790 489 3014 554 πλάγιον
3058 488 3211 560 ἡμῶν
3244 491 3276 557 ἡ
3329 485 3556 548 διπλοῖς,
3591 483 3764 536 ταῦτα

511 582 760 646 sull‘ocet,
797 590 849 634 et
882 583 1086 652 algore,
1115 581 1380 643 tenebris,
1411 580 1687 650 angustia,
1718 579 2085 649 omnibusque

512 671 633 726 aliis
669 672 720 725 id
765 687 936 742 genus
976 672 1136 726 bonis
1174 673 1591 736 abundantem;
1629 671 1794 724 vitam
1837 671 2082 724 omnium

509 763 788 826 censuris,
835 773 888 817 et
936 763 1461 832 reprehensionibus
1510 762 1828 825 obnoxiam,
1871 776 2080 825 vocem,

508 853 794 906 oculorum
839 853 1168 918 contuitum,
1203 853 1480 914 vestitum,
1529 867 1728 906 manus
1760 861 1989 915 motum,
2030 859 2085 905 et

509 942 705 1012 pedum
763 944 1088 1012 posituram,
1143 944 1323 1013 qualis
1384 959 1577 1012 nempe
1637 944 1731 1009 sit,
1775 951 2082 1011 creteraque

508 1032 694 1086 omnia
747 1033 968 1088 curiose
1010 1035 1175 1088 nimis
1218 1035 1544 1099 observata;
1601 1042 1655 1086 et
1704 1033 1810 1088 nisi
1861 1047 2080 1102 gravem

509 1122 709 1191 sacpius
755 1123 1054 1177 anhelitum
1105 1124 1258 1189 edas,
1302 1126 1462 1194 eique
1512 1134 1777 1196 perpetua
1814 1125 2081 1194 adjungas

509 1213 771 1282 suspiria,
798 1229 828 1268 e
859 1230 996 1268 zona
1031 1215 1218 1270 tunica
1250 1216 1488 1280 difﬂuat,
1525 1218 1607 1271 vel
1641 1227 1696 1271 et
1729 1218 1905 1287 ipsum
1933 1231 2083 1270 zonae

510 1317 667 1355 u'sun‘i
716 1291 977 1374 negligas,
1025 1318 1089 1360 ac
1133 1306 1369 1376 denique
1415 1309 1801 1362 sinistrorsum
1861 1307 2080 1376 palliuai

506 1393 742 1460 decidat,
772 1397 905 1460 Ιιωιτ,
934 1398 1182 1466 inquam,
1207 1401 1391 1452 omnia
1429 1401 1482 1453 ni
1521 1400 1676 1465 fiant,
1718 1399 1845 1453 belli
1886 1399 2083 1452 adver-

507 1499 604 1538 sus
648 1501 747 1540 nos
786 1490 1007 1543 occasio
1050 1489 1247 1555 oritur,
1293 1499 1347 1545 et
1377 1489 1531 1546 hisce
1566 1491 1633 1546 de
1678 1491 1842 1546 rebus
1875 1489 2081 1560 singuli

2188 583 2365 636 πάντα
2410 581 2485 651 μὴ
2532 580 2812 651 γινόμενα,
2860 581 3099 651 πολέμου
3146 579 3238 632 τοῦ
3285 579 3395 649 (87)
3442 576 3579 649 πρὸς
3616 576 3764 645 ἡμᾶς

2188 672 2444 734 ὑπόθεσις
2487 672 2716 740 γίνεται,
2769 672 2862 724 καὶ
2901 671 2992 723 ἐπὶ
3023 670 3231 734 τούτοις
3264 672 3383 722 κατ’
3417 668 3633 737 ἄνδρας,
3670 666 3764 718 καὶ

2185 761 2409 832 δήμους,
2457 763 2550 814 καὶ
2598 761 2873 831 ἐσχατιὰς,
2921 761 3056 832 πρὸς
3101 761 3198 830 τὴν
3229 759 3349 813 καθ’
3395 757 3548 828 ὑμῶν
3589 757 3764 826 μάχην

2189 854 2553 908 συνίστανται.
2600 852 2815 924 Ἐπειδὴ
2845 854 2947 906 οὐκ
2980 853 3094 904 ἔστι
3136 852 3223 905 διὰ
3255 851 3471 904 πάντων
3504 850 3763 920 πράττειν

2189 946 2389 1008 καλῶς,
2417 945 2450 1015 ἢ
2495 945 2701 1007 κακῶςο
2732 944 2993 1014 μέμικται
3036 945 3141 1014 γὰρ
3167 944 3242 1006 ὡς
3281 941 3510 996 ἐπιπολὺ
3542 940 3628 993 διὰ
3656 939 3768 992 τῶν

2189 1037 2447 1091 ἐναντίων
2478 1037 2643 1088 πᾶσιν
2672 1035 2700 1086 ὁ
2730 1034 2844 1105 βίος
2868 1050 2881 1064 ·
2919 1036 2967 1087 εί
3008 1035 3064 1088 δὲ
3091 1035 3153 1087 τὺ
3180 1033 3271 1086 σὺν
3299 1035 3432 1103 ἡμῖν
3465 1031 3604 1084 κατὰ
3625 1028 3768 1080 ΘεοῦΔ

2189 1128 2346 1198 χάριν
2391 1127 2650 1197 διηνεκῶς
2697 1125 2921 1196 παρείη,
2967 1126 3264 1194 ὑποίσομεν
3306 1125 3406 1194 τὴν
3451 1122 3560 1175 τῶν
3585 1120 3771 1191 ἀηδῶν

2189 1216 2490 1285 δαψίλειαν,
2541 1217 2626 1269 ἐπ’
2671 1216 2846 1269 ἑλπίδι
2895 1215 2987 1269 τού
3016 1217 3115 1286 τῆς
3157 1217 3257 1285 σῆς
3303 1215 3633 1284 ἀγαθότητος
3675 1211 3766 1264 διὰ

2189 1308 2388 1370 παντὸς
2420 1307 2688 1378 μετέχειν.
2713 1309 2803 1376 Μή
2828 1325 2956 1360 ποτε
2991 1303 3082 1360 οὖν
3105 1306 3340 1360 παύσαιο
3362 1304 3583 1358 τοιαῦτα
3605 1319 3764 1372 χαρι-

2190 1399 2434 1468 ζόμενος,
2457 1399 2523 1450 δι’
2554 1392 2628 1451 ὧν
2657 1399 2749 1450 καὶ
2774 1399 2920 1468 ἡμᾶς
2949 1396 3302 1462 ἀναπαύσεις,
3337 1397 3434 1449 καὶ
3473 1393 3651 1462 σαυτῷ
3672 1393 3768 1445 τὸν

2190 1490 2282 1543 ἐπὶ
2313 1492 2431 1553 ταῖς
2462 1489 2701 1553 ἐντολαῖς
2735 1488 2925 1560 μισθὸν
2956 1489 3123 1543 πλείω
3163 1487 3621 1559 παρασκευάσεις.

505 1578 709 1646 quique
745 1578 867 1644 viri,
898 1580 1106 1649 populi,
1140 1579 1380 1650 ipsaeque
1406 1581 1751 1644 solitudines,
1776 1591 1828 1636 et
1858 1579 2264 1651 provinciarum
2321 1579 2457 1633 lines
2515 1579 2579 1632 ad
2641 1595 2876 1652 pugnam
2916 1581 3181 1635 adversus
3219 1595 3321 1634 nos
3391 1578 3767 1633 concitantur.

509 1665 708 1721 Verum
751 1682 853 1722 nec
901 1681 1166 1740 perpetuo
1215 1671 1399 1727 felices
1458 1687 1712 1743 prorsus,
1758 1670 2159 1739 fortunatique,
2203 1684 2304 1724 nec
2337 1671 2563 1723 omnino
2597 1670 2783 1723 miseri
2823 1683 2948 1724 esse
2969 1684 3290 1740 possumus,
3320 1665 3764 1738 quandoquidem

505 1762 799 1817 contrariis
836 1766 1122 1820 eventibus
1166 1767 1435 1832 omnium,
1492 1776 1550 1821 ut
1610 1766 1928 1837 plurimum,
1971 1765 2081 1820 vita
2121 1773 2473 1834 temperatur.
2519 1766 2587 1818 At
2628 1766 2674 1819 si
2713 1774 2805 1820 tua
2845 1765 3220 1820 benevolentia
3255 1763 3436 1828 nobis,
3506 1761 3617 1816 Deo
3680 1760 3766 1830 ju-

507 1858 688 1914 vante,
733 1853 938 1923 jugiter
970 1863 1169 1924 praesto
1216 1857 1308 1921 sit,
1360 1865 1566 1912 tantam
1604 1859 1870 1911 malorum
1940 1854 2364 1919 multitudinem,
2437 1865 2600 1926 atque
2654 1857 2853 1910 molem
2903 1855 3322 1920 sustinebimus,
3355 1870 3420 1910 ea
3461 1868 3557 1923 spe
3615 1852 3767 1915 freti,

507 1944 622 2000 fore
664 1958 724 2000 ιιι
765 1947 983 2003 tandem
1029 1950 1327 2020 aliquando
1378 1960 1468 2005 tua
1510 1952 1784 2021 probitate
1817 1958 2080 2021 perpetuo
2118 1950 2277 2002 nobis
2314 1949 2420 2002 l'rui
2457 1952 2636 2005 liceat.
2676 1949 2802 2004 Haec
2835 1951 3020 2021 itaque
3052 1951 3213 2006 nobis
3285 1948 3552 2020 impertiri
3617 1962 3764 2002 nun-

504 2051 667 2106 quam
697 2038 939 2107 desinas,
983 2043 1184 2111 quibus
1222 2051 1275 2096 et
1311 2043 1470 2097 nobis
1501 2060 1607 2096 non
1649 2059 1839 2113 parum
1875 2041 2059 2097 solatii
2093 2040 2308 2107 alit-res,
2334 2051 2387 2095 et
2411 2044 2736 2112 promissam
2786 2045 2840 2098 in
2875 2043 3077 2100 divinis
3120 2042 3393 2098 mandatis
3433 2041 3766 2104 mercedem,

508 2133 796 2205 largiorem
832 2134 931 2188 tibi
969 2136 1316 2206 comparabis
1347 2137 1479 2206 (88).

932 2445 1262 2501 EPISTULA
1307 2445 1427 2500 xrx
1471 2445 1603 2514 (89).

2727 2438 3070 2494 ΕΠΙΣΤΟΛΗ
3129 2437 3246 2518 ιον,

510 2622 803 2696 (Σαλα-διίστη
850 2621 1094 2696 Joannis
1114 2624 1376 2676 antistitis
1432 2624 1540 2696 (uti
1582 2624 1635 2675 in
1668 2623 1771 2690 ﬁne
1797 2621 2032 2696 epistola:
2085 2617 2360 2696 manifeste
2396 2615 2764 2686 signiﬁcatur)
2805 2614 3043 2696 epistola:
3077 2613 3416 2696 respondens,
3456 2612 3520 2668 de
3553 2614 3615 2667 iis
3648 2631 3766 2685 qua:

576 2685 809 2746 Joannes
861 2693 1254 2756 sciscitabatur,
1308 2685 1631 2744 conscribere
1668 2685 1775 2742 'aut
1823 2685 2106 2758 quidquam
2145 2689 2404 2756 inquirere
2443 2685 2552 2758 tum
2589 2701 2740 2752 posse
2772 2692 3044 2758 se-negat,
3087 2685 3182 2758 otii
3219 2685 3448 2752 inopiam
3487 2699 3763 2741 excusans.

577 2762 1048 2830 acerbissinmsque
1076 2752 1411 2814 calamitates
1441 2761 1627 2828 quibus
1654 2752 2024 2830 premebatur:
2046 2774 2176 2830 quas
2199 2752 2589 2830 enumeratione
2612 2755 2944 2830 prosequitur
2975 2768 3007 2804 a
3038 2752 3269 2830 quadam
3297 2770 3476 2809 sorore
3509 2770 3764 2830 exorsus;

577 2833 646 2884 ad
681 2848 837 2901 quam
887 2823 1003 2897 post
1038 2832 1360 2901 diuturnum
1395 2823 1592 2896 tempus
1631 2823 1938 2901 intuendam
1984 2823 2344 2901 cum‘lon‘qum
2389 2828 2656 2893 ingressus
2697 2833 2846 2901 esset.
2874 2823 2994 2885 iter,
3030 2823 3650 2901 vix_cottspectam_tet'tia
3680 2825 3767 2877 die

578 2891 799 2954 mortem
845 2891 1227 2954 accumbentem
1273 2901 1475 2963 amisit,
1497 2891 1606 2952 'cui
1634 2899 1823 2953 deinde
1845 2900 1995 2966 justa
2021 2898 2164 2963 fecit.
2198 2891 2386 2948 Rerum
2419 2891 2698 2966 sacrarum
2745 2891 3059 2946 Galatarum
3087 2893 3264 2966 clades
3293 2897 3547 2961 exponit;
3585 2894 3769 2948 Iburo-

577 2987 792 3039 rumquc
821 2971 1146 3039 legationes;
1179 2982 1235 3021 ut
1268 2961 1470 3039 eorum,
1503 2980 1710 3022 mortuo
1738 2961 1995 3039 antistite,
2022 2961 2210 3019 curam
2247 2975 2392 3039 gerat
2420 2982 2436 3028 ;
2470 2963 2961 3039 ctﬁebastenorum
2988 3003 3002 3027 ,
3039 2970 3097 3012 ut
3123 2961 3475 3039 adversarum
3500 2973 3765 3039 sectarum

583 3032 973 3093 incursionibus
1010 3032 1252 3092 obsistat.
1288 3038 1458 3092 lbortr
1484 3041 1775 3092 antistitem
1806 3038 2138 3108 designatum
2169 3051 2223 3088 se
2253 3035 2490 3087 declarat
2520 3033 2742 3108 invitum
2764 3049 2792 3108 ;_
2817 3043 3090 3093 motasque
3117 3032 3172 3084 in
3205 3035 3373 3108 sacris
3405 3051 3584 3108 eorum
3610 3036 3764 3108 rebus

577 3110 891 3163 seditionum
906 3114 1099 3178 turbas
1129 3109 1350 3161 indicat.
1391 3108 1804 3178 Babyloniorum
1828 3101 2203 3178 dissensiones,
2227 3119 2494 3178 moresque
2525 3101 2909 3178 perditissimo:
2937 3110 3174 3178 enarrat.
3222 3104 3448 3158 Tandem
3468 3104 3767 3178 epistolam

577 3179 838 3234 concludit
881 3177 1081 3233 Joanni
1116 3179 1366 3247 pollicens
1411 3170 1782 3234 obsEcuturum
1806 3194 1859 3232 se
1880 3178 1927 3231 ei
1969 3186 2018 3231 et
2051 3175 2208 3244 ﬁdem
2242 3174 2608 3237 liberaturum,
2633 3173 2678 3225 si
2710 3182 2802 3225 aut
2840 3182 3042 3240 tempus
3072 3170 3262 3227 habeat
3289 3185 3380 3228 aut
3409 3174 3478 3228 ad
3512 3170 3684 3244 ipsum
3717 3174 3769 3227 is

581 3251 758 3304 adeat.

511 3406 755 3478 Epistola
777 3408 844 3460 ad
861 3407 1134 3477 quemdam
1166 3404 1424 3478 Joannem
1450 3405 1513 3458 de
1531 3407 1882 3478 quarumdam
1907 3421 2080 3458 rerum

2198 3402 2527 3478 Ἐπιστολὴ
2562 3403 2710 3478 πρός
2739 3419 2872 3478 τινα
2894 3402 3157 3478 ξιωςίννη

581 3476 947 3547 argumentis;
995 3492 1058 3529 ac
1116 3477 1450 3547 denactione,
1477 3486 1526 3529 et
1560 3477 1802 3530 instituto
1833 3476 1951 3528 ritu:
1986 3491 2080 3527 cu-

578 3545 790 3600 iusdam
812 3547 1010 3600 sororis
1044 3562 1155 3608 sua:
1179 3545 1456 3599 Macrinw.

577 3657 712 3711 Novi
749 3655 1013 3725 quosdam
1050 3657 1290 3726 pictores
1335 3656 1582 3710 inutilem
1633 3657 1782 3710 illam
1828 3658 2080 3712 ambitio-

509 3764 631 3804 nem
656 3748 953 3817 gratificari
1000 3757 1226 3818 aspectu
1281 3747 1437 3802 valde
1466 3749 1721 3817 turpibus
1763 3750 1991 3816 amicis;
2025 3750 2077 3804 in

508 3853 723 3904 eorum,
756 3847 816 3892 ut
839 3853 934 3891 sua
959 3839 1139 3908 imago
1163 3839 1441 3908 pingatur,
1475 3838 1658 3893 animo
1682 3853 2076 3908 propensorum

509 3929 739 3984 formam
786 3932 996 3999 pictura
1045 3929 1391 3984 immutando
1423 3948 1436 3984 :
1469 3931 1807 3985 contrarium
1859 3933 2079 4002 quidem

509 4020 638 4090 quid
672 4019 958 4084 facientes,
987 4034 1150 4090 quam
1181 4021 1285 4090 ipsi
1317 4021 1534 4089 .vellent
1567 4039 1581 4076 :
1614 4023 1668 4074 in
1703 4022 1906 4092 quibus
1936 4024 2080 4076 enim

510 4113 736 4180 picturae
761 4110 1067 4167 imitatione
1097 4119 1348 4166 naturam
1383 4113 1773 4182 propemodum
1806 4116 2083 4185 corrigere

507 4203 698 4256 volunt
724 4201 971 4271 pulchre,
999 4202 1341 4271 multumque
1359 4201 1570 4257 ﬂoridis
1591 4202 1906 4269 coloribus;
1936 4205 2080 4273 quod

509 4291 698 4348 forma:
731 4292 1088 4362 injucundum
1120 4301 1204 4349 est
1240 4294 1345 4348 sub
1389 4294 1573 4348 tabula
1595 4295 1939 4349 occultantes
1963 4296 2080 4350 em-

509 4387 648 4453 giem
694 4384 769 4438 ita
817 4392 1148 4455 permutant.
1188 4383 1302 4437 Illis
1334 4384 1414 4438 sic
1451 4383 1694 4452 profecto
1726 4398 1835 4436 non
1868 4386 2078 4438 lucrum

471 4464 591 4527 'est
643 4473 811 4527 ullum
856 4470 992 4527 ﬂava
1041 4488 1199 4527 coma
1249 4482 1304 4528 et
1350 4473 1663 4543 profunda;
1697 4475 1983 4529 incurvata
2028 4478 2078 4529 in

513 4564 708 4627 fronte,
744 4571 908 4632 atque
951 4563 1420 4635 circumfulgens;
1465 4575 1519 4620 et
1561 4565 1671 4629 ille,
1703 4567 1798 4636 qui
1838 4568 1891 4621 in
1926 4569 2082 4623 labiis

510 4655 629 4718 llos,
655 4664 710 4709 et
737 4656 830 4724 qui
849 4670 1015 4724 super
1038 4669 1206 4724 genas
1238 4643 1441 4722 rubor;
1478 4645 1974 4728 palpe‘brarumque
1995 4674 2083 4712 or-

3159 3419 3195 3457 ν
3234 3405 3370 3473 περί
3402 3417 3582 3458 τινων
3618 3407 3770 3459 ὐπο-

2256 3472 2509 3545 θέσεωνς
2541 3473 2641 3526 καὶ
2673 3473 2806 3540 περὶ
2845 3471 2964 3545 τῆς
2989 3471 3316 3545 maguum},
3337 3474 3436 3545 καὶ
3467 3474 3769 3529 καταστά-

2252 3558 2405 3609 σεως
2436 3541 2548 3610 τῆς
2585 3546 2864 3610 τοιαύτης
2898 3541 3388 3611 ἀδελφῆςάὺτοῦ
3433 3545 3775 3612 Μακρινης-

2251 3649 2384 3706 Οἶδα
2415 3651 2566 3716 τινὰς
2587 3652 2696 3706 τῶν
2723 3652 3029 3724 ζωγράφων
3061 3655 3371 3724 φιλοτιμίαν
3395 3655 3652 3725 ἀνόνητον
3671 3674 3772 3726 χα-

2185 3745 2430 3817 ρίζεσθαι
2463 3746 2575 3809 τοῖς
2621 3744 3046 3815 εἰδεχθεστέροις
3079 3746 3188 3804 τῶν
3221 3746 3410 3816 φίλων,
3455 3747 3515 3801 ὲν
3555 3747 3633 3817 τῷ
3666 3765 3764 3818 με-

2183 3837 2486 3908 ταγράφειν
2533 3836 2634 3905 τὴν
2684 3836 2896 3908 μορφὴν
2935 3839 3018 3900 είς
3049 3837 3234 3891 εἰκόνα
3270 3838 3768 3909 προθυμουμένων,

2185 3927 2423 3980 ἐναντίον
2467 3925 2524 3979 δέ
2564 3944 2615 3978 τι
2668 3927 2966 3981 ποιούντων
3011 3928 3045 3999 ἥ
3097 3927 3396 3997 βούλονταυ
3426 3929 3486 3983 ἑν
3533 3925 3617 3993 οἷς
3656 3932 3773 4001 γὰρ

2183 4016 2520 4088 διορθοῦνται
2544 4017 2706 4087 δῆθεν
2732 4021 2800 4088 τῇ
2831 4019 3060 4088 μιμήσει
3091 4019 3190 4090 τὴν
3220 4019 3382 4088 φύσιν
3405 4022 3518 4084 τοῖς
3544 4020 3768 4073 εὐανθε-

2186 4109 2394 4178 στέροις
2415 4109 2524 4162 τῶν
2561 4109 2890 4180 χρωμάτων,
2910 4110 2970 4162 τὸ
3004 4110 3104 4181 τῆς
3132 4114 3347 4182 μορφῆς
3373 4111 3532 4181 ἀηδὲς
3557 4113 3648 4165 ἐπὶ
3667 4114 3767 4166 τοῦ

2184 4198 2410 4261 πίνακος
2431 4199 2782 4270 κρύπτοντες,
2805 4199 2895 4252 τὸν
2919 4201 3246 4272 χαρακτῆρα
3274 4201 3768 4271 παραλλάττουσιν.

2197 4292 2283 4352 Ὠς
2329 4287 2420 4344 οὖν
2450 4291 2536 4343 ἐπ’
2581 4291 2804 4345 ἐκείνων
2851 4292 3041 4362 κέρδος
3093 4294 3192 4345 οὐκ
3244 4293 3390 4347 ἔστιν
3436 4295 3588 4350 οὐδὲν
3619 4297 3771 4367 κόμη

2186 4381 2351 4452 ξανθὴ
2379 4383 2473 4436 καὶ
2528 4382 2738 4451 βαθεῖα,
2785 4384 3220 4454 ὲπικυρτουμένη
3271 4385 3350 4456 τῷ
3395 4384 3630 4457 μετώπῳ
3671 4393 3768 4442 καὶ

2186 4473 2625 4542 περιστίλϐουσα,
2667 4475 2760 4527 καὶ
2795 4476 2856 4528 τὸ
2891 4476 2982 4528 ἐπὶ
3014 4475 3106 4528 τοῦ
3132 4477 3342 4546 χείλους
3377 4477 3556 4542 ἄνθος,
3587 4480 3679 4533 καὶ
3703 4482 3774 4534 τὸ

2185 4563 2276 4615 ἐπὶ
2303 4563 2402 4632 τῆς
2426 4567 2656 4635 παρειᾶς
2686 4566 2992 4636 ὲρύθρημα,
3018 4566 3299 4639 βλεφάρων
3324 4586 3384 4620 τε
3406 4569 3603 4634 κύκλος
3622 4612 3638 4636 ,
3668 4573 3772 4624 καὶ

2185 4654 2338 4717 ἀκτὶς
2367 4655 2650 4724 ὀμμάτων,
2681 4658 2773 4711 καὶ
2796 4657 2996 4727 ὀφρύες
3017 4659 3074 4710 ὲν
3101 4658 3178 4729 τῷ
3209 4659 3401 4729 μέλανι
3433 4661 3764 4724 στίλϐουσαι,

512 4745 617 4809 bis,
653 4755 706 4800 et
738 4745 1022 4798 oculorum
1055 4742 1277 4809 radius;
1321 4752 1485 4812 atque
1533 4745 1751 4812 nigrore
1799 4744 2076 4799 illucentia

2186 4747 2274 4798 καὶ
2305 4746 2610 4816 ἐπιλάμπον
2657 4751 2722 4818 τῇ
2775 4749 2938 4820 ὀφρύϊ
2987 4750 3267 4820 μέτωπονο
3300 4753 3394 4804 καὶ
3443 4753 3498 4806 εἴ
3538 4771 3590 4806 τι
3637 4754 3770 4808 ἄλλο

513 4835 840 4904 supercilia;
881 4848 945 4887 ac
972 4834 1025 4886 in
1067 4833 1378 4902 superciliis
1404 4833 1555 4889 l‘rons
1586 4848 1920 4895 coruscans;
1957 4846 2009 4890 et
2034 4851 2080 4889 δι

2186 4835 2385 4890 τοιοῦτο
2413 4838 2512 4904 τὴν
2540 4839 2638 4906 τῆς
2670 4841 2881 4910 μορφῆς
2913 4841 3062 4910 ὤραν
3091 4843 3562 4913 συναπεργάζεται
3583 4885 3598 4909 ,
3635 4846 3768 4916 (ἐὰν

513 4926 641 4996 quid
672 4925 816 4980 aliud
857 4925 963 4979 tale
991 4924 1180 4979 forma:
1210 4923 1434 4979 coniicit
1464 4925 1953 4994 opportunitatem.
1991 4927 2084 4980 Et-

513 5018 655 5071 enim
688 5017 734 5072 si
760 5025 1003 5069 anatura
1039 5031 1101 5070 ea
1133 5032 1242 5068 non
1275 5015 1513 5083 habeat;
1555 5017 1867 5086 cuicunque
1903 5017 2081 5086 picto-

2178 4927 2287 4996 γὰρ
2316 4928 2389 4998 μὴ
2412 4929 2562 4998 παρὰ
2589 4930 2690 5000 τῆς
2733 4931 2945 5000 φύσεως
2967 4931 3066 5004 ἔχῃ
3089 4933 3310 4987 τοιαῦτα
3336 4937 3364 4987 ὁ
3387 4937 3465 5006 τῷ
3490 4936 3768 5010 ζωγράφῳ

2182 5018 2468 5089 προτεθεὶς
2497 5020 2576 5083 είς
2607 5020 2706 5090 τὴν
2738 5022 2990 5092 μίμησιν,
3019 5023 3169 5076 οὐδὲν
3191 5024 3446 5079 ἀπώνατο
3469 5025 3568 5096 τῆς
3586 5029 3768 5081 τοιαύ-

512 5123 634 5161 rum
684 5107 1000 5177 propositus
1045 5106 1092 5162 is
1143 5108 1232 5170 sit,
1288 5116 1346 5161 ut
1393 5107 1604 5176 pictura
1639 5108 1959 5174 simuletur;
2010 5110 2080 5162 nil

2186 5125 2280 5178 της
2320 5109 2776 5183 φιλανθρωπίας)·
2809 5114 2900 5166 τὸν
2929 5114 3089 5167 αὐτὸν
3133 5116 3336 5186 τρόπον
3374 5117 3521 5172 δοκεί
3567 5137 3678 5189 μοι,
3712 5124 3769 5174 εἰ

514 5209 739 5263 prorsus
778 5195 1029 5248 utilitatis
1059 5210 1124 5249 es
1153 5193 1467 5265 hujusmodi
1492 5195 1867 5250 benevolentia
1889 5212 2080 5252 conse-

517 5293 732 5354 quetur.
790 5283 988 5339 Eodem
1031 5283 1191 5338 modo
1238 5284 1290 5339 id
1327 5286 1546 5340 evenire
1590 5286 1722 5339 mihi
1763 5285 2000 5352 videtur,
2033 5291 2080 5345 si

517 5376 641 5446 quis
673 5385 896 5445 propter
941 5375 1236 5430 amicitiam
1283 5377 1332 5430 ei
1379 5391 1535 5447 quem
1584 5377 1823 5444 adamat,
1857 5381 2079 5436 laudum

457 5577 460 5581 '
497 5557 1002 5700 ,καὲιξῖμέἓῖλέμῡυ
1028 5557 1156 5613 τοῦ.
1195 5556 1269 5614 Id.
1312 5559 1709 5630 πολεμούντων.
1736 5560 1906 5617 Paulo
1931 5571 2076 5632 post,

586 5698 696 5769 (88)
717 5698 994 5772 _t_|actenus
1024 5713 1089 5754 ex
1119 5698 1356 5756 editione
1381 5707 1435 5755 et
1463 5701 1912 5772 interpretatione
1931 5701 2076 5756 Lau-

515 5768 676 5825 rentii
717 5768 968 5840 Zacagni.

2187 5217 2268 5263 τις
2314 5201 2419 5254 ὑπὸ
2465 5202 2644 5271 φιλίας
2681 5205 2917 5258 ἐπαίνων
2960 5206 3266 5278 ὑπερϐολὰς
3299 5209 3377 5279 τῷ
3412 5209 3766 5282 ἀγαπωμένῳ

2187 5289 2478 5360 χαρίζοιτο,
2515 5293 2611 5344 καὶ
2658 5295 2992 5349 ἀναπλάσσει
3023 5297 3101 5368 τῷ
3142 5298 3285 5369 λόγῳ
3319 5299 3394 5370 μὴ
3439 5294 3550 5362 οἷὸς
3593 5301 3770 5366 ἐστιν,

2188 5381 2298 5434 ἀλλ’
2315 5377 2426 5436 οἷον
2445 5377 2580 5437 εἶναι
2605 5386 2868 5455 προσήκει
2885 5387 2974 5440 τὸν
2995 5389 3056 5440 ὲν
3070 5390 3233 5443 παντὶ
3248 5389 3308 5443 τὸ
3323 5390 3526 5444 τέλειον
3547 5389 3768 5460 ἔχοντα,

2385 5567 2706 5663 felquentes
2739 5573 3038 5663 (Epistolasn
3059 5585 3268 5663 septem
3305 5578 3494 5663 tit-seco
3515 5583 3767 5663 “primus

2182 5635 2435 5723 quique
2475 5635 2692 5723 ιίθιίρξξ
2728 5635 2874 5723 ‘l'écit
2919 5642 2968 5698 J.
3000 5644 3058 5699 B.
3097 5635 3422 5709 Caraccioli,
3446 5635 3486 5723 ί(
3511 5635 3766 5706 cauam;

2183 5704 2438 5762 Bibliot/t.
2478 5707 2564 5778 Vl,
2594 5710 2744 5782 624.)
