4092 6368
369 332 511 389 1073

1548 327 1927 385 EP'STOLA‘3.
1959 358 2028 368 -
2061 327 2278 383 EPIST.
2319 328 2450 393 XIX.

3500 330 3637 382 10H

366 453 446 523 τῷ
471 451 570 523 μὲν
597 450 740 521 λόγῳ
771 448 861 503 τὸν
891 447 1050 521 ὀρθὸν
1080 448 1195 519 βίον
1238 445 1578 512 ἐτυπώσᾳτο,
1601 447 1691 500 τὸν
1713 446 1770 499 δὲ
1805 447 1955 516 φίλον

2064 446 2480 515 exsuperantias
2515 444 2875 515 gratificetur,
2919 453 2973 501 et
3001 445 3181 517 ipsum
3213 459 3467 501 sermone
3492 445 3636 499 enin-

366 544 427 597 οὑ
461 542 660 612 μᾶλλον
690 543 951 611 ἐσέμνυνε
976 542 1096 604 ταῖς
1131 540 1239 593 τῶν
1273 532 1519 593 ἐπαίνων
1539 538 1885 609 ὑπερϐολαῖς,
1915 539 1947 609 ἢ

367 632 643 702 διήλεγξεν
693 632 1186 702 ἀντιφθεγγόμενον
1228 630 1318 684 διὰ
1358 630 1450 684 τοῦ
1500 630 1615 699 βίου
1660 628 1738 699 τῷ
1773 628 1947 699 λόγῳ,

370 724 464 776 καὶ
484 721 643 775 ἄλλον
669 722 1015 791 δεικνύμενον
1037 722 1069 792 ἢ
1098 716 1209 784 οἶος
1228 721 1528 792 νομίζεται.
1554 720 1617 773 Τί
1639 716 1733 773 οῦν
1750 723 1777 773 ὁ
1797 720 1951 787 λόγος

374 831 464 883 μοι
512 813 798 884 βούλεται;
834 809 987 865 Εἶδον
1020 814 1079 864 ἐν
1121 813 1233 874 τοῖς
1270 812 1559 880 γράμμασι
1592 810 1691 881 τῆς
1733 810 1953 879 ἀγάπης

374 924 465 958 σου
493 904 606 959 οἷον
636 904 922 975 ἀνδριάντα
966 903 1085 957 τινὰ
1126 903 1261 974 πρὸς
1298 902 1358 954 τὸ
1393 903 1689 974 ἀκρότατον
1715 903 1953 971 ἀπηκρι-

373 997 657 1068 ϐωμένον,
719 992 765 1065 ᾧ
807 996 975 1066 ὄνομα
1026 992 1093 1067 ἦν
1140 994 1250 1064 ἐγώ
1282 1013 1294 1025 ·
1342 996 1441 1063 ἐμὲ
1496 995 1604 1066 γάρ
1661 994 1849 1065 ἐδήλου
1892 994 1953 1046 τὸ

373 1090 625 1160 γράμμα.
675 1089 811 1142 Ἀλλ’
856 1087 1042 1158 ἐπειδὴ
1094 1087 1281 1159 ὥσπερ
1313 1088 1370 1139 ἐν
1411 1087 1697 1157 κατόπτρῳ
1740 1085 1817 1154 τῷ
1853 1085 1952 1155 βίῳ

374 1178 485 1247 ἐγὼ
505 1178 581 1248 τῷ
605 1177 838 1248 ἐμαυτοῦ
867 1177 1009 1230 κατά
1035 1178 1215 1230 πᾶσαν
1239 1175 1520 1246 ἀκρίϐειαν
1542 1175 1748 1240 ἐνιδὼν,
1781 1174 1952 1241 ἔγνων

369 1269 607 1340 ἐμαυτὸν
653 1267 910 1339 πάμπολυ
955 1268 1355 1338 κεχωρισμένον
1394 1268 1491 1338 τῆς
1535 1266 1622 1321 διὰ
1671 1267 1763 1320 τοῦ
1794 1267 1950 1335 λόγου

373 1362 586 1433 γραφῆς
610 1377 624 1391 ·
663 1361 722 1413 σὲ
755 1361 851 1429 μὲν
884 1358 1252 1430 ἀπεδειξάμην
1284 1360 1376 1414 καί¹
1402 1360 1489 1413 διὰ
1516 1360 1718 1414 τούτων
1752 1360 1810 1412 τὸ
1830 1360 1950 1427 φιλ-

372 1451 575 1518 άγαθον
617 1449 884 1516 δείξαντα.
921 1451 999 1501 Δι’
1028 1443 1102 1501 ὧν
1131 1449 1237 1520 γὰρ
1270 1450 1508 1504 τοιοῦτον
1540 1447 1679 1504 εἶναι
1705 1450 1949 1517 νομίσας,

371 1540 621 1594 τοσοῦτον
652 1542 966 1610 ἠγάπησας,
1002 1542 1404 1611 ἐναργεστάτην
1425 1539 1696 1605 ἀπόδειξιν
1722 1542 1818 1611 τῆς
1847 1542 1953 1593 τῶν

371 1633 587 1702 τρόπων
623 1649 715 1685 σου
745 1632 1045 1702 πεποίησαι
1084 1632 1410 1702 δεξιότητος.
1446 1634 1533 1696 Ὠς
1572 1633 1827 1702 οὐδεμίαν
1860 1633 1952 1687 ἄλ-

372 1723 471 1792 λην
495 1722 588 1775 τοῦ
633 1723 854 1793 ἀγαπᾷν
886 1722 1140 1794 ἀφορμὴν
1176 1723 1313 1794 πλὴν
1357 1722 1454 1795 τὴν
1496 1725 1718 1795 ἀρετὴν.
1758 1721 1826 1796 ἦς
1861 1728 1953 1779 καὶ

2054 544 2167 607 gat,
2203 552 2313 589 non
2365 538 2543 605 qualis
2592 546 2695 601 est,
2724 538 2821 593 sed
2856 539 3074 607 qualem
3119 553 3242 593 esse
3288 537 3444 591 decet
3484 552 3632 598 eum,

2054 625 2169 695 qui,
2201 627 2343 695 quod
2390 629 2613 681 omnino
2650 628 2950 697 perfectum
2984 638 3090 696 est,
3139 631 3367 684 obtinet.
3419 629 3634 682 Oratio-

2055 733 2122 772 ne
2152 718 2370 786 quidem
2414 727 2618 772 rectam
2656 719 2804 774 illius
2834 720 3002 773 vitam
3038 721 3085 775 is
3119 720 3346 790 ﬁgurat;
3395 720 3631 773 amicum

2055 824 2183 863 vero
2206 825 2267 863 ea
2297 808 2519 862 laudum
2556 809 2927 877 superlatione
2946 824 3054 863 nou
3079 812 3252 877 magis
3276 810 3628 865 veneratione

2055 900 2278 967 dignum
2315 899 2525 963 reddet,
2558 916 2721 969 (piam
2752 900 3046 970 redarguet
3084 901 3319 955 orationi
3355 904 3462 955 vita
3498 916 3631 956 con-

2057 991 2447 1058 tradicentem;
2468 1001 2522 1045 et
2546 992 2711 1045 alium
2740 1007 2863 1047 sese
2896 992 3300 1055 ostendentem,
3319 1008 3482 1061 quam
3498 1008 3634 1062 qua-

2056 1084 2125 1138 lis
2167 1084 2534 1138 existimatur.
2580 1082 2722 1149 Quid
2752 1084 2921 1153 igitur
2956 1084 3056 1138 sibi
3088 1085 3203 1137 vult
3224 1099 3378 1138 meus
3410 1085 3635 1138 sermo?

2058 1174 2177 1229 Vidi
2224 1176 2278 1229 in
2323 1177 2521 1230 litteris
2567 1176 2850 1231 charitatis
2903 1183 3009 1231 tum
3059 1177 3238 1245 qualis
3276 1184 3457 1231 statua
3487 1191 3632 1245 qua:-

2055 1262 2193 1322 dam'
2232 1283 2445 1325 summa
2500 1268 2783 1338 diligentia
2839 1276 2961 1323 erat
3013 1269 3087 1323 ibi
3154 1268 3433 1322 elaborata
3479 1283 3493 1320 :
3543 1269 3631 1321 cui

2056 1376 2252 1414 nomen
2289 1376 2440 1415 cram
2474 1376 2593 1430 ego.
2648 1359 2734 1415 Me
2779 1360 2982 1414 ctenim
3014 1359 3302 1414 manifeste
3353 1357 3631 1412 indicabat

2054 1454 2306 1523 cpistola.
2330 1452 2641 1514 At-deinde,
2667 1452 2745 1505 uti
2771 1452 2822 1505 in
2848 1451 3093 1521 speculo,
3123 1451 3176 1503 in
3203 1450 3425 1505 meimet
3456 1449 3632 1519 ipsius

2054 1547 2169 1599 vita
2217 1544 2364 1599 muni
2409 1544 2695 1614 diligentia
2736 1560 2835 1615 ego
2885 1559 2970 1598 me
3020 1543 3349 1613 inspiciens,
3397 1543 3629 1613 cognovi

2058 1655 2145 1692 me
2170 1638 2349 1706 ipsqu
2376 1638 2602 1691 omnino
2634 1637 2702 1691 ab
2741 1652 2805 1691 eo
2842 1635 3054 1705 scripto
3086 1643 3307 1705 propter
3334 1635 3488 1688 illum
3511 1648 3629 1689 ser-

2058 1744 2275 1783 monem
2315 1729 2521 1784 distare
2554 1738 2719 1797 atque
2759 1728 3058 1791 recedere;
3105 1737 3155 1781 te
3186 1742 3316 1781 vero
3348 1727 3632 1796 perspicue

373 1818 503 1887 ἡμῖν
531 1833 585 1868 τι
630 1816 868 1883 μετεῖναι
902 1813 1159 1884 νομίζων,
1191 1817 1247 1867 ἐν
1280 1816 1394 1876 τοῖς
1431 1815 1823 1884 γνησιωτάτοις
1849 1816 1958 1868 τῶν

2064 1822 2212 1875 sensi
2245 1835 2394 1887 eum,
2432 1820 2528 1890 qui
2555 1820 2636 1875 vel
2660 1826 2886 1890 propter
2917 1819 3033 1873 lucc
3065 1818 3354 1887 probitatis
3389 1831 3631 1871 amorem

373 1907 542 1974 φίλων
565 1906 743 1975 ἔσχες.
775 1905 866 1957 Διὸ
889 1905 1070 1965 καλῶς
1096 1905 1238 1975 ἔχειν
1260 1904 1447 1975 ᾠήθην
1466 1904 1533 1957 δι’
1560 1905 1797 1976 ἐμαυτοῦ
1824 1906 1959 1975 μᾶλ-

374 2000 465 2052 λον
497 1998 558 2052 τὺ
579 1996 820 2067 ἐμαυτοῦ
846 1997 1214 2068 γινώσκειν,ἢ
1249 2000 1370 2060 ταῖς
1401 1998 1604 2069 ἐτέρων
1633 2000 1959 2070 μαρτυρίαις

375 2090 738 2161 παράγεσθαι’
788 2088 889 2142 κᾶν
923 2090 981 2142 ἐν
1018 2090 1130 2152 τοῖς
1156 2088 1337 2152 ἄλλοις
1368 2091 1533 2143 πᾶσιν
1576 2084 1795 2167 ἀληθεῖς
1826 2084 1960 2142 ὦσιν

374 2184 423 2235 οἱ
461 2183 755 2254 μάρτυρες.
806 2181 975 2235 Τοῦτο
1022 2181 1130 2251 γὰρ
1176 2181 1269 2234 καὶ
1310 2183 1338 2235 ό
1373 2182 1747 2256 παροιμιώδης
1799 2181 1957 2253 λόγος

376 2276 692 2347 παρεγγυᾷ·
725 2274 935 2327 ἐαυτῶν
964 2274 1344 2344 ἐπιγνώμονας
1370 2275 1640 2341 γίνεσθαι,
1669 2275 1795 2338 τοὺς
1829 2275 1958 2346 μέλ-

374 2368 566 2430 λοντακς
606 2364 749 2419 κατά
786 2364 876 2417 τὸν
927 2363 1125 2430 ἔξωθεν
1168 2363 1326 2432 λόγον
1376 2365 1604 2427 ἑαυτοὺς
1645 2363 1958 2432 γινώσκειν.

386 2458 550 2511 Ἀλλὰ
570 2457 744 2511 ταῦτα.
771 2456 870 2523 μὲν
890 2457 971 2519 είς
989 2454 1263 2521 τοσοῦτον,
1288 2455 1364 2519 ὡς
1388 2454 1453 2509 ἂν
1477 2456 1551 2527 μὴ
1575 2455 1791 2526 δοκοίην
1811 2456 1961 2526 αὑτῷ

374 2549 454 2620 τῷ
489 2549 875 2620 παραιτεῖσθαι
916 2548 1008 2602 τόν
1057 2548 1297 2613 ¹ἔπαινον,
1347 2548 1456 2601 τῶν
1498 2548 1737 2603 ἐπαίνων
1776 2566 1960 2603 κατει-

379 2640 729 2711 ρωνεύεσθαι.
775 2640 928 2692 Ἐπεὶ
972 2640 1030 2693 δὲ
1065 2639 1388 2693 διεκελεύσω
1428 2639 1618 2707 λόγους
1647 2638 1800 2702 τινὰς
1832 2640 1961 2709 περὶ

376 2732 485 2785 τῶν
512 2734 644 2803 ἡμῖν
674 2731 1019 2801 ζητουμένων
1043 2732 1357 2801 πονήσαντα
1380 2729 1660 2799 ὠφελῆσαί
1686 2746 1739 2781 τι
1766 2728 1828 2780 τὸ
1850 2746 1963 2781 κοι-

378 2826 466 2878 νὸν
486 2825 575 2878 διὰ
594 2824 691 2893 τῆς
713 2821 966 2893 τοιαύτης
989 2822 1227 2890 σπουδῆς
1244 2838 1257 2852 ·
1286 2821 1520 2889 γίνωσκε
1545 2817 1795 2872 τοσοῦτον
1814 2820 1962 2889 ἡμᾶς

381 2916 775 2988 μετεσχηκέναι
803 2914 1021 2984 σχολῆς,
1052 2914 1176 2966 ὅσον
1209 2912 1406 2983 μικροῦ
1436 2912 1547 2964 δεῖν
1568 2911 1795 2973 ἐκεῖνος,
1833 2910 1962 2980 περὶ

377 3007 438 3063 οὑ
471 3010 605 3080 φησί
648 3027 733 3073 τις
782 3008 891 3061 τῶν
938 3006 1233 3077 προφητῶν
1263 3007 1345 3057 ὅτι
1382 3003 1722 3074 συμπλακεὶς
1766 3003 1958 3065 λέοντι,

379 3100 474 3153 καὶ
513 3099 672 3168 μόγις
716 3096 931 3158 διεκδὺς
977 3095 1038 3147 τὸ
1080 3094 1287 3163 χάσμα,
1325 3094 1421 3146 καὶ
1459 3092 1556 3162 τὴν
1601 3092 1709 3144 τῶν
1752 3091 1958 3160 ὀνύχων

379 3154 729 3257 ἀκμήνίκάίν
758 3184 787 3237 ὃ
812 3154 974 3255 μέρος
1156 3154 1398 3252 φεύγειν,
1431 3154 1589 3234 ἔλαθε
1626 3180 1762 3234 κατά
1785 3154 1957 3251 στόμα
1984 3154 2026 3212 c

378 3278 479 3347 τῆς
504 3278 706 3348 ἄρκτου
732 3276 1040 3346 γενόμενος.
1066 3271 1199 3328 Εἶτα
1224 3274 1443 3344 διαδρὰς
1470 3275 1565 3327 σὺν
1590 3274 1760 3341 ἀγῶνι
1780 3272 1959 3342 πολλῷ

382 3370 475 3423 καὶ
498 3370 685 3423 τοῦτον
712 3369 802 3421 τὸν
836 3368 1097 3431 κίνδυνον,
1133 3368 1227 3420 καὶ
1258 3367 1394 3435 πρὸς
1428 3366 1518 3419 τὸν
1558 3367 1737 3434 τοῖχον
1774 3365 1959 3427 ἑαυτὸν

381 3460 696 3527 ἀναπαύων,
745 3458 939 3529 ἐνέδρᾳ
994 3458 1087 3511 καὶ
1134 3457 1369 3528 δήγματι
1412 3457 1589 3525 ὄφεως
1639 3454 1959 3525 συνηνέχθη.

382 3551 615 3620 Τοιαύτη
646 3566 728 3612 τις
760 3547 950 3617 γέγονε
988 3548 1097 3599 τῶν
1128 3546 1602 3617 συμπεπτωκότων
1643 3546 1773 3615 ἡμῖν
1806 3545 1961 3596 ἀνια-

385 3644 495 3715 ρῶν
528 3645 562 3712 ὴ
598 3643 866 3712 συνέχεια.
897 3641 1008 3694 Καὶ
1031 3638 1205 3703 οὕτως
1243 3638 1533 3708 ἐπάλληλοι
1567 3637 1675 3689 τῶν
1702 3634 1962 3707 λυπηρῶν

382 3738 438 3789 αἱ
468 3734 711 3804 διαδοχαὶ
738 3733 825 3788 ἀεὶ
860 3735 981 3796 ταῖς
1018 3730 1344 3802 ὑπερϐολαῖς
1392 3728 1502 3782 τῶν
1538 3726 1961 3797 ἐπιγενομένων,

386 3827 557 3898 μικρὰ
586 3826 655 3879 τὰ
698 3826 979 3895 φθάσαντα
1020 3823 1198 3876 δοκεῖν
1240 3818 1380 3874 εἶναι
1427 3818 1961 3890 παρασκευάζουσαι.

386 3918 447 3970 Ei
471 3918 528 3970 δὲ
552 3916 629 3987 μή
664 3914 915 3987 φορτικόν
942 3915 1059 3966 ἐστι
1097 3912 1274 3983 λύπην
1307 3913 1420 3974 τοῖς
1453 3909 1710 3979 ἀγαπῶσι
1734 3910 1965 3980 χαρίσα-

386 4010 509 4063 σθαι
531 4013 643 4072 τοῖς
676 4008 1022 4080 σκυθρωποῖς
1057 4005 1415 4076 διηγήμασιν,
1449 4003 1751 4074 ἐκθήσομαί
1793 4021 1875 4055 σοι
1900 4002 1966 4055 δι’

384 4102 566 4169 ὀλίγου
588 4101 686 4169 τὴν
711 4098 885 4170 κακὴν
916 4097 1177 4169 ἱστορίαν.
1208 4092 1317 4150 Ἦν
1344 4097 1475 4167 ἡμῖν
1504 4095 1705 4164 ἀδελφὴ
1732 4094 1824 4146 τοῦ
1851 4094 1967 4163 βίου

384 4193 736 4256 διδάσκαλος,
761 4193 795 4259 ή
852 4190 989 4260 μετά
1034 4190 1131 4259 τὴν
1179 4187 1391 4259 μητέρα
1446 4189 1652 4257 μήτηρ,
1703 4184 1970 4255 τοσαύτην

386 4284 581 4354 ἔχουσα
614 4282 712 4351 τήν
736 4282 870 4351 πρὸς
898 4281 1031 4333 Θεὸν
1060 4278 1393 4351 παρρησίαν,
1426 4278 1566 4331 ὥστε
1606 4276 1812 4347 πύργον
1839 4278 1969 4347 ἡμῖν

388 4375 569 4445 ἰσχύος
618 4370 778 4437 εἶναι,
822 4371 917 4424 καὶ
966 4370 1129 4424 ὅπλον
1177 4371 1453 4434 εὐδοκίας,
1502 4368 1685 4431 καθώς
1725 4384 1890 4439 φησιν
1936 4368 1969 4436 ή

2058 1919 2112 1966 ct
2150 1912 2393 1965 studium
2440 1921 2960 1966 commonstrares:
3004 1924 3102 1979 per
3148 1925 3269 1980 qua:
3314 1908 3516 1964 etenim
3547 1922 3634 1963 me

2058 2003 2223 2057 talem
2251 2019 2375 2059 esse
2400 2003 2729 2058 existimans
2754 2009 2967 2055 tantum
3004 2002 3199 2057 amasti
3227 2018 3242 2068 ;
3287 2000 3527 2055 instituti
3551 2000 3632 2053 tui

2058 2095 2299 2150 solertia:
2328 2095 2756 2149 declarationem
2789 2094 2970 2149 fecisti
3011 2093 3481 2149 evidentissimam
3511 2110 3526 2157 ;
3575 2098 3635 2146 ut

2058 2184 2263 2238 nullam
2291 2185 2454 2237 aliam
2479 2198 2667 2238 amore
2687 2182 3077 2252 complectaris
3102 2182 3416 2237 facultatem
3441 2188 3637 2251 praeter

2060 2277 2321 2332 virtutem
2354 2292 2366 2328 :
2401 2276 2562 2345 cujus
2588 2284 2641 2330 ct
2672 2276 2828 2331 nobis
2871 2276 3169 2347 quidquam
3196 2276 3367 2344 partis
3396 2289 3519 2329 esse
3546 2273 3637 2342 ju-

2060 2367 2271 2431 dicans,
2318 2368 2463 2422 inter
2513 2369 2759 2421 omnium
2814 2370 3050 2423 maxime
3106 2367 3378 2438 legitimos
3427 2367 3638 2421 amice:

2061 2475 2162 2515 nos
2195 2460 2385 2515 habes.
2424 2459 2572 2514 Bene
2599 2460 2811 2514 idcirco
2832 2476 2956 2517 esse
2984 2460 3171 2530 putavi
3202 2476 3265 2513 ex
3294 2467 3491 2513 memet
3517 2458 3639 2528 ipso

2061 2551 2269 2623 magis,
2319 2568 2445 2622 qum
2484 2552 2539 2605 in
2583 2568 2669 2605 me
2712 2552 2832 2623 ipso
2862 2559 3027 2617 sunt,
3064 2552 3392 2622 dignoscere
3416 2592 3432 2617 ,
3470 2565 3636 2618 quam

2062 2644 2293 2697 aliorum
2327 2642 2658 2697 testimoniis
2708 2642 2936 2705 seduci,
2977 2642 3082 2695 etsi
3115 2642 3169 2694 in
3212 2641 3335 2693 aliis
3378 2640 3639 2693 omnibus

2062 2736 2178 2789 veri
2235 2736 2340 2803 ipsi
2397 2735 2509 2787 sint
2558 2741 2774 2788 testes:
2810 2733 2916 2786 hoc
2964 2734 3110 2786 enim
3158 2741 3213 2784 et
3276 2730 3640 2798 proverbialis

2063 2836 2250 2877 sermo
2299 2824 2660 2890 pronuntiat:
2699 2820 2796 2875 Sui
2848 2822 3025 2890 ipsius
3072 2821 3455 2889 exploratores
3509 2820 3641 2873 fiant

2064 2916 2162 2979 illi,
2204 2916 2296 2984 qui
2330 2930 2389 2970 se
2418 2915 2567 2984 ipsos
2604 2929 2835 2969 noscere
2869 2915 3068 2969 debent
3106 2915 3261 2983 juxta
3294 2929 3379 2977 ea,
3407 2928 3528 2982 qua:
3565 2915 3635 2968 ab

2062 3004 2306 3059 externis
2332 3004 2438 3057 sibi
2480 3003 2762 3058 dicuntur.
2794 3004 2861 3055 At
2894 3018 3025 3057 vero
3062 3004 3175 3056 lucc
3209 3017 3319 3055 non
3358 3003 3481 3056 ideo
3510 3002 3639 3072 qui-

2066 3095 2190 3150 dem
2243 3102 2469 3148 narrata
2510 3094 2618 3148 sint
2648 3132 2662 3156 ,
2700 3109 2763 3147 ac
2803 3094 2888 3155 si,
2928 3109 3051 3148 cum
3105 3094 3320 3148 laudem
3368 3108 3639 3155 recusem,

2063 3187 2197 3239 mihi
2247 3186 2434 3240 videar
2487 3201 2515 3238 a
2548 3187 2660 3240 tuis
2714 3185 2973 3239 laudibus
3011 3200 3108 3254 per
3142 3185 3642 3240 dissimulationem

2062 3277 2280 3332 illusus.
2307 3276 2582 3341 Quoniam
2614 3284 2798 3329 autem
2827 3278 3153 3330 cohortatus
3188 3292 3269 3339 es,
3309 3285 3366 3329 ut
3393 3276 3642 3345 quzedam

2063 3367 2132 3423 de
2186 3369 2255 3423 iis
2302 3382 2424 3437 qua:
2490 3383 2520 3421 a
2577 3367 2736 3422 nobis
2790 3367 3034 3436 qumsisti
3108 3367 3285 3421 dicam
3336 3368 3491 3437 ipse,
3551 3367 3644 3436 qui

2067 3458 2382 3527 hujusmodi
2446 3472 2614 3529 opera
2666 3466 2721 3513 et
2772 3460 2956 3513 studio
3005 3458 3290 3528 publicum
3344 3458 3643 3528 quidquam

2062 3551 2262 3621 juvare
2292 3552 2522 3606 elaboro
2563 3570 2576 3604 :
2608 3552 2751 3608 scito
2783 3554 2919 3606 tanti
2947 3552 3043 3605 otii
3089 3562 3343 3622 expertes
3378 3569 3478 3606 nos
3500 3568 3642 3616 esse,

2064 3650 2330 3712 quantum
2356 3642 2526 3698 lerme
2550 3644 2661 3705 ille,
2689 3651 2749 3696 ut
2774 3643 3006 3698 haberet
3035 3644 3125 3698 ille
3146 3683 3160 3707 ,
3194 3643 3261 3697 de
3287 3658 3397 3713 quo
3421 3644 3644 3713 quidam

2065 3735 2460 3804 prophetarum
2492 3735 2633 3789 dixit
2652 3736 2693 3767 ¹³
2718 3753 2732 3789 :
2759 3735 2908 3806 quod
2929 3752 3052 3790 cum
3081 3736 3237 3792 leone
3259 3737 3645 3805 complicatus,

2067 3834 2122 3881 et
2152 3842 2297 3896 aegre
2342 3826 2469 3882 inde
2511 3827 2790 3891 evadens,
2845 3842 2942 3896 per
2984 3843 3147 3896 quam
3175 3835 3385 3896 partem
3423 3828 3649 3896 putabat

2068 3920 2182 3974 oris
2232 3920 2440 3972 hiatum
2485 3920 2934 3989 ungularumque
2974 3920 3255 3988 cuspidem
3287 3918 3478 3988 fugere
3503 3959 3517 3983 ,
3552 3933 3648 3986 per

2068 4026 2187 4066 eam
2230 4010 2441 4066 inscius
2488 4018 2657 4080 atque
2696 4011 3012 4079 imprudens
3052 4026 3191 4066 urszr.
3222 4027 3285 4065 os
3317 4026 3484 4079 prope
3526 4010 3644 4063 fuit.

2070 4095 2281 4151 Deinde
2325 4105 2378 4152 et
2411 4112 2475 4153 ex
2514 4099 2620 4153 hoc
2652 4098 2901 4167 periculo
2942 4114 3148 4167 magno
3192 4114 3317 4152 cum
3349 4099 3650 4152 certamine

2070 4187 2355 4257 dilapsus,
2398 4198 2562 4259 atque
2600 4205 2760 4245 secus
2814 4205 3033 4243 murum
3091 4206 3150 4244 se
3178 4192 3377 4260 ipsum
3436 4192 3648 4260 requie-

2074 4295 2259 4341 scens,
2293 4296 2418 4334 cum
2449 4281 2665 4351 insidiis
2688 4290 2741 4335 ct
2765 4294 2955 4336 morsu
2979 4284 3252 4352 serpentis
3278 4284 3510 4337 collatus
3541 4291 3645 4337 est.

2076 4367 2225 4422 Talis
2260 4368 2512 4438 quaidam
2552 4369 2711 4423 nobis
2752 4368 2897 4423 facta
2930 4378 3014 4425 est
3054 4372 3379 4427 acerborum
3422 4386 3648 4426 casuum

389 4467 598 4537 Γραφὴ,
623 4465 719 4518 καὶ
742 4463 895 4517 πόλιν
920 4460 1181 4533 περιοχῆς
1210 4462 1305 4514 καὶ
1324 4461 1431 4512 πᾶν
1453 4459 1748 4527 ἀσφαλείας
1774 4458 1961 4527 ὄνομα,

2074 4460 2421 4515 continuatio
2454 4479 2467 4515 :
2507 4468 2561 4513 et
2612 4461 2687 4515 ita
2716 4468 2922 4516 mutuae
2950 4462 3195 4516 tristium
3233 4478 3418 4517 rerum
3446 4506 3460 4527 ,
3496 4478 3652 4517 exsu-

384 4560 473 4611 διὰ
499 4558 600 4628 τὴν
633 4553 944 4627 προσοῦσαν
986 4556 1051 4607 ἐκ
1092 4552 1187 4607 τοῦ
1230 4553 1345 4623 βίου
1380 4552 1519 4622 αὑτῇ
1554 4551 1687 4621 πρὸς
1721 4551 1809 4604 τὸν
1838 4551 1968 4604 Θεὸν

389 4646 719 4717 παρρησίαν.
753 4644 908 4713 ’ῼκρι
936 4643 993 4697 δὲ
1024 4642 1118 4696 τοῦ
1147 4642 1350 4695 Πόντου
1374 4641 1441 4695 τὰ
1480 4640 1701 4711 ἔσχατα,
1733 4642 1827 4695 τοῦ
1852 4641 1969 4710 βίου

385 4738 495 4791 τῶν
520 4736 823 4807 ἀνθρώπων
849 4735 1050 4805 ἑαυτὴν
1075 4734 1406 4799 ἐξοικίσασα.
1435 4734 1610 4805 Χορὸς
1629 4730 1697 4805 ἦν
1728 4737 1856 4804 περὶ
1882 4734 1970 4787 αὑ-

386 4830 486 4900 τὴν
514 4828 801 4900 παρθένιον
822 4827 1010 4891 πολύς.
1051 4829 1149 4890 Ἀς
1174 4827 1311 4896 αὑτὴ
1338 4826 1424 4880 διά
1451 4827 1559 4880 τῶν
1585 4825 1971 4895 πνευματικῶν

384 4922 591 4974 ὠδίνων
622 4920 950 4991 γεννήσασα,
984 4918 1078 4971 καὶ
1107 4920 1186 4981 είς
1223 4918 1499 4971 τελείωσιν
1520 4917 1606 4971 διὰ
1634 4917 1813 4986 πάσης
1850 4918 1971 4970 ἐπι-

388 5012 605 5083 μελείας
634 5012 970 5083 προάγουσα,
991 5009 1090 5081 τὴν
1122 5009 1229 5062 τῶν
1270 5008 1514 5077 ἀγγέλων
1547 5009 1797 5078 ἐμιμεῖτο
1826 5007 1971 5077 ζωὴν

385 5105 441 5154 ἐν
473 5102 800 5173 ἀνθρωπίνῳ
826 5101 906 5171 τῷ
945 5100 1175 5171 σώματι.
1211 5101 1324 5153 Οὑκ
1351 5096 1419 5169 ἦν
1444 5100 1713 5169 διάκρισις
1743 5100 1798 5151 ἐν
1831 5099 1971 5169 αὐτῇ

343 5251 349 5259 ι
386 5194 577 5255 νυκτὸς
637 5193 729 5246 καὶ
774 5192 988 5262 ἡμέρας
1013 5205 1028 5220 '
1062 5190 1195 5243 ἀλλά
1232 5192 1324 5243 καὶ
1370 5189 1464 5254 νὺξ
1506 5189 1726 5259 ἐνεργὸς
1776 5189 1832 5241 ἐν
1861 5191 1971 5251 τοῖς

384 5283 476 5335 τοῦ
511 5284 689 5351 φωτὸς
726 5281 907 5353 ἔργοις
948 5282 1255 5347 ἐδείκνυτο,
1285 5282 1378 5334 καὶ
1418 5281 1597 5351 ἡμέρα
1635 5281 1731 5351 τὴν
1776 5298 1970 5333 νυκτε-

388 5375 541 5444 ρινὴν
581 5375 809 5444 ἡσυχίαν
851 5374 931 5443 τῷ
979 5375 1239 5444 ἀταράχῳ
1280 5372 1380 5441 τῆς
1429 5372 1574 5441 ζωῆς
1622 5373 1965 5443 ὑπεκρίνετο.

385 5464 605 5533 Φωνῆεν
636 5461 703 5535 ἦν
726 5466 860 5535 αὐτῇ
883 5464 969 5517 διὰ
996 5466 1197 5527 παντὸς
1220 5464 1411 5535 χρόνου
1442 5463 1503 5515 τὸ
1523 5464 1642 5533 οῖκη
1653 5482 1745 5533 μα,
1775 5464 1966 5528 νυκτὸς

390 5558 479 5608 καὶ
527 5557 741 5629 ἡμέρας
783 5560 903 5621 ταῖς
942 5556 1281 5627 ψαλμῳδίαις
1324 5555 1771 5626 περιηχούμενον.
1818 5553 1971 5619 Εἶδες

467 5765 509 5795 ¹³
543 5765 729 5818 Amos.
755 5781 806 5829 v,
847 5765 929 5817 I'J.

2077 4552 2328 4621 perantia
2378 4568 2594 4622 semper
2634 4552 3049 4608 advenientium
3076 4594 3091 4619 ,
3131 4556 3520 4611 successiones
3568 4558 3652 4609 vi-

2074 4644 2276 4698 denlur
2329 4653 2453 4714 post
2508 4660 2677 4715 parva
2730 4649 3098 4718 praecedentia
3150 4664 3275 4705 esse
3314 4659 3534 4719 paratae.
3594 4650 3650 4703 Si

2074 4746 2258 4791 autem
2297 4752 2466 4806 grave
2501 4753 2613 4792 non
2648 4748 2734 4795 est
2756 4780 2771 4805 ,
2807 4742 3117 4819 molestiam
3150 4742 3232 4797 eis
3260 4743 3351 4812 qui
3389 4742 3650 4796 adaman-

2073 4837 2185 4892 tur,
2230 4829 2283 4882 in
2323 4830 2536 4885 tetricis
2570 4833 2984 4889 narrationibus
3020 4834 3318 4903 gratificari
3345 4877 3358 4899 ,
3395 4834 3649 4887 miseram

2074 4918 2372 4972 historiam
2406 4919 2503 4973 tibi
2560 4922 2753 4990 paucis
2788 4937 3080 4991 exponam.
3134 4923 3306 4976 Soror
3333 4932 3452 4977 erat
3492 4924 3650 4978 nobis

2076 5010 2203 5063 vita:
2256 5010 2562 5080 magistra;
2614 5027 2734 5081 qua:
2785 5019 2910 5080 post
2965 5020 3192 5065 matrem
3245 5012 3404 5067 nobis
3450 5022 3650 5078 mater,

2075 5107 2289 5154 tantum
2335 5102 2568 5154 habebat
2616 5102 2680 5153 a.l
2734 5099 2902 5155 Deum
2959 5102 3280 5155 interiorem
3316 5117 3603 5158 accessum
3634 5148 3648 5172 ,

2079 5204 2137 5247 ιιι
2169 5204 2224 5249 ct
2254 5193 2423 5247 turris
2459 5194 2618 5249 nobis
2643 5202 2789 5248 esset
2817 5193 3155 5249 fortitudinis
3185 5203 3237 5247 et
3267 5195 3422 5248 honre
3457 5198 3656 5250 volun-

2077 5284 2207 5338 tatis
2233 5292 2538 5347 armatura,
2564 5285 2731 5339 sicuti
2761 5284 2838 5338 ait
2873 5282 3168 5354 Scriptura
3198 5286 3261 5351 “,
3296 5287 3506 5342 eturbs
3537 5305 3655 5341 mu-

2077 5375 2327 5437 nitionis,
2360 5383 2416 5429 et
2465 5390 2626 5431 omne
2660 5376 2844 5430 tutela:
2875 5390 3072 5429 nomen
3101 5392 3115 5439 ;
3158 5386 3378 5445 propter
3407 5394 3531 5431 eum
3562 5380 3654 5447 qui

2076 5466 2182 5536 ipsi
2215 5482 2279 5520 ex
2311 5465 2434 5534 ejus
2464 5466 2575 5521 vita
2612 5467 2822 5531 aderat,
2856 5483 3139 5523 accessum
3177 5470 3242 5523 ad
3268 5471 3458 5526 Deum.
3496 5472 3653 5523 Inco-

2084 5560 2226 5614 lebat
2264 5569 2445 5615 autem
2504 5560 2662 5616 Ponti
2718 5572 3001 5626 ettrcma,
3071 5579 3195 5618 cum
3256 5581 3320 5619 ex
3369 5564 3651 5618 hominum

1012 5764 1222 5819 “Psal.
1255 5768 1428 5832 Lx,5;
1468 5783 1515 5831 ν,
1556 5767 1643 5833 l5;
1691 5783 1814 5832 xxx,
1853 5767 1951 5834 23;
1990 5784 2118 5834 cvu,
2162 5768 2243 5821 il.
