4092 6368
440 345 580 400 ίθῖῢ
1451 371 1458 380 -
1726 335 1785 392 S.
1820 332 2146 393 GREGORII
2183 332 2482 392 NYSSENI
3578 337 3716 395 1076

439 461 696 518 convictu
732 472 964 529 prorsus
1013 454 1364 528 emigrasset.
1410 453 1632 510 Chorus
1665 462 1786 509 erat
1814 455 2030 510 circum

2133 451 2198 508 ἂν
2232 453 2467 525 πρᾶγμα
2499 451 2592 524 καὶ
2629 451 2931 525 ὀφθαλμοῖς
2976 453 3394 528 ἀπιστουμενον,
3427 454 3609 527 σάρκα
3639 456 3716 527 μὴ

439 563 617 624 quam
651 551 927 622 virginum
981 549 1214 606 mullus.
1249 547 1400 614 Quas
1429 548 1551 618 ipsa
1582 546 1825 618 spiritali
1858 555 2022 618 partu

2133 543 2396 615 ζητοῦσαν
2419 543 2490 598 τὰ
2514 543 2642 597 ἰδιαο
2672 543 2936 616 γαστέρα,
2964 544 3217 617 καθάπερ
3241 546 3334 599 ἐπὶ
3355 544 3453 614 τῆς
3481 545 3715 598 ἀναπά-

441 643 660 713 genitas
689 641 756 696 ad
783 653 1001 695 morum
1029 651 1260 709 quoque
1283 635 1679 707 perfectionem
1719 634 1869 690 omni
1891 649 2028 690 cura

440 733 792 796 adducebat,
829 730 1154 802 angelorum
1203 727 1374 783 vitam
1409 727 1465 782 in
1513 727 1755 782 humano
1794 741 2030 797 corpore

443 823 678 877 imitata.
725 820 950 876 Nullum
1006 818 1062 872 in
1097 830 1163 870 ea
1195 816 1498 882 discrimen
1543 825 1665 872 erat
1699 815 1882 871 noctis
1907 857 1923 882 ,
1973 822 2031 870 et

441 913 572 968 dici.
615 911 722 967 Sed
757 921 812 968 et
853 926 963 968 uox
1006 910 1152 968 lucis
1181 909 1448 981 operibus
1493 921 1730 978 operosa
1761 906 2025 963 ostende-

445 1005 611 1058 batur
637 1019 652 1068 ;
695 1013 749 1059 et
771 1003 894 1059 dies
925 1011 1258 1058 nocturnam
1287 1001 1532 1072 quietem
1565 999 1731 1056 nullis
1759 999 1880 1054 vitae
1903 1006 2025 1054 tur-

2131 651 2268 698 σεως
2309 633 2708 704 ύποπτεύομεν,
2739 633 2878 706 πρὸς
2923 635 3024 699 τὰς
3050 636 3259 699 οίκείας
3285 635 3464 706 ὁρμὰς
3507 651 3715 706 κατηρ-

2129 725 2408 799 γτιμένην⁹
2437 725 2689 799 δακρύων
2720 725 2943 792 λιϐάδας
2979 728 3118 800 πρὸς
3148 727 3212 781 τὸ
3239 729 3340 798 τῆς
3373 727 3587 790 πόσεως
3617 725 3716 796 μέ-

2130 835 2260 890 τρον
2288 817 2690 890 ἐξησκημένας·
2722 817 2898 889 στόμα
2930 817 3170 890 μελετῶν
3197 817 3372 873 διόλου
3405 818 3498 872 τὸν
3526 816 3712 886 νόμον·

2132 909 2306 982 ἀκοὴν
2329 911 2445 976 τοῖς
2471 909 2638 974 θείοις
2671 909 3056 984 σχολάζουσαν·
3089 911 3246 982 χεῖρα
3277 908 3420 982 πρὸς
3441 908 3543 974 τὰς
3562 909 3714 962 ὲντοο

2133 1003 2232 1067 λάς
2281 1002 2604 1074 ἀεικίνητον.
2657 1001 2768 1057 Καὶ
2815 1001 2934 1065 πῶς
2973 1001 3040 1058 ἂν
3091 1018 3170 1066 τις
3221 1001 3316 1055 ύπ’
3363 1000 3488 1071 δψιν
3519 999 3715 1070 ἀγάγοι

445 1096 527 1149 bis
569 1094 888 1150 simulabat.
937 1093 1138 1150 Vocale
1161 1092 1398 1148 habebat
1433 1092 1555 1162 ipsa
1591 1089 1743 1146 omni
1780 1097 2027 1160 tempore

2137 1094 2369 1165 πρᾶγμα
2396 1091 2724 1164 ύπερθαῖνον
2746 1093 2850 1165 τὴν
2875 1092 2965 1147 διὰ
2989 1092 3098 1147 τῶν
3124 1091 3300 1162 λόγων
3326 1092 3576 1164 γραφήνς

444 1190 827 1254 domicilium,
891 1197 1058 1246 noctu
1113 1187 1465 1260 interdiuque
1515 1185 1693 1242 sacris
1746 1187 2004 1242 cautibus
2042 1175 2489 1246 circumsonans.
2550 1185 2782 1244 Videres
2839 1203 2955 1244 rem
3005 1187 3090 1245 vel
3133 1186 3240 1244 sub
3269 1185 3451 1242 oculis
3474 1182 3716 1240 incredi-

447 1283 646 1338 bilem:
679 1297 903 1338 carnem
937 1281 1158 1352 propria
1197 1295 1307 1335 non
1338 1286 1716 1350 quaerentem;
1749 1287 2018 1343 ventrem,
2059 1286 2223 1348 prout
2256 1293 2324 1334 ex
2353 1277 2478 1349 ejus
2500 1277 2856 1333 dctuolitione
2891 1277 3267 1348 suspicamur,
3296 1290 3328 1331 a
3397 1274 3520 1332 suis
3583 1287 3723 1344 pro.

447 1376 582 1446 priis
609 1376 1048 1446 appetitionibus
1077 1373 1808 1446 vacantem;lacrymarum
1874 1381 2064 1445 guttas
2135 1373 2206 1429 ad
2262 1381 2429 1445 potus
2487 1387 2804 1430 mensuram
2855 1373 3176 1440 exercitas;
3235 1385 3300 1428 os
3351 1369 3579 1426 omnino
3632 1367 3716 1424 leo

445 1486 566 1542 gem
627 1471 935 1538 meditans;
999 1471 1249 1526 auditum
1320 1471 1528 1527 divinis
1591 1465 1761 1527 reb'us
1830 1479 2166 1540 vacantem;
2247 1489 2474 1532 manum
2536 1475 2605 1529 ad
2699 1472 2964 1530 mandata
3020 1472 3230 1544 jugiter
3285 1467 3565 1526 mobilem.
3649 1461 3714 1520 Et

445 1579 686 1633 quanam
733 1564 949 1620 ratione
981 1562 1112 1634 quis
1141 1564 1248 1620 sub
1279 1572 1568 1636 aspectum
1611 1580 1728 1621 rem
1761 1564 2036 1622 adducere
2107 1567 2284 1639 possit
2335 1567 2610 1626 sermonis
2654 1565 3088 1638 descriptionem
3162 1578 3392 1636 prorsus
3440 1573 3706 1635 ευριπι-

447 1643 734 1726 cedentem
755 1658 780 1712 ἲ

516 1795 814 1866 Postquam
851 1797 1020 1868 igitur
1043 1811 1076 1852 a
1101 1797 1258 1854 vobis
1287 1798 1355 1853 ad
1388 1797 1746 1870 Cappadoces
1784 1797 2025 1870 primum
2058 1801 2108 1875 Β

446 1887 695 1953 eortstiti,
727 1887 978 1958 quaedam
1025 1889 1094 1945 de
1141 1904 1207 1945 ea
1262 1889 1478 1946 auditio
1519 1905 1624 1948 nos
1663 1891 2027 1962 perturbavit.

450 1978 646 2034 Decem
683 1979 865 2035 adhuc
901 1981 1116 2036 dierum
1153 1981 1481 2038 intermedia
1514 1982 1602 2038 via
1635 1991 1778 2038 erat.
1811 1981 1877 2038 Et
1901 1998 2030 2038 cum

449 2067 592 2122 banc
630 2083 890 2134 omnem,
927 2078 1198 2141 quantum
1245 2071 1362 2126 ﬁeri
1405 2072 1622 2142 potuit,
1673 2070 2032 2129 festinatione

450 2155 828 2226 perfecissem,
861 2157 930 2214 ad
955 2158 1191 2215 Pontum
1231 2160 1428 2216 adsum
1457 2177 1471 2214 :
1505 2169 1559 2216 et
1591 2161 1828 2232 inspexi.
1865 2172 1922 2218 et
1953 2166 2032 2217 in-

448 2253 672 2314 spectus
711 2246 812 2302 fui.
855 2247 925 2302 At
971 2263 1106 2304 vero
1149 2250 1612 2320 quemadmodum
1669 2251 1716 2305 si
1759 2253 1888 2322 quis
1932 2268 2031 2324 per

450 2335 738 2390 meridiem
781 2337 887 2392 iter
919 2337 1134 2394 habens
1179 2337 1299 2394 sole
1331 2353 1564 2409 corpore
1591 2341 2026 2412 circumseptus,

447 2427 514 2491 ad
543 2427 834 2496 quemdam
864 2427 1070 2484 fontem
1093 2443 1418 2494 accurrens,
1456 2431 1614 2501 prius
1636 2449 1802 2503 quam
1825 2450 2025 2504 aquam

449 2519 707 2588 attingat,
734 2517 889 2588 prius
907 2533 1071 2588 quam
1097 2519 1340 2590 linguam
1361 2521 1684 2592 refrigeret,
1707 2523 2024 2588 confestim,

451 2607 551 2675 ipsi
583 2607 860 2668 exsiccata
907 2606 1079 2673 fonte,
1112 2609 1392 2679 pulverem
1425 2610 1676 2666 eﬂ'ectatu
1717 2627 1916 2682 aquam
1952 2613 2030 2667 iu-

449 2697 670 2766 veniat;
723 2699 794 2752 ita
827 2707 882 2752 et
915 2700 1070 2769 ipse,
1111 2715 1238 2754 cum
1289 2715 1408 2755 eam
1458 2717 1624 2769 quam
1673 2704 2027 2772 exoptabam,

449 2807 572 2860 qua:
607 2791 800 2848 matris
826 2791 950 2846 loco
993 2791 1126 2846 tnihi
1157 2801 1214 2848 et
1257 2792 1535 2862 magistre
1583 2802 1641 2848 et
1683 2793 1814 2847 boni
1845 2794 2030 2850 omnis

448 2892 587 2943 erat,
621 2897 769 2938 anno
801 2882 1019 2940 decimo
1055 2899 1337 2940 cernerem
1362 2924 1379 2950 ,
1425 2885 1580 2956 prius
1608 2901 1771 2956 quam
1805 2885 2029 2942 deside-

452 2974 591 3028 rium
632 2976 950 3046 expleretur
975 3015 990 3039 ,
1033 2977 1198 3032 tertia
1234 2978 1325 3034 die
1364 2977 1440 3032 illi
1473 2979 1756 3048 parentavi
1779 3020 1794 3043 ,
1821 2987 1876 3034 et
1905 2979 2031 3034 inde

449 3069 671 3136 diverti.
699 3067 1026 3138 liujusmodi
1057 3070 1190 3124 mihi
1221 3066 1448 3125 fuerunt
1483 3069 1646 3139 primi
1678 3070 1869 3140 patria:
1904 3079 2030 3140 post

2212 1795 2428 1867 Ἐπειδὴ
2455 1795 2635 1850 τοίνυν
2663 1793 2898 1862 ἐπέστην
2929 1792 3062 1864 παρ’
3093 1789 3250 1862 ὐμῶν
3272 1790 3386 1853 τοῖς
3412 1785 3716 1842 Καππαδό-

2129 1906 2274 1953 καις,
2305 1887 2470 1952 εὐθύς
2518 1903 2605 1950 τις
2640 1886 2789 1958 ἡμᾶς
2825 1885 2964 1956 ἀκοὴ
3013 1883 3142 1955 περὶ
3181 1880 3354 1952 αὐτῆς
3404 1876 3712 1952 διετάραξε.

2127 1980 2271 2033 Δέκα
2297 1973 2367 2050 ἦν
2397 1977 2622 2050 ἡμερῶν
2641 1977 2730 2032 διὰ
2753 1979 2847 2032 τοῦ
2882 1976 3054 2050 μέσου
3081 1974 3200 2038 ὁδός
3217 1989 3233 2006 ι
3261 1974 3356 2028 καὶ
3380 1971 3590 2042 ταύτην
3612 1971 3712 2025 πᾶ·

2129 2085 2230 2122 σαν
2253 2067 2344 2122 διὰ
2373 2067 2476 2138 τῆς
2505 2067 2862 2140 ἐνδεχομένης
2900 2064 3161 2132 ἐπείξεως
3184 2063 3459 2128 διανύσας,
3489 2063 3715 2134 γίνομαι

2128 2161 2270 2215 κατὰ
2291 2161 2387 2214 τὸν
2414 2160 2642 2216 Πόντον·
2679 2161 2776 2214 καὶ
2797 2155 2959 2225 εἶδον,
2993 2159 3085 2213 καὶ
3115 2157 3324 2230 ὤφθην.
3363 2155 3502 2210 Ἀλλ’
3524 2155 3716 2226 ῶσπερ

2127 2254 2181 2306 si
2197 2269 2280 2316 τις
2307 2251 2396 2306 διὰ
2431 2251 2781 2324 μεσημϐρίαν
2811 2251 3010 2306 ὁδεύων
3051 2247 3429 2322 καταφραγεὶς
3467 2245 3546 2319 τῷ
3578 2246 3715 2319 ἡλίῳ

2127 2343 2187 2397 τὸ
2218 2343 2378 2412 σῶμα
2413 2343 2505 2397 ὲπί
2531 2361 2653 2397 τινα
2687 2344 2898 2414 κρήνην
2925 2339 3277 2414 ἀναδραμὼν.
3311 2341 3442 2412 πρὶν
3474 2335 3706 2408 ἐπιψαῦ-

2131 2448 2220 2486 σαι
2241 2431 2335 2485 τοῦ
2364 2431 2578 2496 ὓδατος.
2613 2432 2743 2502 πρὶν
2767 2431 3073 2501 καταψῦξαι
3091 2431 3189 2503 τὴν
3208 2429 3480 2500 γλῶσσαν,
3501 2427 3712 2499 ἀθρόως

2127 2522 2276 2592 αὐτῷ
2293 2524 2390 2594 τῆς
2413 2523 2595 2595 πηγῆς
2623 2523 2795 2594 ὑποξη
2805 2523 3115 2594 ρανθείσης,
3147 2523 3294 2578 κόνιν
3317 2519 3469 2593 εὖροι
3489 2520 3550 2574 τὸ
3569 2517 3718 2588 ὕδωρ

2127 2615 2415 2684 γενόμενον
2435 2631 2450 2646 ο
2475 2613 2620 2669 οὕτω
2645 2615 2740 2668 καὶ
2768 2614 2934 2679 αὐτὸς
2961 2612 3192 2684 ἐνιαυτῷ
3219 2611 3432 2682 δεκάτῳ
3461 2611 3564 2682 τὴν
3591 2609 3715 2664 ἀντὶ

2132 2705 2342 2775 μητρός
2392 2722 2482 2776 μοι
2521 2705 2618 2772 καὶ
2655 2703 2976 2758 διδασκάλου
3011 2703 3107 2756 καὶ
3143 2701 3345 2765 παντὸς
3383 2700 3591 2770 ἀγαθοῦ
3618 2685 3718 2753 που

2129 2795 2398 2866 θουμένην
2433 2793 2579 2856 ξδὼν,
2615 2794 2745 2865 πρὶν
2775 2792 3172 2866 ἀποπληρῶσαι
3197 2793 3290 2847 τὸν
3312 2791 3497 2859 πόθον,
3529 2793 3718 2864 ἡμέρᾳ.

2128 2887 2288 2958 τρίτῃ
2326 2886 2596 2951 κηδεύσας
2627 2886 2986 2958 ὑπέστρεφον.
3021 2883 3207 2939 Ταῦτά
3255 2901 3346 2954 μοι
3384 2882 3486 2952 τῆς
3519 2884 3717 2954 πατρία

2128 2976 2218 3040 δος
2247 2977 2386 3046 μετὰ
2418 2977 2514 3048 τὴν
2539 2977 2794 3031 ὲπάνοδόν
2819 2993 2922 3048 μου
2937 2976 3037 3046 τὴν
3056 2974 3116 3040 ἐξ
3144 2973 3472 3044 Ἀντιοχείας
3492 2971 3560 3027 τὰ
3577 2973 3714 3025 είσι-

2129 3067 2310 3138 τήρια.
2335 3063 2466 3120 Εἷτά
2500 3083 2590 3138 μοι
2609 3065 2739 3137 πρὶν
2753 3064 3171 3134 καταπεφθῆναι
3204 3063 3302 3135 τὴν
3324 3061 3628 3134 συμφοράν,
3664 3063 3715 3114 oi

452 3161 688 3216 reditum
743 3175 926 3216 meum
982 3176 1048 3216 ex
1108 3161 1401 3216 Antiochia
1455 3163 1762 3232 ingressus.
1820 3161 2028 3218 Deinde

2133 3155 2494 3229 πρόξσ]χωροι
2526 3157 2627 3227 τῆς
2643 3158 2780 3228 ἐμῆς
2797 3156 2995 3229 Ἐκκλη
3002 3156 3120 3219 σίας
3131 3155 3392 3218 Γαλάται,
3409 3153 3471 3208 τὸ
3485 3152 3716 3224 σύνηθες

450 3258 743 3315 antequam
778 3247 893 3304 haec
932 3247 988 3303 iu
1035 3265 1120 3304 me
1155 3251 1557 3321 decoqueretur
1587 3251 1876 3307 calamitas
1899 3294 1914 3319 ,
1947 3268 2032 3308 ac-

451 3339 586 3393 cola:
617 3337 874 3394 Ecclesia:
905 3354 1040 3396 mea:
1077 3337 1285 3398 Galatae
1331 3351 1659 3399 consuetum
1697 3342 1830 3412 ipsis
1859 3341 2033 3398 luere-

452 3447 572 3486 snm
609 3433 862 3487 morbum
892 3432 1276 3503 compluribus
1313 3434 1370 3488 iu
1419 3449 1554 3489 mea:
1600 3433 1864 3498 Ecclesiae
1895 3436 2031 3491 locis

453 3521 687 3574 latenter
737 3519 1098 3582 subserentes
1125 3560 1141 3585 ,
1197 3531 1482 3579 certamen
1514 3523 1648 3578 mihi
1681 3524 2032 3594 praabuerunt

454 3627 563 3665 non
595 3613 853 3679 exiguum
875 3652 889 3674 .
938 3622 1012 3668 ut‘
1046 3614 1274 3670 omnino
1308 3613 1402 3672 Dei
1437 3629 1540 3685 ope
1571 3630 1716 3684 aegre
1764 3615 2030 3670 valuerint

451 3721 518 3756 ex
559 3703 726 3756 animi
781 3704 1078 3764 alllictioue
1127 3705 1240 3760 vita
1299 3707 1531 3762 servari.
1581 3706 1776 3764 Postea
1811 3706 1879 3760 ad
1917 3709 2032 3762 haec

453 3795 583 3847 alio.
619 3794 779 3849 lbora
824 3797 1025 3852 civitas
1069 3806 1156 3852 est
1187 3797 1255 3854 ad
1296 3796 1452 3862 Ponti
1487 3797 1734 3854 conﬁnes
1763 3798 2030 3864 habitata,

453 3885 522 3939 ad
554 3901 654 3942 nos
690 3902 753 3941 ex
797 3889 1030 3958 antiquo
1057 3895 1328 3959 tempore,
1371 3897 1426 3943 et
1447 3887 1516 3943 ad
1553 3889 1831 3945 salubrem
1869 3887 2030 3949 ﬁdem

454 3992 743 4048 propensa.
775 3978 914 4037 Cum
946 3995 1076 4035 vero
1111 3980 1200 4035 ille
1237 3980 1331 4051 qui
1381 3979 1451 4034 ad
1493 3979 1616 4050 ejus
1655 3995 1848 4035 curam
1891 3979 2032 4036 invi-.-

451 4070 652 4140 gilabat
677 4111 694 4134 ,
735 4085 930 4126 recens
958 4087 989 4127 e
1021 4071 1132 4132 vita
1177 4071 1510 4134 excesserit,
1552 4071 1622 4126 ab
1647 4071 1906 4130 universo
1937 4087 2034 4141 po-

453 4163 585 4232 pulo
642 4163 948 4232 legationes
1006 4163 1077 4218 ad
1126 4179 1227 4219 nos
1279 4162 1678 4230 mittebantur,
1734 4180 1802 4228 ne
1857 4165 2032 4234 ipsam

453 4253 767 4323 despectant
798 4254 1127 4310 haberemus
1153 4253 1410 4310 manibus
1437 4253 1886 4309 adversariorum
1913 4271 2034 4324 pro-

453 4345 625 4399 ditam
645 4333 1071 4400 dilacerandam.
1101 4344 1240 4402 lliuc
1266 4345 1544 4415 lacryu‘ne,
1569 4359 1754 4409 casus,
1774 4345 2030 4412 gemitus,

2134 3251 2319 3314 αὐτοῖς
2377 3249 2507 3321 περὶ
2554 3249 2654 3312 τὰς
2705 3248 2950 3322 αἱρέσεις
3018 3247 3386 3320 ἀρρώστημα,
3432 3244 3710 3316 πολλαχοῦ

2132 3339 2234 3408 τῆς
2255 3339 2394 3410 ἐμῆς
2426 3339 2754 3410 Ἐκκλησίας
2773 3338 2917 3394 κατὰ
2943 3339 3006 3392 τὸ
3023 3338 3247 3410 λεληθὸς
3260 3337 3714 3408 ὑποσπείραντες,

2133 3428 2320 3497 ἀγῶνα
2356 3429 2630 3500 παρέσχον
2669 3429 2738 3482 ού
2759 3427 2976 3499 μικρὸν,
2999 3427 3140 3483 ὥστε
3163 3425 3440 3498 πανταχοῦ
3471 3425 3560 3480 διά
3580 3425 3715 3480 Θεὸν

2136 3521 2297 3592 μόγις
2328 3519 2588 3590 ὲξίσχυσα
2632 3518 3019 3591 περιγενέσθαι
3055 3517 3159 3573 τοῦ
3191 3518 3423 3582 πάθους.
3455 3515 3587 3572 Εἶτα
3621 3518 3717 3570 ἐπὶ

2132 3614 2342 3677 τούτοις
2377 3612 2531 3668 ἄλλαο
2570 3611 2776 3682 Ἴὸωρα
2807 3611 2961 3675 πόλις
2991 3611 3107 3664 ἐστὶ
3133 3611 3245 3682 (90)
3276 3613 3387 3675 τοῖς
3417 3609 3587 3681 ὁρίοις
3619 3608 3714 3664 τοῦ

2134 3706 2336 3760 Πόντου
2373 3703 2782 3775 κατῳκισμένη,
2827 3702 3031 3774 ἔχουσα
3057 3701 3194 3773 πρὸς
3224 3703 3370 3772 ἡμᾶς
3399 3699 3460 3766 ἐξ
3485 3701 3717 3772 ἀρχαίου

2135 3797 2228 3850 καὶ
2273 3795 2410 3868 πρὸς
2458 3794 2808 3864 ὑγιαίνουσαν
2852 3793 3037 3848 πίστιν
3083 3792 3417 3866 ὲπιρῤητῶς.
3469 3793 3580 3846 Καὶ
3620 3791 3716 3846 τοῦ

2133 3887 2560 3950 ἐπισκοποῦντας
2604 3885 2774 3956 αὐτὴν
2823 3885 3153 3954 προσφάτως
3207 3883 3590 3949 ὑπεξελθόντος
3623 3884 3720 3940 τὸν

2135 3978 2270 4049 βίον,
2303 3977 2576 4048 πανδημεὶ
2603 3976 2740 4048 πρὸς
2767 3977 2914 4047 ἡμᾶς
2945 3975 3414 4050 ἐπρεσϐεύσαντο,
3457 3975 3533 4048 μὴ
3563 3992 3717 4042 περι-

2135 4071 2266 4129 ιδεῖν
2293 4069 2460 4140 αὐτὴν
2485 4069 2700 4122 ἔκδοτον
2719 4071 2838 4132 ταῖς
2869 4069 3026 4140 χερσὶ
3051 4067 3160 4122 τῶν
3187 4067 3444 4122 ἐναντίων
3467 4083 3716 4139 σπαρασ-

2135 4160 2386 4232 σομὲνην.
2417 4159 2659 4230 Δάκρυα,
2697 4159 3098 4228 προσπτώσεις,
3128 4159 3387 4230 οἰμωγαὶ,
3419 4158 3715 4230 ίκετηρίαι,

2134 4251 2314 4304 πάντα
2341 4251 2411 4304 τὰ
2439 4249 2665 4304 τοιαῦτα
2703 4249 2771 4303 δι’
2799 4242 2876 4303 ὧν
2903 4248 3124 4319 ἐγένετο
3159 4251 3294 4320 ⁴ἡμῖν
3322 4249 3482 4319 ἡτῶν
3510 4247 3714 4320 παρόν-ι

2135 4359 2242 4398 των
2271 4341 2455 4395 κακῶν
2497 4339 2810 4394 ἀκολουθία.
2855 4339 3072 4410 Ἐπειδὴ
3097 4340 3208 4412 γὰρ.
3241 4337 3542 4410 ἐγενόμεθα
3573 4336 3718 4395 κατὰ

454 4437 818 4507 precationes.
861 4435 1058 4492 Omnia
1103 4436 1218 4492 base
1257 4452 1322 4492 ca
1367 4443 1538 4500 sunt,
1575 4452 1670 4506 per
1699 4451 1824 4506 qua:
1870 4437 2030 4492 nobis

2133 4435 2225 4488 τὸν
2252 4433 2484 4496 Πόντον,
2515 4431 2610 4486 καὶ
2650 4430 2793 4485 κατά
2822 4429 2914 4484 τὸν
2941 4431 3288 4502 προσήκοντα
3324 4431 3423 4502 τῆς
3451 4431 3581 4501 παρ’
3618 4431 3716 4483 αύο

453 4527 805 4597 praesentium
850 4527 1118 4581 malorum
1169 4527 1312 4580 facta
1367 4534 1454 4582 est
1506 4527 1868 4583 consectatio.
1927 4524 2026 4580 Ubi

455 4627 635 4674 autem
681 4619 829 4674 circa
862 4616 1099 4674 Pontum
1129 4633 1356 4676 eramus
1377 4657 1392 4680 ,
1428 4625 1484 4672 ct
1511 4617 1662 4677 circa
1693 4618 1874 4675 locum
1899 4617 2034 4676 illuc

453 4711 822 4778 pertinentem
845 4709 1090 4780 ipsorum
1115 4710 1372 4778 Ecclesia:
1387 4723 1576 4768 curam
1597 4710 2029 4779 susceperimus,

457 4799 550 4856 Dei
599 4815 790 4871 opera,
827 4813 881 4854 et
933 4800 1141 4854 auxilio
1189 4799 1352 4855 simul
1407 4799 1691 4870 adjuncto,
1738 4799 1922 4854 statim
1955 4800 2030 4854 ibi

451 4901 838 4962 assequuntur
885 4907 986 4946 nos
1023 4890 1222 4947 similis
1253 4890 1471 4962 generis
1498 4890 1805 4960 legationes
1827 4931 1843 4956 ,
1871 4907 1902 4945 a
1931 4891 2029 4945 Sc-

510 5067 641 5138 .(90)
677 5068 888 5138 Ἴβωρα
915 5068 1274 5138 ammenti.
1300 5068 1432 5138 Qinc
1464 5069 1536 5126 sit
1559 5068 1872 5138 hujusmodi
1897 5070 2034 5132 civi-

457 5147 563 5212 ista.
609 5139 747 5192 satis
774 5137 1058 5212 Nyssenus
1089 5137 1404 5212 delinitLDe
1437 5155 1500 5194 ea
1525 5137 1667 5212 apud
1697 5141 2040 5212 geographia:

457 5209 760 5279 scriptores
814 5208 1154 5279 _ltt0llli0l'l_0lll
1218 5209 1424 5262 nullam
1477 5208 1752 5278 propriam
1798 5208 2033 5279 inspexi.

457 5275 572 5348 δίει
623 5277 666 5329 si
702 5292 766 5348 ca
813 5276 997 5348 lbot'ca
1037 5277 1413 5347 llellenOponti
1451 5275 1648 5334 civitas
1693 5291 1799 5346 est,
1833 5275 1956 5348 qua:
2003 5297 2035 5334 a

458 5347 835 5418 CUIISlaltliIIO
895 5347 1362 5418 rllorpltyrogenn.
1423 5348 1598 5402 'l‘ltem.
1653 5348 1708 5403 2.
1761 5347 2035 5404 lttt'ithl'a-

462 5426 553 5489 tur
580 5434 592 5469 :
627 5416 788 5489 cujus
823 5417 988 5489 urbis
1017 5416 1249 5489 antistes
1287 5417 1665 5489 Pantnplrylus
1690 5421 2036 5489 subsiguavit

461 5485 697 5559 decretis
724 5487 924 5559 concil.
951 5485 1481 5559 tionstantinopolit.
1516 5485 1557 5542 ιζ
1579 5488 1826 5559 Namque
1851 5485 1971 5559 ipsa
2005 5507 2035 5544 a

461 5554 768 5608 lnstiniauo
807 5553 1016 5610 Nave“.
1057 5557 1150 5618 28,
1177 5566 1234 5611 et
1263 5553 1342 5612 ab:
1372 5557 1628 5613 llicrocle
1661 5553 1815 5614 lbera
1858 5553 2036 5613 tinnu-

464 5634 650 5698 natur.
687 5623 751 5678 Et
779 5623 1229 5698 llellenopoutus,
1266 5626 1804 5698 SCIIJICICHUpOtIltlS
1833 5631 2032 5684 dicitur

465 5703 519 5748 st
552 5695 774 5768 Pontus
815 5714 826 5748 :
871 5697 980 5750 imo
1017 5712 1142 5765 pars
1173 5697 1520 5768 etiatnl’onti
1560 5695 1781 5768 putatur
1823 5717 1852 5750 a
1900 5715 2034 5768 trou-

471 5765 656 5826 nullis.
691 5765 870 5828 Quare
907 5783 1015 5820 non
1053 5768 1273 5823 obstare
1307 5765 1694 5831 videtquauo
1741 5765 1934 5824 minus
1967 5783 2031 5824 ea

2135 4531 2246 4592 τοῖς
2289 4525 2615 4596 Ἐκκλησίας
2654 4524 3068 4596 ὲπιμελήθημεν
3099 4523 3214 4594 (9|)
3251 4523 3516 4594 συνεργίᾳ
3553 4520 3713 4576 Θεοῦ·

2139 4620 2300 4684 εὐθὺς
2343 4620 2492 4690 ἡμᾶς
2525 4619 2618 4670 ἐπὶ
2657 4616 2750 4670 τοῦ
2781 4617 2945 4671 τόπου
2991 4617 3504 4688 καταλαμϐάνουσιν
3532 4613 3714 4684 ὁμοιόο

2139 4725 2328 4778 τρόποι
2357 4706 2642 4778 πρεσϐεῖαι
2665 4705 2814 4776 παρά
2838 4704 2931 4758 τοῦ
2961 4705 3195 4776 πλήθους
3214 4704 3322 4757 τῶν
3343 4701 3718 4772 Σεϐαστηνῶν..

2137 4800 2342 4868 φθάσαι
2370 4799 2470 4870 τὴν
2502 4797 2611 4851 τῶν
2645 4797 2939 4868 αἱρετικῶν
2965 4797 3262 4870 ἐπιδρομὴν
3292 4794 3605 4860 ἀξιούντων.
3637 4794 3718 4847 Τά

2135 4893 2193 4950 δὲ
2223 4893 2316 4956 ἐπὶ
2357 4890 2568 4954 τούτοις
2603 4889 2816 4959 σιωπῆς
2851 4889 2996 4958 ἄξια,
3043 4891 3136 4944 καὶ
3164 4890 3484 4960 στεναγμῶν
3517 4887 3718 4957 ἀλαλής

2138 5073 2238 5136 sit;
2270 5073 2415 5140 quod
2453 5071 2750 5142 Gregorius
2785 5073 2839 5127 in
2864 5072 3022 5142 Ponti
3063 5069 3373 5126 conﬁnibus
3405 5078 3594 5142 portat.

2207 5139 2320 5214 (9|?)
2365 5139 3052 5214 ’Earyeltriarursr..luxta
3079 5139 3497 5214 grammaticam
3535 5139 3720 5210 legen-

2135 5211 2264 5266 dum
2301 5211 2996 5283 irrepsiﬁOepsv.Pariter
3035 5211 3314 5283 superius,
3350 5211 3562 5283 ubi_cs_t
3591 5215 3716 5267 ἐπί-

2137 5299 2289 5352 στην,
2317 5279 2720 5353 eutcndaudum
2745 5281 2905 5337 idest
2935 5282 3010 5352 τῷ
3039 5279 3294 5353 ensem,
3323 5291 3418 5336 aut
3447 5279 3709 5353 ἐφίστην,

2136 5351 2356 5420 propter
2387 5351 2634 5406 eamdem
2662 5354 2953 5405 rationem.
2984 5351 3392 5405 Advertcudutu
3448 5366 3580 5404 vero
3615 5351 3711 5405 co-

2133 5421 2311 5476 dicent
2361 5422 2680 5491 ltltltCﬂltOll
2741 5437 2866 5476 raro
2925 5421 3197 5491 negligere
3248 5429 3546 5490 augmenta
3601 5422 3720 5476 hare

2147 5491 2459 5546 verborum.
2513 5489 2616 5547 Ubi
2653 5507 2784 5544 vero
2836 5489 3024 5561 paucis
3079 5499 3228 5542 retro
3281 5489 3511 5561 vocibus
3559 5491 3720 5544 adt-st

2142 5563 2236 5614 καὶ
2273 5561 2411 5614 κατά
2443 5561 2533 5614 τὸν
2563 5560 2940 5632 προσήκοντα,
2977 5560 3424 5615 substitucndutn
3481 5561 3534 5612 iu
3580 5563 3717 5614 deﬁ-

2140 5632 2339 5687 cientis
2373 5632 2525 5686 vocis
2561 5631 2734 5686 vi’eem
2777 5631 2840 5683 τὺ
2873 5631 3045 5684 locum
3083 5646 3100 5683 :
3133 5642 3188 5684 et
3217 5646 3360 5698 smpe
3392 5631 3713 5698 praepositio

2140 5701 2282 5824 stulti:
2336 5703 2586 5758 delectus
2627 5700 2944 5770 ltujnsmodi
3002 5701 3075 5754 ita
3138 5700 3470 5780 supplendos
3524 5699 3721 5762 subire

2140 5787 2200 5824 St)
2223 5782 2295 5824 et.

2138 5782 2295 5826 solet.
