  <div class='ocr_page' id='page_1' title='image "/cluster/home/n/w/nwhite01/storage/ocr_20150623/46/nnc1.0046978380/546.png"; bbox 0 0 4092 6368; ppageno 0'>
   <div class='ocr_carea' id='block_1_1' title="bbox 363 328 498 383">
    <p class='ocr_par' dir='ltr' id='par_1_1' title="bbox 363 328 498 383">
     <span class='ocr_line' id='line_1_1' title="bbox 363 328 498 383; baseline 0.007 -1"><span class='ocrx_word' id='word_1_1' title='bbox 363 328 498 383; x_wconf 72' lang='grc'><strong>1077</strong></span> 
     </span>
    </p>
   </div>
   <div class='ocr_carea' id='block_1_2' title="bbox 1511 341 2415 405">
    <p class='ocr_par' dir='ltr' id='par_1_2' title="bbox 1511 341 2415 405">
     <span class='ocr_line' id='line_1_2' title="bbox 1511 341 2415 405; baseline 0.009 -8"><span class='ocrx_word' id='word_1_2' title='bbox 1511 341 1894 404; x_wconf 67' lang='grc' dir='ltr'><strong>ΕΡΙΞΤΟΙΛΞ.</strong></span> <span class='ocrx_word' id='word_1_3' title='bbox 1927 381 1994 390; x_wconf 91' lang='lat'>—</span> <span class='ocrx_word' id='word_1_4' title='bbox 2024 348 2241 405; x_wconf 83' lang='lat' dir='ltr'><strong>EPIST.</strong></span> <span class='ocrx_word' id='word_1_5' title='bbox 2280 351 2415 405; x_wconf 73' lang='lat' dir='ltr'><strong>XIX.</strong></span> 
     </span>
    </p>
   </div>
   <div class='ocr_carea' id='block_1_3' title="bbox 3485 345 3625 404">
    <p class='ocr_par' dir='ltr' id='par_1_3' title="bbox 3485 345 3625 404">
     <span class='ocr_line' id='line_1_3' title="bbox 3485 345 3625 404; baseline 0 -2"><span class='ocrx_word' id='word_1_6' title='bbox 3485 345 3625 404; x_wconf 76' lang='grc'><strong>1078</strong></span> 
     </span>
    </p>
   </div>
   <div class='ocr_carea' id='block_1_4' title="bbox 359 458 1965 536">
    <p class='ocr_par' dir='ltr' id='par_1_4' title="bbox 359 458 1947 536">
     <span class='ocr_line' id='line_1_4' title="bbox 359 458 1947 536; baseline 0.006 -25"><span class='ocrx_word' id='word_1_7' title='bbox 359 478 487 526; x_wconf 77' lang='grc' dir='ltr'>των,</span> <span class='ocrx_word' id='word_1_8' title='bbox 517 459 610 510; x_wconf 77' lang='grc' dir='ltr'>καὶ</span> <span class='ocrx_word' id='word_1_9' title='bbox 651 458 951 528; x_wconf 78' lang='grc' dir='ltr'>κατηφείας</span> <span class='ocrx_word' id='word_1_10' title='bbox 998 459 1301 530; x_wconf 81' lang='grc' dir='ltr'><strong>διηνεκοῦς,</strong></span> <span class='ocrx_word' id='word_1_11' title='bbox 1333 464 1428 515; x_wconf 75' lang='grc' dir='ltr'><strong>καὶ</strong></span> <span class='ocrx_word' id='word_1_12' title='bbox 1477 463 1706 529; x_wconf 77' lang='grc' dir='ltr'>πένθους</span> <span class='ocrx_word' id='word_1_13' title='bbox 1751 467 1851 536; x_wconf 79' lang='grc' dir='ltr'>τὴν</span> <span class='ocrx_word' id='word_1_14' title='bbox 1883 471 1947 522; x_wconf 83' lang='grc' dir='ltr'>ἐκ</span> 
     </span>
    </p>
   </div>
   <div class='ocr_carea' id='block_1_5' title="bbox 2066 458 3626 536">
    <p class='ocr_par' dir='ltr' id='par_1_5' title="bbox 2066 467 3626 535">
     <span class='ocr_line' id='line_1_5' title="bbox 2066 467 3626 535; baseline -0.003 -12"><span class='ocrx_word' id='word_1_15' title='bbox 2066 477 2399 524; x_wconf 79' lang='lat' dir='ltr'><strong>)astenorum</strong></span> <span class='ocrx_word' id='word_1_16' title='bbox 2455 467 2811 523; x_wconf 91' lang='lat' dir='ltr'><strong>multitudine</strong></span> <span class='ocrx_word' id='word_1_17' title='bbox 2868 467 3170 530; x_wconf 78' lang='lat' dir='ltr'><strong>adeuntes,</strong></span> <span class='ocrx_word' id='word_1_18' title='bbox 3230 479 3449 535; x_wconf 59' lang='lat' dir='ltr'><strong>aequum</strong></span> <span class='ocrx_word' id='word_1_19' title='bbox 3501 478 3626 519; x_wconf 88' lang='lat' dir='ltr'><strong>esse</strong></span> 
     </span>
    </p>
   </div>
   <div class='ocr_carea' id='block_1_6' title="bbox 361 548 1946 630">
    <p class='ocr_par' dir='ltr' id='par_1_6' title="bbox 361 548 1946 630">
     <span class='ocr_line' id='line_1_6' title="bbox 361 548 1946 630; baseline 0.008 -30"><span class='ocrx_word' id='word_1_20' title='bbox 361 549 453 600; x_wconf 64' lang='grc' dir='ltr'>τοῦ</span> <span class='ocrx_word' id='word_1_21' title='bbox 482 552 674 620; x_wconf 80' lang='grc' dir='ltr'>χρόνον</span> <span class='ocrx_word' id='word_1_22' title='bbox 704 548 856 604; x_wconf 84' lang='grc' dir='ltr'>λύσιν</span> <span class='ocrx_word' id='word_1_23' title='bbox 879 551 982 603; x_wconf 86' lang='grc' dir='ltr'><strong>οὐκ</strong></span> <span class='ocrx_word' id='word_1_24' title='bbox 1009 551 1386 621; x_wconf 83' lang='grc' dir='ltr'>ἀναμένοντος.</span> <span class='ocrx_word' id='word_1_25' title='bbox 1419 553 1500 606; x_wconf 87' lang='grc' dir='ltr'><strong>Τά</strong></span> <span class='ocrx_word' id='word_1_26' title='bbox 1529 555 1628 624; x_wconf 81' lang='grc' dir='ltr'>μὲν</span> <span class='ocrx_word' id='word_1_27' title='bbox 1647 556 1759 630; x_wconf 77' lang='grc' dir='ltr'>γὰρ</span> <span class='ocrx_word' id='word_1_28' title='bbox 1780 557 1946 614; x_wconf 85' lang='grc' dir='ltr'>λοιπά</span> 
     </span>
    </p>
   </div>
   <div class='ocr_carea' id='block_1_7' title="bbox 362 638 1944 721">
    <p class='ocr_par' dir='ltr' id='par_1_7' title="bbox 362 638 1944 721">
     <span class='ocr_line' id='line_1_7' title="bbox 362 638 1944 721; baseline 0.008 -31"><span class='ocrx_word' id='word_1_29' title='bbox 362 638 466 691; x_wconf 90' lang='grc' dir='ltr'><strong>τῶν</strong></span> <span class='ocrx_word' id='word_1_30' title='bbox 489 641 672 694; x_wconf 86' lang='grc' dir='ltr'>κακῶν</span> <span class='ocrx_word' id='word_1_31' title='bbox 694 640 774 711; x_wconf 77' lang='grc' dir='ltr'>τῷ</span> <span class='ocrx_word' id='word_1_32' title='bbox 795 641 1151 714; x_wconf 80' lang='grc' dir='ltr'>προσεθισμῷ</span> <span class='ocrx_word' id='word_1_33' title='bbox 1171 644 1302 714; x_wconf 77' lang='grc' dir='ltr'>ῥᾷον</span> <span class='ocrx_word' id='word_1_34' title='bbox 1324 645 1375 698; x_wconf 84' lang='lat' dir='ltr'><strong>oi</strong></span> <span class='ocrx_word' id='word_1_35' title='bbox 1398 645 1673 718; x_wconf 69' lang='grc' dir='ltr'>ἄνθρωποι</span> <span class='ocrx_word' id='word_1_36' title='bbox 1699 650 1944 721; x_wconf 83' lang='grc' dir='ltr'>φέρουσι·</span> 
     </span>
    </p>
   </div>
   <div class='ocr_carea' id='block_1_8' title="bbox 363 730 1947 812">
    <p class='ocr_par' dir='ltr' id='par_1_8' title="bbox 363 730 1947 812">
     <span class='ocr_line' id='line_1_8' title="bbox 363 730 1947 812; baseline 0.007 -28"><span class='ocrx_word' id='word_1_37' title='bbox 363 732 431 784; x_wconf 69' lang='grc' dir='ltr'><strong>τὰ</strong></span> <span class='ocrx_word' id='word_1_38' title='bbox 454 731 510 783; x_wconf 85' lang='grc' dir='ltr'><strong>δὲ</strong></span> <span class='ocrx_word' id='word_1_39' title='bbox 530 730 763 785; x_wconf 73' lang='grc' dir='ltr'>ἐνταῦθα</span> <span class='ocrx_word' id='word_1_40' title='bbox 785 733 1026 802; x_wconf 86' lang='grc' dir='ltr'>προῖόντι</span> <span class='ocrx_word' id='word_1_41' title='bbox 1052 733 1131 804; x_wconf 82' lang='grc' dir='ltr'>τῷ</span> <span class='ocrx_word' id='word_1_42' title='bbox 1146 736 1324 807; x_wconf 79' lang='grc' dir='ltr'>χρόνῳ</span> <span class='ocrx_word' id='word_1_43' title='bbox 1349 741 1468 801; x_wconf 88' lang='grc' dir='ltr'>ταῖς</span> <span class='ocrx_word' id='word_1_44' title='bbox 1493 740 1812 811; x_wconf 81' lang='grc' dir='ltr'>ὲφευρέσεσι</span> <span class='ocrx_word' id='word_1_45' title='bbox 1834 742 1947 812; x_wconf 81' lang='lat'><strong>(9‘2)</strong></span> 
     </span>
    </p>
   </div>
   <div class='ocr_carea' id='block_1_9' title="bbox 364 821 1948 901">
    <p class='ocr_par' dir='ltr' id='par_1_9' title="bbox 364 821 1948 901">
     <span class='ocr_line' id='line_1_9' title="bbox 364 821 1948 901; baseline 0.008 -29"><span class='ocrx_word' id='word_1_46' title='bbox 364 821 470 874; x_wconf 85' lang='grc' dir='ltr'><strong>τῶν</strong></span> <span class='ocrx_word' id='word_1_47' title='bbox 499 822 842 893; x_wconf 80' lang='grc' dir='ltr'><strong>ἀηδεστέρων</strong></span> <span class='ocrx_word' id='word_1_48' title='bbox 867 822 1207 889; x_wconf 82' lang='grc' dir='ltr'>συναύξεται.</span> <span class='ocrx_word' id='word_1_49' title='bbox 1247 827 1408 882; x_wconf 80' lang='grc' dir='ltr'>Ἀλλά</span> <span class='ocrx_word' id='word_1_50' title='bbox 1434 828 1544 901; x_wconf 84' lang='grc' dir='ltr'>γὰρ</span> <span class='ocrx_word' id='word_1_51' title='bbox 1563 831 1784 900; x_wconf 90' lang='grc' dir='ltr'>γίνομαι</span> <span class='ocrx_word' id='word_1_52' title='bbox 1807 832 1948 901; x_wconf 86' lang='grc' dir='ltr'><strong>μετά</strong></span> 
     </span>
    </p>
   </div>
   <div class='ocr_carea' id='block_1_10' title="bbox 366 913 1950 993">
    <p class='ocr_par' dir='ltr' id='par_1_10' title="bbox 366 913 1950 993">
     <span class='ocr_line' id='line_1_10' title="bbox 366 913 1950 993; baseline 0.006 -28"><span class='ocrx_word' id='word_1_53' title='bbox 366 913 472 966; x_wconf 83' lang='grc' dir='ltr'><strong>τῶν</strong></span> <span class='ocrx_word' id='word_1_54' title='bbox 502 913 704 968; x_wconf 84' lang='grc' dir='ltr'>λοιπῶν</span> <span class='ocrx_word' id='word_1_55' title='bbox 724 915 1038 970; x_wconf 80' lang='grc' dir='ltr'>ἐπισκόπων</span> <span class='ocrx_word' id='word_1_56' title='bbox 1062 915 1172 970; x_wconf 89' lang='grc' dir='ltr'><strong>τῶν</strong></span> <span class='ocrx_word' id='word_1_57' title='bbox 1199 919 1278 980; x_wconf 82' lang='grc' dir='ltr'><strong>εἰς</strong></span> <span class='ocrx_word' id='word_1_58' title='bbox 1302 919 1434 972; x_wconf 82' lang='grc' dir='ltr'>αὐτὸ</span> <span class='ocrx_word' id='word_1_59' title='bbox 1458 919 1617 974; x_wconf 83' lang='grc' dir='ltr'>τοῦτο</span> <span class='ocrx_word' id='word_1_60' title='bbox 1647 922 1950 993; x_wconf 87' lang='grc' dir='ltr'>συγκεκλη-</span> 
     </span>
    </p>
   </div>
   <div class='ocr_carea' id='block_1_11' title="bbox 371 1004 1946 1084">
    <p class='ocr_par' dir='ltr' id='par_1_11' title="bbox 371 1004 1946 1084">
     <span class='ocr_line' id='line_1_11' title="bbox 371 1004 1946 1084; baseline 0.011 -28"><span class='ocrx_word' id='word_1_61' title='bbox 371 1004 566 1074; x_wconf 81' lang='grc' dir='ltr'>μένων,</span> <span class='ocrx_word' id='word_1_62' title='bbox 602 1005 678 1068; x_wconf 86' lang='grc' dir='ltr'>ὼς</span> <span class='ocrx_word' id='word_1_63' title='bbox 725 1005 936 1076; x_wconf 81' lang='grc' dir='ltr'>ψήφους</span> <span class='ocrx_word' id='word_1_64' title='bbox 986 1008 1127 1078; x_wconf 83' lang='grc' dir='ltr'>ὑπὲρ</span> <span class='ocrx_word' id='word_1_65' title='bbox 1171 1010 1505 1080; x_wconf 74' lang='grc' dir='ltr'><strong>χειροτονίας</strong></span> <span class='ocrx_word' id='word_1_66' title='bbox 1550 1012 1861 1082; x_wconf 80' lang='grc' dir='ltr'>δεξάμενος,</span> <span class='ocrx_word' id='word_1_67' title='bbox 1912 1016 1946 1084; x_wconf 83' lang='grc' dir='ltr'>ὴ</span> 
     </span>
    </p>
   </div>
   <div class='ocr_carea' id='block_1_12' title="bbox 366 1095 1950 1171">
    <p class='ocr_par' dir='ltr' id='par_1_12' title="bbox 366 1095 1950 1171">
     <span class='ocr_line' id='line_1_12' title="bbox 366 1095 1950 1171; baseline 0.006 -24"><span class='ocrx_word' id='word_1_68' title='bbox 366 1095 545 1164; x_wconf 71' lang='grc' dir='ltr'>ψῆφος</span> <span class='ocrx_word' id='word_1_69' title='bbox 572 1095 630 1148; x_wconf 83' lang='grc' dir='ltr'><strong>δὲ</strong></span> <span class='ocrx_word' id='word_1_70' title='bbox 662 1097 810 1166; x_wconf 74' lang='grc' dir='ltr'>ἢμην</span> <span class='ocrx_word' id='word_1_71' title='bbox 833 1096 962 1166; x_wconf 84' lang='grc' dir='ltr'>ἐγώ.</span> <span class='ocrx_word' id='word_1_72' title='bbox 998 1099 1110 1152; x_wconf 70' lang='grc' dir='ltr'><strong>Καὶ</strong></span> <span class='ocrx_word' id='word_1_73' title='bbox 1136 1099 1364 1168; x_wconf 80' lang='grc' dir='ltr'>ἠγνόουν</span> <span class='ocrx_word' id='word_1_74' title='bbox 1393 1100 1506 1171; x_wconf 80' lang='lat'><strong>(95)</strong></span> <span class='ocrx_word' id='word_1_75' title='bbox 1531 1105 1560 1155; x_wconf 87' lang='grc' dir='ltr'>ὁ</span> <span class='ocrx_word' id='word_1_76' title='bbox 1586 1103 1818 1167; x_wconf 83' lang='grc' dir='ltr'>δείλαιος</span> <span class='ocrx_word' id='word_1_77' title='bbox 1839 1107 1950 1168; x_wconf 86' lang='grc' dir='ltr'>τοῖς</span> 
     </span>
    </p>
   </div>
   <div class='ocr_carea' id='block_1_13' title="bbox 368 1187 1948 1260">
    <p class='ocr_par' dir='ltr' id='par_1_13' title="bbox 368 1187 1948 1260">
     <span class='ocr_line' id='line_1_13' title="bbox 368 1187 1948 1260; baseline 0.008 -23"><span class='ocrx_word' id='word_1_78' title='bbox 368 1187 608 1256; x_wconf 76' lang='grc' dir='ltr'>ἐμαυτοῦ</span> <span class='ocrx_word' id='word_1_79' title='bbox 645 1191 865 1258; x_wconf 83' lang='grc' dir='ltr'>πτεροῖς</span> <span class='ocrx_word' id='word_1_80' title='bbox 911 1189 1285 1260; x_wconf 84' lang='grc' dir='ltr'>ἁλισκόμενος.</span> <span class='ocrx_word' id='word_1_81' title='bbox 1336 1193 1562 1258; x_wconf 82' lang='grc' dir='ltr'>Στάσεις</span> <span class='ocrx_word' id='word_1_82' title='bbox 1592 1195 1684 1247; x_wconf 78' lang='grc' dir='ltr'><strong>ἐπὶ</strong></span> <span class='ocrx_word' id='word_1_83' title='bbox 1716 1195 1948 1259; x_wconf 88' lang='grc' dir='ltr'>τούτοις,</span> 
     </span>
    </p>
   </div>
   <div class='ocr_carea' id='block_1_14' title="bbox 369 1279 1951 1358">
    <p class='ocr_par' dir='ltr' id='par_1_14' title="bbox 369 1279 1951 1358">
     <span class='ocr_line' id='line_1_14' title="bbox 369 1279 1951 1358; baseline 0.005 -26"><span class='ocrx_word' id='word_1_84' title='bbox 369 1279 627 1347; x_wconf 80' lang='grc' dir='ltr'>ἀνάγκαι,</span> <span class='ocrx_word' id='word_1_85' title='bbox 687 1279 933 1351; x_wconf 76' lang='grc' dir='ltr'>δάκρυα,</span> <span class='ocrx_word' id='word_1_86' title='bbox 987 1283 1399 1352; x_wconf 83' lang='grc' dir='ltr'>προσπτώσεις,</span> <span class='ocrx_word' id='word_1_87' title='bbox 1453 1285 1714 1354; x_wconf 74' lang='grc' dir='ltr'>φυλακαὶ,</span> <span class='ocrx_word' id='word_1_88' title='bbox 1763 1287 1951 1358; x_wconf 82' lang='grc' dir='ltr'>τάγμα</span> 
     </span>
    </p>
   </div>
   <div class='ocr_carea' id='block_1_15' title="bbox 372 1372 1952 1448">
    <p class='ocr_par' dir='ltr' id='par_1_15' title="bbox 372 1372 1952 1448">
     <span class='ocr_line' id='line_1_15' title="bbox 372 1372 1952 1448; baseline 0.006 -25"><span class='ocrx_word' id='word_1_89' title='bbox 372 1372 777 1442; x_wconf 82' lang='grc' dir='ltr'>στρατιωτικὸν,</span> <span class='ocrx_word' id='word_1_90' title='bbox 833 1373 928 1426; x_wconf 73' lang='grc' dir='ltr'>καὶ</span> <span class='ocrx_word' id='word_1_91' title='bbox 981 1373 1144 1438; x_wconf 84' lang='grc' dir='ltr'>αὐτὸς</span> <span class='ocrx_word' id='word_1_92' title='bbox 1204 1376 1234 1429; x_wconf 83' lang='grc' dir='ltr'>ὁ</span> <span class='ocrx_word' id='word_1_93' title='bbox 1286 1377 1714 1448; x_wconf 72' lang='grc' dir='ltr'>ἐπιτεταγμένος</span> <span class='ocrx_word' id='word_1_94' title='bbox 1766 1380 1952 1443; x_wconf 83' lang='grc' dir='ltr'>αὐτοῖς</span> 
     </span>
    </p>
   </div>
   <div class='ocr_carea' id='block_1_16' title="bbox 371 1462 1953 1543">
    <p class='ocr_par' dir='ltr' id='par_1_16' title="bbox 371 1462 1953 1543">
     <span class='ocr_line' id='line_1_16' title="bbox 371 1462 1953 1543; baseline 0.007 -29"><span class='ocrx_word' id='word_1_95' title='bbox 371 1463 547 1532; x_wconf 79' lang='grc' dir='ltr'>κόμης</span> <span class='ocrx_word' id='word_1_96' title='bbox 578 1462 690 1533; x_wconf 68' lang='grc'><strong>(94)</strong></span> <span class='ocrx_word' id='word_1_97' title='bbox 718 1465 844 1517; x_wconf 76' lang='grc' dir='ltr'>καθ’</span> <span class='ocrx_word' id='word_1_98' title='bbox 877 1463 1034 1535; x_wconf 79' lang='grc' dir='ltr'>ἡμῶν</span> <span class='ocrx_word' id='word_1_99' title='bbox 1075 1467 1420 1537; x_wconf 84' lang='grc' dir='ltr'>στρατηγῶν,</span> <span class='ocrx_word' id='word_1_100' title='bbox 1453 1469 1546 1522; x_wconf 76' lang='grc' dir='ltr'><strong>καὶ</strong></span> <span class='ocrx_word' id='word_1_101' title='bbox 1573 1469 1672 1540; x_wconf 83' lang='grc' dir='ltr'><strong>τὴν</strong></span> <span class='ocrx_word' id='word_1_102' title='bbox 1709 1468 1804 1524; x_wconf 82' lang='grc' dir='ltr'>τοῦ</span> <span class='ocrx_word' id='word_1_103' title='bbox 1834 1473 1953 1543; x_wconf 82' lang='grc' dir='ltr'>ἠγε-</span> 
     </span>
    </p>
   </div>
   <div class='ocr_carea' id='block_1_17' title="bbox 375 1554 1950 1634">
    <p class='ocr_par' dir='ltr' id='par_1_17' title="bbox 375 1554 1950 1634">
     <span class='ocr_line' id='line_1_17' title="bbox 375 1554 1950 1634; baseline 0.006 -28"><span class='ocrx_word' id='word_1_104' title='bbox 375 1557 534 1624; x_wconf 84' lang='grc' dir='ltr'>μόνος</span> <span class='ocrx_word' id='word_1_105' title='bbox 565 1554 882 1609; x_wconf 83' lang='grc' dir='ltr'>δυναστείαν</span> <span class='ocrx_word' id='word_1_106' title='bbox 914 1557 1000 1625; x_wconf 81' lang='grc' dir='ltr'>ἐφ’</span> <span class='ocrx_word' id='word_1_107' title='bbox 1041 1558 1191 1626; x_wconf 77' lang='grc' dir='ltr'>ἡμᾶς</span> <span class='ocrx_word' id='word_1_108' title='bbox 1221 1559 1408 1624; x_wconf 83' lang='grc' dir='ltr'>κινῶν,</span> <span class='ocrx_word' id='word_1_109' title='bbox 1443 1561 1536 1613; x_wconf 73' lang='grc' dir='ltr'>καὶ</span> <span class='ocrx_word' id='word_1_110' title='bbox 1569 1562 1749 1616; x_wconf 82' lang='grc' dir='ltr'>πᾶσαν</span> <span class='ocrx_word' id='word_1_111' title='bbox 1778 1562 1950 1634; x_wconf 82' lang='grc' dir='ltr'>ἀφορ-</span> 
     </span>
    </p>
   </div>
   <div class='ocr_carea' id='block_1_18' title="bbox 375 1645 1952 1726">
    <p class='ocr_par' dir='ltr' id='par_1_18' title="bbox 375 1645 1952 1726">
     <span class='ocr_line' id='line_1_18' title="bbox 375 1645 1952 1726; baseline 0.007 -29"><span class='ocrx_word' id='word_1_112' title='bbox 375 1646 481 1715; x_wconf 84' lang='grc' dir='ltr'><strong>μὴν</strong></span> <span class='ocrx_word' id='word_1_113' title='bbox 520 1646 655 1717; x_wconf 83' lang='grc' dir='ltr'>πρὸς</span> <span class='ocrx_word' id='word_1_114' title='bbox 679 1645 778 1718; x_wconf 82' lang='grc' dir='ltr'><strong>τὴν</strong></span> <span class='ocrx_word' id='word_1_115' title='bbox 814 1647 1104 1717; x_wconf 85' lang='grc' dir='ltr'>τυραννίδα</span> <span class='ocrx_word' id='word_1_116' title='bbox 1125 1648 1225 1719; x_wconf 83' lang='grc' dir='ltr'><strong>τὴν</strong></span> <span class='ocrx_word' id='word_1_117' title='bbox 1247 1649 1369 1702; x_wconf 84' lang='grc' dir='ltr'>καθ’</span> <span class='ocrx_word' id='word_1_118' title='bbox 1402 1650 1560 1721; x_wconf 81' lang='grc' dir='ltr'>ἡμῶν</span> <span class='ocrx_word' id='word_1_119' title='bbox 1594 1654 1952 1726; x_wconf 81' lang='grc' dir='ltr'>συναγείρων.</span> 
     </span>
    </p>
   </div>
   <div class='ocr_carea' id='block_1_19' title="bbox 374 1736 1954 1810">
    <p class='ocr_par' dir='ltr' id='par_1_19' title="bbox 374 1736 1954 1810">
     <span class='ocr_line' id='line_1_19' title="bbox 374 1736 1954 1810; baseline 0.008 -24"><span class='ocrx_word' id='word_1_120' title='bbox 374 1736 516 1799; x_wconf 84' lang='grc' dir='ltr'>Ἕως</span> <span class='ocrx_word' id='word_1_121' title='bbox 559 1737 821 1807; x_wconf 84' lang='grc' dir='ltr'>ὲνεφῆκεν</span> <span class='ocrx_word' id='word_1_122' title='bbox 848 1739 994 1808; x_wconf 78' lang='grc' dir='ltr'>ἡμᾶς</span> <span class='ocrx_word' id='word_1_123' title='bbox 1031 1738 1144 1810; x_wconf 79' lang='grc'><strong>(95)</strong></span> <span class='ocrx_word' id='word_1_124' title='bbox 1172 1742 1286 1803; x_wconf 82' lang='grc' dir='ltr'>τοῖς</span> <span class='ocrx_word' id='word_1_125' title='bbox 1329 1741 1690 1806; x_wconf 74' lang='grc' dir='ltr'>Βαϐυλωνίοις</span> <span class='ocrx_word' id='word_1_126' title='bbox 1727 1747 1916 1808; x_wconf 85' lang='grc' dir='ltr'>κακοῖς</span> <span class='ocrx_word' id='word_1_127' title='bbox 1938 1761 1954 1776; x_wconf 75' lang='grc' dir='ltr'><strong>ο</strong></span> 
     </span>
    </p>
   </div>
   <div class='ocr_carea' id='block_1_20' title="bbox 374 1810 2032 1906">
    <p class='ocr_par' dir='ltr' id='par_1_20' title="bbox 374 1810 2032 1906">
     <span class='ocr_line' id='line_1_20' title="bbox 374 1810 2032 1906; baseline 0.007 -28"><span class='ocrx_word' id='word_1_128' title='bbox 374 1827 504 1896; x_wconf 79' lang='grc' dir='ltr'>παρ’</span> <span class='ocrx_word' id='word_1_129' title='bbox 532 1821 612 1890; x_wconf 69' lang='grc' dir='ltr'>οἷς</span> <span class='ocrx_word' id='word_1_130' title='bbox 637 1828 872 1899; x_wconf 84' lang='grc' dir='ltr'>τοσαύτη</span> <span class='ocrx_word' id='word_1_131' title='bbox 906 1847 990 1893; x_wconf 86' lang='grc' dir='ltr'><strong>τις</strong></span> <span class='ocrx_word' id='word_1_132' title='bbox 1017 1833 1239 1900; x_wconf 80' lang='grc' dir='ltr'>γέγονεν</span> <span class='ocrx_word' id='word_1_133' title='bbox 1270 1834 1306 1900; x_wconf 80' lang='grc' dir='ltr'>ἡ</span> <span class='ocrx_word' id='word_1_134' title='bbox 1350 1834 1478 1904; x_wconf 75' lang='grc' dir='ltr'>περὶ</span> <span class='ocrx_word' id='word_1_135' title='bbox 1514 1834 1612 1906; x_wconf 84' lang='grc' dir='ltr'><strong>τὴν</strong></span> <span class='ocrx_word' id='word_1_136' title='bbox 1641 1836 1820 1888; x_wconf 89' lang='grc' dir='ltr'>πίστιν</span> <span class='ocrx_word' id='word_1_137' title='bbox 1849 1835 1958 1888; x_wconf 92' lang='grc' dir='ltr'><strong>τῶν</strong></span> 
     </span>
    </p>
   </div>
   <div class='ocr_carea' id='block_1_21' title="bbox 374 1919 1958 1996">
    <p class='ocr_par' dir='ltr' id='par_1_21' title="bbox 374 1919 1958 1996">
     <span class='ocr_line' id='line_1_21' title="bbox 374 1919 1958 1996; baseline 0.006 -25"><span class='ocrx_word' id='word_1_138' title='bbox 374 1919 674 1989; x_wconf 81' lang='grc' dir='ltr'>ἀνθρώπων</span> <span class='ocrx_word' id='word_1_139' title='bbox 707 1922 771 1974; x_wconf 85' lang='grc' dir='ltr'>ὲκ</span> <span class='ocrx_word' id='word_1_140' title='bbox 804 1921 1048 1975; x_wconf 78' lang='grc' dir='ltr'>παλαιῶν</span> <span class='ocrx_word' id='word_1_141' title='bbox 1074 1923 1282 1993; x_wconf 83' lang='grc' dir='ltr'>χρόνων</span> <span class='ocrx_word' id='word_1_142' title='bbox 1306 1925 1560 1996; x_wconf 71' lang='grc' dir='ltr'>διαφορὰ,</span> <span class='ocrx_word' id='word_1_143' title='bbox 1592 1925 1733 1980; x_wconf 84' lang='grc' dir='ltr'>ὥστε</span> <span class='ocrx_word' id='word_1_144' title='bbox 1773 1929 1958 1991; x_wconf 83' lang='grc' dir='ltr'>αὐτοῖς</span> 
     </span>
    </p>
   </div>
   <div class='ocr_carea' id='block_1_22' title="bbox 377 2013 1955 2090">
    <p class='ocr_par' dir='ltr' id='par_1_22' title="bbox 377 2013 1955 2090">
     <span class='ocr_line' id='line_1_22' title="bbox 377 2013 1955 2090; baseline 0.005 -26"><span class='ocrx_word' id='word_1_145' title='bbox 377 2013 776 2083; x_wconf 78' lang='grc' dir='ltr'>ἐνσκιρωθῆναι</span> <span class='ocrx_word' id='word_1_146' title='bbox 809 2015 908 2084; x_wconf 83' lang='grc' dir='ltr'><strong>τὴν</strong></span> <span class='ocrx_word' id='word_1_147' title='bbox 954 2015 1128 2078; x_wconf 89' lang='grc' dir='ltr'>νόσον,</span> <span class='ocrx_word' id='word_1_148' title='bbox 1178 2017 1272 2069; x_wconf 72' lang='grc' dir='ltr'><strong>καὶ</strong></span> <span class='ocrx_word' id='word_1_149' title='bbox 1316 2018 1598 2073; x_wconf 82' lang='grc' dir='ltr'>ἀδιάλυτον</span> <span class='ocrx_word' id='word_1_150' title='bbox 1634 2020 1747 2090; x_wconf 85' lang='grc'><strong>(96)</strong></span> <span class='ocrx_word' id='word_1_151' title='bbox 1783 2016 1955 2073; x_wconf 78' lang='grc' dir='ltr'>εἶναι·</span> 
     </span>
    </p>
   </div>
   <div class='ocr_carea' id='block_1_23' title="bbox 374 2102 1960 2180">
    <p class='ocr_par' dir='ltr' id='par_1_23' title="bbox 374 2102 1960 2180">
     <span class='ocr_line' id='line_1_23' title="bbox 374 2102 1960 2180; baseline 0.006 -26"><span class='ocrx_word' id='word_1_152' title='bbox 374 2102 468 2155; x_wconf 57' lang='grc' dir='ltr'><strong>καὶ</strong></span> <span class='ocrx_word' id='word_1_153' title='bbox 503 2103 773 2173; x_wconf 82' lang='grc' dir='ltr'>μάχεσθαι</span> <span class='ocrx_word' id='word_1_154' title='bbox 796 2105 933 2176; x_wconf 84' lang='grc' dir='ltr'>πρὸς</span> <span class='ocrx_word' id='word_1_155' title='bbox 959 2108 1084 2170; x_wconf 74' lang='grc' dir='ltr'>τοὺς</span> <span class='ocrx_word' id='word_1_156' title='bbox 1116 2107 1438 2180; x_wconf 78' lang='grc' dir='ltr'>θεραπεύειν</span> <span class='ocrx_word' id='word_1_157' title='bbox 1467 2109 1878 2179; x_wconf 75' lang='grc' dir='ltr'>ἐπιχειροῦντας</span> <span class='ocrx_word' id='word_1_158' title='bbox 1897 2111 1960 2164; x_wconf 88' lang='grc' dir='ltr'>τὺ</span> 
     </span>
    </p>
   </div>
   <div class='ocr_carea' id='block_1_24' title="bbox 376 2196 1960 2272">
    <p class='ocr_par' dir='ltr' id='par_1_24' title="bbox 376 2196 1960 2272">
     <span class='ocr_line' id='line_1_24' title="bbox 376 2196 1960 2272; baseline 0.004 -25"><span class='ocrx_word' id='word_1_159' title='bbox 376 2196 566 2259; x_wconf 80' lang='grc' dir='ltr'>πάθος.</span> <span class='ocrx_word' id='word_1_160' title='bbox 617 2197 810 2262; x_wconf 85' lang='grc' dir='ltr'>Βαθεῖς</span> <span class='ocrx_word' id='word_1_161' title='bbox 851 2199 960 2270; x_wconf 81' lang='grc' dir='ltr'>γὰρ</span> <span class='ocrx_word' id='word_1_162' title='bbox 998 2200 1171 2263; x_wconf 79' lang='grc' dir='ltr'>ἄλλως</span> <span class='ocrx_word' id='word_1_163' title='bbox 1215 2201 1387 2266; x_wconf 78' lang='grc' dir='ltr'>ὄντες,</span> <span class='ocrx_word' id='word_1_164' title='bbox 1436 2203 1528 2255; x_wconf 76' lang='grc' dir='ltr'>καὶ</span> <span class='ocrx_word' id='word_1_165' title='bbox 1577 2203 1675 2272; x_wconf 78' lang='grc' dir='ltr'>τὴν</span> <span class='ocrx_word' id='word_1_166' title='bbox 1707 2202 1960 2270; x_wconf 80' lang='grc' dir='ltr'>γλῶσσαν</span> 
     </span>
    </p>
   </div>
   <div class='ocr_carea' id='block_1_25' title="bbox 375 2286 1958 2360">
    <p class='ocr_par' dir='ltr' id='par_1_25' title="bbox 375 2286 1958 2360">
     <span class='ocr_line' id='line_1_25' title="bbox 375 2286 1958 2360; baseline 0.003 -24"><span class='ocrx_word' id='word_1_167' title='bbox 375 2286 537 2339; x_wconf 78' lang='grc' dir='ltr'>πλέον</span> <span class='ocrx_word' id='word_1_168' title='bbox 570 2286 603 2356; x_wconf 84' lang='grc' dir='ltr'>ἢ</span> <span class='ocrx_word' id='word_1_169' title='bbox 643 2287 929 2360; x_wconf 76' lang='grc' dir='ltr'>βάρϐαροι,</span> <span class='ocrx_word' id='word_1_170' title='bbox 973 2288 1151 2352; x_wconf 87' lang='grc' dir='ltr'>δασεῖς</span> <span class='ocrx_word' id='word_1_171' title='bbox 1187 2305 1246 2340; x_wconf 87' lang='grc' dir='ltr'><strong>τε</strong></span> <span class='ocrx_word' id='word_1_172' title='bbox 1276 2290 1374 2358; x_wconf 82' lang='grc' dir='ltr'><strong>τὴν</strong></span> <span class='ocrx_word' id='word_1_173' title='bbox 1409 2287 1591 2359; x_wconf 81' lang='grc' dir='ltr'>φωνὴν</span> <span class='ocrx_word' id='word_1_174' title='bbox 1631 2289 1725 2342; x_wconf 74' lang='grc' dir='ltr'><strong>καὶ</strong></span> <span class='ocrx_word' id='word_1_175' title='bbox 1755 2288 1958 2360; x_wconf 83' lang='grc' dir='ltr'>θηριώ-</span> 
     </span>
    </p>
   </div>
   <div class='ocr_carea' id='block_1_26' title="bbox 374 2379 1962 2452">
    <p class='ocr_par' dir='ltr' id='par_1_26' title="bbox 374 2379 1962 2452">
     <span class='ocr_line' id='line_1_26' title="bbox 374 2379 1962 2452; baseline 0.002 -22"><span class='ocrx_word' id='word_1_176' title='bbox 374 2379 483 2440; x_wconf 78' lang='grc' dir='ltr'>δεις</span> <span class='ocrx_word' id='word_1_177' title='bbox 501 2395 514 2408; x_wconf 83' lang='grc'><em>’</em></span> <span class='ocrx_word' id='word_1_178' title='bbox 545 2379 644 2450; x_wconf 84' lang='grc' dir='ltr'><strong>τὴν</strong></span> <span class='ocrx_word' id='word_1_179' title='bbox 667 2379 876 2434; x_wconf 88' lang='grc' dir='ltr'>δίαιταν</span> <span class='ocrx_word' id='word_1_180' title='bbox 906 2381 1046 2434; x_wconf 88' lang='grc' dir='ltr'><strong>κατὰ</strong></span> <span class='ocrx_word' id='word_1_181' title='bbox 1076 2380 1142 2434; x_wconf 87' lang='grc' dir='ltr'>τὰ</span> <span class='ocrx_word' id='word_1_182' title='bbox 1171 2381 1283 2434; x_wconf 80' lang='grc' dir='ltr'>δολε</span> <span class='ocrx_word' id='word_1_183' title='bbox 1295 2381 1363 2451; x_wconf 82' lang='grc' dir='ltr'><strong>ρά</strong></span> <span class='ocrx_word' id='word_1_184' title='bbox 1387 2379 1494 2434; x_wconf 82' lang='grc' dir='ltr'><strong>τῶν</strong></span> <span class='ocrx_word' id='word_1_185' title='bbox 1519 2380 1720 2451; x_wconf 87' lang='grc' dir='ltr'>θηρίων</span> <span class='ocrx_word' id='word_1_186' title='bbox 1740 2383 1804 2452; x_wconf 83' lang='grc' dir='ltr'>τῇ</span> <span class='ocrx_word' id='word_1_187' title='bbox 1826 2380 1962 2452; x_wconf 81' lang='grc' dir='ltr'>πρὸς</span> 
     </span>
    </p>
   </div>
   <div class='ocr_carea' id='block_1_27' title="bbox 373 2471 1962 2544">
    <p class='ocr_par' dir='ltr' id='par_1_27' title="bbox 373 2471 1962 2544">
     <span class='ocr_line' id='line_1_27' title="bbox 373 2471 1962 2544; baseline 0.001 -21"><span class='ocrx_word' id='word_1_188' title='bbox 373 2471 435 2523; x_wconf 84' lang='grc' dir='ltr'><strong>τὸ</strong></span> <span class='ocrx_word' id='word_1_189' title='bbox 463 2471 632 2524; x_wconf 82' lang='grc' dir='ltr'>κακόν</span> <span class='ocrx_word' id='word_1_190' title='bbox 657 2473 962 2544; x_wconf 67' lang='grc' dir='ltr'>εύμηχανίᾳ</span> <span class='ocrx_word' id='word_1_191' title='bbox 987 2472 1158 2535; x_wconf 68' lang='grc' dir='ltr'>οὕτως</span> <span class='ocrx_word' id='word_1_192' title='bbox 1189 2473 1540 2544; x_wconf 79' lang='grc' dir='ltr'>ὲξήσκηνται,</span> <span class='ocrx_word' id='word_1_193' title='bbox 1573 2473 1650 2536; x_wconf 83' lang='grc' dir='ltr'>ὡς</span> <span class='ocrx_word' id='word_1_194' title='bbox 1682 2472 1848 2543; x_wconf 81' lang='grc' dir='ltr'>μηδὲν</span> <span class='ocrx_word' id='word_1_195' title='bbox 1868 2473 1962 2525; x_wconf 86' lang='grc' dir='ltr'><strong>αὺ-</strong></span> 
     </span>
    </p>
   </div>
   <div class='ocr_carea' id='block_1_28' title="bbox 374 2559 1959 2637">
    <p class='ocr_par' dir='ltr' id='par_1_28' title="bbox 374 2559 1959 2637">
     <span class='ocr_line' id='line_1_28' title="bbox 374 2559 1959 2637; baseline 0.001 -23"><span class='ocrx_word' id='word_1_196' title='bbox 374 2565 485 2626; x_wconf 86' lang='grc' dir='ltr'>τοῖς</span> <span class='ocrx_word' id='word_1_197' title='bbox 535 2559 670 2616; x_wconf 75' lang='grc' dir='ltr'>εἷναι</span> <span class='ocrx_word' id='word_1_198' title='bbox 717 2563 809 2616; x_wconf 78' lang='grc' dir='ltr'><strong>τὸν</strong></span> <span class='ocrx_word' id='word_1_199' title='bbox 853 2564 1218 2637; x_wconf 83' lang='grc' dir='ltr'>Ἀρχιμήδην·</span> <span class='ocrx_word' id='word_1_200' title='bbox 1254 2564 1454 2635; x_wconf 82' lang='grc' dir='ltr'>μᾶλλον</span> <span class='ocrx_word' id='word_1_201' title='bbox 1495 2566 1574 2627; x_wconf 86' lang='grc' dir='ltr'><strong>δὲ,</strong></span> <span class='ocrx_word' id='word_1_202' title='bbox 1625 2567 1880 2635; x_wconf 81' lang='grc' dir='ltr'>Σίσυφον,</span> <span class='ocrx_word' id='word_1_203' title='bbox 1924 2565 1959 2636; x_wconf 74' lang='grc' dir='ltr'>ἢ</span> 
     </span>
    </p>
   </div>
   <div class='ocr_carea' id='block_1_29' title="bbox 375 2652 1962 2724">
    <p class='ocr_par' dir='ltr' id='par_1_29' title="bbox 375 2652 1962 2724">
     <span class='ocr_line' id='line_1_29' title="bbox 375 2652 1962 2724; baseline 0.001 -19"><span class='ocrx_word' id='word_1_204' title='bbox 375 2652 700 2723; x_wconf 83' lang='grc' dir='ltr'>Κερκύωνα,</span> <span class='ocrx_word' id='word_1_205' title='bbox 737 2653 770 2723; x_wconf 80' lang='grc' dir='ltr'>ἢ</span> <span class='ocrx_word' id='word_1_206' title='bbox 802 2653 1101 2724; x_wconf 88' lang='grc' dir='ltr'>Σκείρωνα,</span> <span class='ocrx_word' id='word_1_207' title='bbox 1127 2653 1159 2724; x_wconf 83' lang='grc' dir='ltr'>ἢ</span> <span class='ocrx_word' id='word_1_208' title='bbox 1191 2655 1246 2707; x_wconf 80' lang='grc' dir='ltr'>εἴ</span> <span class='ocrx_word' id='word_1_209' title='bbox 1282 2671 1435 2716; x_wconf 88' lang='grc' dir='ltr'>τινας</span> <span class='ocrx_word' id='word_1_210' title='bbox 1457 2653 1732 2716; x_wconf 82' lang='grc' dir='ltr'>τοιούτους</span> <span class='ocrx_word' id='word_1_211' title='bbox 1770 2653 1962 2718; x_wconf 77' lang='grc' dir='ltr'>ἄλλους</span> 
     </span>
    </p>
   </div>
   <div class='ocr_carea' id='block_1_30' title="bbox 377 2743 1962 2814">
    <p class='ocr_par' dir='ltr' id='par_1_30' title="bbox 377 2743 1962 2814">
     <span class='ocr_line' id='line_1_30' title="bbox 377 2743 1962 2814; baseline 0 -18"><span class='ocrx_word' id='word_1_212' title='bbox 377 2746 436 2797; x_wconf 79' lang='grc' dir='ltr'>ὲν</span> <span class='ocrx_word' id='word_1_213' title='bbox 469 2747 584 2807; x_wconf 87' lang='grc' dir='ltr'>ταῖς</span> <span class='ocrx_word' id='word_1_214' title='bbox 621 2745 885 2814; x_wconf 80' lang='grc' dir='ltr'>ἱστορίαις</span> <span class='ocrx_word' id='word_1_215' title='bbox 919 2745 1213 2814; x_wconf 81' lang='grc' dir='ltr'>ἀκούομεν.</span> <span class='ocrx_word' id='word_1_216' title='bbox 1254 2744 1328 2797; x_wconf 82' lang='grc' dir='ltr'>Τὸ</span> <span class='ocrx_word' id='word_1_217' title='bbox 1363 2743 1462 2813; x_wconf 81' lang='grc' dir='ltr'>μὲν</span> <span class='ocrx_word' id='word_1_218' title='bbox 1489 2743 1599 2814; x_wconf 75' lang='grc' dir='ltr'>γὰρ</span> <span class='ocrx_word' id='word_1_219' title='bbox 1626 2743 1820 2812; x_wconf 77' lang='grc' dir='ltr'>ψεῦδος</span> <span class='ocrx_word' id='word_1_220' title='bbox 1855 2744 1962 2796; x_wconf 87' lang='grc' dir='ltr'>πά-</span> 
     </span>
    </p>
   </div>
   <div class='ocr_carea' id='block_1_31' title="bbox 379 2835 1965 2908">
    <p class='ocr_par' dir='ltr' id='par_1_31' title="bbox 379 2835 1965 2908">
     <span class='ocr_line' id='line_1_31' title="bbox 379 2835 1965 2908; baseline -0.001 -19"><span class='ocrx_word' id='word_1_221' title='bbox 379 2855 480 2908; x_wconf 83' lang='grc' dir='ltr'><strong>σης</strong></span> <span class='ocrx_word' id='word_1_222' title='bbox 508 2837 764 2907; x_wconf 82' lang='grc' dir='ltr'>ἀληθείας</span> <span class='ocrx_word' id='word_1_223' title='bbox 796 2837 942 2891; x_wconf 73' lang='grc' dir='ltr'>ἐστὶν</span> <span class='ocrx_word' id='word_1_224' title='bbox 969 2838 1152 2900; x_wconf 79' lang='grc' dir='ltr'>αὐτοῖς</span> <span class='ocrx_word' id='word_1_225' title='bbox 1186 2836 1547 2908; x_wconf 80' lang='grc' dir='ltr'>ἑτοιμότερον.</span> <span class='ocrx_word' id='word_1_226' title='bbox 1572 2835 1731 2890; x_wconf 79' lang='grc' dir='ltr'>Οὕτω</span> <span class='ocrx_word' id='word_1_227' title='bbox 1754 2836 1810 2888; x_wconf 82' lang='grc' dir='ltr'><strong>δὲ</strong></span> <span class='ocrx_word' id='word_1_228' title='bbox 1842 2837 1965 2888; x_wconf 85' lang='grc' dir='ltr'>ὲπι-</span> 
     </span>
    </p>
   </div>
   <div class='ocr_carea' id='block_1_32' title="bbox 379 2928 1962 3003">
    <p class='ocr_par' dir='ltr' id='par_1_32' title="bbox 379 2928 1962 3003">
     <span class='ocr_line' id='line_1_32' title="bbox 379 2928 1962 3003; baseline -0.001 -19"><span class='ocrx_word' id='word_1_229' title='bbox 379 2931 670 3003; x_wconf 78' lang='grc' dir='ltr'>θαρσοῦσιν</span> <span class='ocrx_word' id='word_1_230' title='bbox 685 2930 775 2982; x_wconf 78' lang='grc' dir='ltr'>ὑπ’</span> <span class='ocrx_word' id='word_1_231' title='bbox 797 2930 1178 3000; x_wconf 80' lang='grc' dir='ltr'>ἀναισχυντίας</span> <span class='ocrx_word' id='word_1_232' title='bbox 1198 2928 1276 2999; x_wconf 84' lang='grc' dir='ltr'>τῷ</span> <span class='ocrx_word' id='word_1_233' title='bbox 1296 2929 1609 2998; x_wconf 78' lang='grc' dir='ltr'>ψεύδεσθαι,</span> <span class='ocrx_word' id='word_1_234' title='bbox 1631 2929 1706 2992; x_wconf 86' lang='grc' dir='ltr'>ὡς</span> <span class='ocrx_word' id='word_1_235' title='bbox 1729 2929 1848 2983; x_wconf 81' lang='grc' dir='ltr'>οὐδὲ</span> <span class='ocrx_word' id='word_1_236' title='bbox 1868 2929 1962 2982; x_wconf 80' lang='grc' dir='ltr'>τοῦ</span> 
     </span>
    </p>
   </div>
   <div class='ocr_carea' id='block_1_33' title="bbox 377 3020 1964 3093">
    <p class='ocr_par' dir='ltr' id='par_1_33' title="bbox 377 3020 1964 3093">
     <span class='ocr_line' id='line_1_33' title="bbox 377 3020 1964 3093; baseline -0.001 -17"><span class='ocrx_word' id='word_1_237' title='bbox 377 3022 664 3092; x_wconf 81' lang='grc' dir='ltr'>ἀληθεύειν</span> <span class='ocrx_word' id='word_1_238' title='bbox 702 3022 751 3075; x_wconf 78' lang='grc' dir='ltr'><strong>οἱ</strong></span> <span class='ocrx_word' id='word_1_239' title='bbox 777 3022 904 3093; x_wconf 73' lang='grc' dir='ltr'>περὶ</span> <span class='ocrx_word' id='word_1_240' title='bbox 936 3020 1094 3074; x_wconf 80' lang='grc' dir='ltr'>τοῦτο</span> <span class='ocrx_word' id='word_1_241' title='bbox 1124 3020 1364 3091; x_wconf 87' lang='grc' dir='ltr'>σφοδροί.</span> <span class='ocrx_word' id='word_1_242' title='bbox 1399 3021 1508 3074; x_wconf 72' lang='grc' dir='ltr'><strong>Καὶ</strong></span> <span class='ocrx_word' id='word_1_243' title='bbox 1548 3021 1610 3074; x_wconf 86' lang='grc' dir='ltr'><strong>τὸ</strong></span> <span class='ocrx_word' id='word_1_244' title='bbox 1640 3021 1964 3091; x_wconf 78' lang='grc' dir='ltr'>ἐλεγχθῆναι</span> 
     </span>
    </p>
   </div>
   <div class='ocr_carea' id='block_1_34' title="bbox 2049 557 3666 631">
    <p class='ocr_par' dir='ltr' id='par_1_34' title="bbox 2049 557 3666 631">
     <span class='ocr_line' id='line_1_34' title="bbox 2049 557 3666 631; baseline -0.001 -16"><span class='ocrx_word' id='word_1_245' title='bbox 2049 562 2390 616; x_wconf 74' lang='lat' dir='ltr'><strong>censentium</strong></span> <span class='ocrx_word' id='word_1_246' title='bbox 2416 599 2430 622; x_wconf 85' lang='lat'><strong>,</strong></span> <span class='ocrx_word' id='word_1_247' title='bbox 2465 568 2526 615; x_wconf 90' lang='lat' dir='ltr'><strong>ut</strong></span> <span class='ocrx_word' id='word_1_248' title='bbox 2555 561 2937 631; x_wconf 72' lang='lat' dir='ltr'><strong>haereticorum</strong></span> <span class='ocrx_word' id='word_1_249' title='bbox 2963 557 3342 614; x_wconf 87' lang='lat' dir='ltr'><strong>incursionem</strong></span> <span class='ocrx_word' id='word_1_250' title='bbox 3371 563 3627 609; x_wconf 88' lang='lat' dir='ltr'><strong>antever-</strong></span> <span class='ocrx_word' id='word_1_251' title='bbox 3664 611 3666 613; x_wconf 71' lang='grc'><strong>,</strong></span> 
     </span>
    </p>
   </div>
   <div class='ocr_carea' id='block_1_35' title="bbox 2047 643 3664 726">
    <p class='ocr_par' dir='ltr' id='par_1_35' title="bbox 2047 643 3664 726">
     <span class='ocr_line' id='line_1_35' title="bbox 2047 643 3664 726; baseline -0.006 -22"><span class='ocrx_word' id='word_1_252' title='bbox 2047 660 2314 704; x_wconf 86' lang='lat' dir='ltr'><strong>teremus.</strong></span> <span class='ocrx_word' id='word_1_253' title='bbox 2347 647 2455 703; x_wconf 89' lang='lat' dir='ltr'><strong>Sed</strong></span> <span class='ocrx_word' id='word_1_254' title='bbox 2482 663 2604 720; x_wconf 80' lang='lat' dir='ltr'><strong>quae</strong></span> <span class='ocrx_word' id='word_1_255' title='bbox 2643 648 2712 703; x_wconf 89' lang='lat' dir='ltr'><strong>ad</strong></span> <span class='ocrx_word' id='word_1_256' title='bbox 2753 648 2872 702; x_wconf 67' lang='lat' dir='ltr'><strong>haec</strong></span> <span class='ocrx_word' id='word_1_257' title='bbox 2910 654 3351 718; x_wconf 89' lang='lat' dir='ltr'><strong>consequuntur,</strong></span> <span class='ocrx_word' id='word_1_258' title='bbox 3405 643 3664 726; x_wconf 42' lang='lat' dir='ltr'><strong>silentio.</strong></span> 
     </span>
    </p>
   </div>
   <div class='ocr_carea' id='block_1_36' title="bbox 2049 736 3628 811">
    <p class='ocr_par' dir='ltr' id='par_1_36' title="bbox 2049 736 3628 811">
     <span class='ocr_line' id='line_1_36' title="bbox 2049 736 3628 811; baseline -0.003 -17"><span class='ocrx_word' id='word_1_259' title='bbox 2049 741 2215 811; x_wconf 85' lang='lat' dir='ltr'><strong>digna</strong></span> <span class='ocrx_word' id='word_1_260' title='bbox 2258 745 2390 795; x_wconf 89' lang='lat' dir='ltr'><strong>sunt</strong></span> <span class='ocrx_word' id='word_1_261' title='bbox 2415 779 2430 804; x_wconf 91' lang='lat'><strong>,</strong></span> <span class='ocrx_word' id='word_1_262' title='bbox 2466 747 2521 795; x_wconf 89' lang='lat' dir='ltr'><strong>et</strong></span> <span class='ocrx_word' id='word_1_263' title='bbox 2566 740 2871 810; x_wconf 82' lang='lat' dir='ltr'><strong>ploratibus</strong></span> <span class='ocrx_word' id='word_1_264' title='bbox 2907 737 3370 794; x_wconf 85' lang='lat' dir='ltr'><strong>inenarrabilibus</strong></span> <span class='ocrx_word' id='word_1_265' title='bbox 3395 778 3411 802; x_wconf 92' lang='lat'><strong>,</strong></span> <span class='ocrx_word' id='word_1_266' title='bbox 3443 736 3628 791; x_wconf 90' lang='lat' dir='ltr'><strong>conti-</strong></span> 
     </span>
    </p>
   </div>
   <div class='ocr_carea' id='block_1_37' title="bbox 2051 808 3666 897">
    <p class='ocr_par' dir='ltr' id='par_1_37' title="bbox 2051 808 3666 897">
     <span class='ocr_line' id='line_1_37' title="bbox 2051 808 3666 897; baseline -0.002 -15"><span class='ocrx_word' id='word_1_267' title='bbox 2051 808 2313 897; x_wconf 43' lang='lat' dir='ltr'><strong>nc—ntique</strong></span> <span class='ocrx_word' id='word_1_268' title='bbox 2339 808 2581 884; x_wconf 77' lang='lat' dir='ltr'><strong>mmrore</strong></span> <span class='ocrx_word' id='word_1_269' title='bbox 2602 835 2657 882; x_wconf 84' lang='lat' dir='ltr'><strong>et</strong></span> <span class='ocrx_word' id='word_1_270' title='bbox 2694 829 2866 891; x_wconf 91' lang='lat' dir='ltr'><strong>luctu,</strong></span> <span class='ocrx_word' id='word_1_271' title='bbox 2897 827 2991 896; x_wconf 90' lang='lat' dir='ltr'><strong>qui</strong></span> <span class='ocrx_word' id='word_1_272' title='bbox 3024 827 3403 883; x_wconf 86' lang='lat' dir='ltr'><strong>remissionem</strong></span> <span class='ocrx_word' id='word_1_273' title='bbox 3433 841 3464 880; x_wconf 89' lang='lat' dir='ltr'><strong>a</strong></span> <span class='ocrx_word' id='word_1_274' title='bbox 3501 835 3633 881; x_wconf 90' lang='lat' dir='ltr'><strong>tcm-</strong></span> <span class='ocrx_word' id='word_1_275' title='bbox 3659 808 3666 817; x_wconf 39' lang='grc'><strong>⁸</strong></span> 
     </span>
    </p>
   </div>
   <div class='ocr_carea' id='block_1_38' title="bbox 2052 915 3630 990">
    <p class='ocr_par' dir='ltr' id='par_1_38' title="bbox 2052 915 3630 990">
     <span class='ocr_line' id='line_1_38' title="bbox 2052 915 3630 990; baseline -0.004 -16"><span class='ocrx_word' id='word_1_276' title='bbox 2052 935 2184 990; x_wconf 87' lang='lat' dir='ltr'><strong>pore</strong></span> <span class='ocrx_word' id='word_1_277' title='bbox 2228 919 2454 974; x_wconf 90' lang='lat' dir='ltr'><strong>minime</strong></span> <span class='ocrx_word' id='word_1_278' title='bbox 2506 919 2882 988; x_wconf 64' lang='lat' dir='ltr'><strong>prastolatur.</strong></span> <span class='ocrx_word' id='word_1_279' title='bbox 2927 917 3062 971; x_wconf 86' lang='lat' dir='ltr'><strong>Nam</strong></span> <span class='ocrx_word' id='word_1_280' title='bbox 3099 917 3314 986; x_wconf 89' lang='lat' dir='ltr'><strong>reliqua</strong></span> <span class='ocrx_word' id='word_1_281' title='bbox 3360 915 3630 969; x_wconf 89' lang='lat' dir='ltr'><strong>malorum</strong></span> 
     </span>
    </p>
   </div>
   <div class='ocr_carea' id='block_1_39' title="bbox 2053 1007 3634 1080">
    <p class='ocr_par' dir='ltr' id='par_1_39' title="bbox 2053 1007 3634 1080">
     <span class='ocr_line' id='line_1_39' title="bbox 2053 1007 3634 1080; baseline -0.004 -16"><span class='ocrx_word' id='word_1_282' title='bbox 2053 1009 2414 1067; x_wconf 87' lang='lat' dir='ltr'><strong>assuetudine</strong></span> <span class='ocrx_word' id='word_1_283' title='bbox 2458 1009 2682 1080; x_wconf 89' lang='lat' dir='ltr'><strong>quidem</strong></span> <span class='ocrx_word' id='word_1_284' title='bbox 2733 1009 2895 1064; x_wconf 91' lang='lat' dir='ltr'><strong>facile</strong></span> <span class='ocrx_word' id='word_1_285' title='bbox 2943 1008 3196 1065; x_wconf 86' lang='lat' dir='ltr'><strong>homines</strong></span> <span class='ocrx_word' id='word_1_286' title='bbox 3249 1007 3470 1072; x_wconf 88' lang='lat' dir='ltr'><strong>ferunt;</strong></span> <span class='ocrx_word' id='word_1_287' title='bbox 3511 1022 3634 1075; x_wconf 75' lang='lat' dir='ltr'><strong>qure</strong></span> 
     </span>
    </p>
   </div>
   <div class='ocr_carea' id='block_1_40' title="bbox 2053 1098 3632 1173">
    <p class='ocr_par' dir='ltr' id='par_1_40' title="bbox 2053 1098 3632 1173">
     <span class='ocr_line' id='line_1_40' title="bbox 2053 1098 3632 1173; baseline -0.004 -17"><span class='ocrx_word' id='word_1_288' title='bbox 2053 1109 2236 1158; x_wconf 91' lang='lat' dir='ltr'><strong>autem</strong></span> <span class='ocrx_word' id='word_1_289' title='bbox 2267 1102 2363 1157; x_wconf 82' lang='lat' dir='ltr'><strong>hic&#39;</strong></span> <span class='ocrx_word' id='word_1_290' title='bbox 2385 1110 2697 1173; x_wconf 88' lang='lat' dir='ltr'><strong>sequuntur</strong></span> <span class='ocrx_word' id='word_1_291' title='bbox 2725 1116 2850 1156; x_wconf 90' lang='lat' dir='ltr'><strong>cum</strong></span> <span class='ocrx_word' id='word_1_292' title='bbox 2878 1100 3261 1157; x_wconf 81' lang='lat' dir='ltr'><strong>invasionibus</strong></span> <span class='ocrx_word' id='word_1_293' title='bbox 3287 1098 3632 1154; x_wconf 87' lang='lat' dir='ltr'><strong>acerbiorum</strong></span> 
     </span>
    </p>
   </div>
   <div class='ocr_carea' id='block_1_41' title="bbox 2054 1185 3632 1262">
    <p class='ocr_par' dir='ltr' id='par_1_41' title="bbox 2054 1185 3632 1262">
     <span class='ocr_line' id='line_1_41' title="bbox 2054 1185 3632 1262; baseline -0.003 -14"><span class='ocrx_word' id='word_1_294' title='bbox 2054 1208 2280 1256; x_wconf 88' lang='lat' dir='ltr'><strong>rerum,</strong></span> <span class='ocrx_word' id='word_1_295' title='bbox 2356 1185 2689 1262; x_wconf 66' lang='lat' dir='ltr'><strong>praecedenti</strong></span> <span class='ocrx_word' id='word_1_296' title='bbox 2747 1190 2976 1260; x_wconf 85' lang='lat' dir='ltr'><strong>tempori</strong></span> <span class='ocrx_word' id='word_1_297' title='bbox 3030 1197 3194 1244; x_wconf 88' lang='lat' dir='ltr'><strong>aucta</strong></span> <span class='ocrx_word' id='word_1_298' title='bbox 3256 1188 3632 1244; x_wconf 83' lang='lat' dir='ltr'><strong>cumulantur.</strong></span> 
     </span>
    </p>
   </div>
   <div class='ocr_carea' id='block_1_42' title="bbox 2055 1277 3636 1354">
    <p class='ocr_par' dir='ltr' id='par_1_42' title="bbox 2055 1277 3636 1354">
     <span class='ocr_line' id='line_1_42' title="bbox 2055 1277 3636 1354; baseline -0.006 -16"><span class='ocrx_word' id='word_1_299' title='bbox 2055 1280 2269 1339; x_wconf 82' lang='lat' dir='ltr'><strong>Etenim</strong></span> <span class='ocrx_word' id='word_1_300' title='bbox 2305 1300 2430 1339; x_wconf 92' lang='lat' dir='ltr'><strong>cum</strong></span> <span class='ocrx_word' id='word_1_301' title='bbox 2481 1283 2710 1354; x_wconf 84' lang='lat' dir='ltr'><strong>reliquis</strong></span> <span class='ocrx_word' id='word_1_302' title='bbox 2757 1281 3006 1337; x_wconf 85' lang='lat' dir='ltr'><strong>consisto</strong></span> <span class='ocrx_word' id='word_1_303' title='bbox 3046 1280 3392 1336; x_wconf 82' lang='lat' dir='ltr'><strong>antistitibus</strong></span> <span class='ocrx_word' id='word_1_304' title='bbox 3435 1277 3636 1332; x_wconf 89' lang='lat' dir='ltr'><strong>adhoc</strong></span> 
     </span>
    </p>
   </div>
   <div class='ocr_carea' id='block_1_43' title="bbox 2054 1369 3637 1448">
    <p class='ocr_par' dir='ltr' id='par_1_43' title="bbox 2054 1369 3637 1448">
     <span class='ocr_line' id='line_1_43' title="bbox 2054 1369 3637 1448; baseline -0.005 -18"><span class='ocrx_word' id='word_1_305' title='bbox 2054 1377 2233 1448; x_wconf 88' lang='lat' dir='ltr'><strong>ipsum</strong></span> <span class='ocrx_word' id='word_1_306' title='bbox 2276 1376 2557 1447; x_wconf 80' lang='lat' dir='ltr'><strong>negotium</strong></span> <span class='ocrx_word' id='word_1_307' title='bbox 2599 1375 2958 1440; x_wconf 82' lang='lat' dir='ltr'><strong>convocatis,</strong></span> <span class='ocrx_word' id='word_1_308' title='bbox 3006 1374 3088 1428; x_wconf 94' lang='lat' dir='ltr'><strong>uti</strong></span> <span class='ocrx_word' id='word_1_309' title='bbox 3123 1373 3218 1442; x_wconf 90' lang='lat' dir='ltr'><strong>qui</strong></span> <span class='ocrx_word' id='word_1_310' title='bbox 3261 1369 3521 1440; x_wconf 86' lang='lat' dir='ltr'><strong>suffragia</strong></span> <span class='ocrx_word' id='word_1_311' title='bbox 3567 1369 3637 1423; x_wconf 90' lang='lat' dir='ltr'><strong>de.</strong></span> 
     </span>
    </p>
   </div>
   <div class='ocr_carea' id='block_1_44' title="bbox 2056 1460 3634 1536">
    <p class='ocr_par' dir='ltr' id='par_1_44' title="bbox 2056 1460 3634 1536">
     <span class='ocr_line' id='line_1_44' title="bbox 2056 1460 3634 1536; baseline -0.006 -14"><span class='ocrx_word' id='word_1_312' title='bbox 2056 1468 2303 1522; x_wconf 88' lang='lat' dir='ltr'><strong>antistite</strong></span> <span class='ocrx_word' id='word_1_313' title='bbox 2345 1467 2687 1536; x_wconf 87' lang='lat' dir='ltr'><strong>designando</strong></span> <span class='ocrx_word' id='word_1_314' title='bbox 2740 1465 3130 1536; x_wconf 90' lang='lat' dir='ltr'><strong>susciperem,</strong></span> <span class='ocrx_word' id='word_1_315' title='bbox 3197 1469 3253 1518; x_wconf 90' lang='lat' dir='ltr'><strong>et</strong></span> <span class='ocrx_word' id='word_1_316' title='bbox 3308 1460 3634 1531; x_wconf 70' lang='lat' dir='ltr'><strong>suffragium</strong></span> 
     </span>
    </p>
   </div>
   <div class='ocr_carea' id='block_1_45' title="bbox 2059 1555 3640 1629">
    <p class='ocr_par' dir='ltr' id='par_1_45' title="bbox 2059 1555 3640 1629">
     <span class='ocr_line' id='line_1_45' title="bbox 2059 1555 3640 1629; baseline -0.006 -14"><span class='ocrx_word' id='word_1_317' title='bbox 2059 1565 2200 1615; x_wconf 84' lang='lat' dir='ltr'><strong>inter</strong></span> <span class='ocrx_word' id='word_1_318' title='bbox 2243 1561 2557 1620; x_wconf 74' lang='lat' dir='ltr'><strong>nos,latum</strong></span> <span class='ocrx_word' id='word_1_319' title='bbox 2601 1560 2718 1629; x_wconf 90' lang='lat' dir='ltr'><strong>ipse</strong></span> <span class='ocrx_word' id='word_1_320' title='bbox 2762 1559 2970 1614; x_wconf 90' lang='lat' dir='ltr'><strong>fueram</strong></span> <span class='ocrx_word' id='word_1_321' title='bbox 2997 1597 3009 1620; x_wconf 88' lang='lat'><strong>,</strong></span> <span class='ocrx_word' id='word_1_322' title='bbox 3063 1571 3128 1611; x_wconf 89' lang='lat' dir='ltr'><strong>ac</strong></span> <span class='ocrx_word' id='word_1_323' title='bbox 3169 1555 3432 1626; x_wconf 79' lang='lat' dir='ltr'><strong>ignorans</strong></span> <span class='ocrx_word' id='word_1_324' title='bbox 3470 1555 3640 1608; x_wconf 80' lang='lat' dir='ltr'><strong>miser</strong></span> 
     </span>
    </p>
   </div>
   <div class='ocr_carea' id='block_1_46' title="bbox 2059 1646 3641 1722">
    <p class='ocr_par' dir='ltr' id='par_1_46' title="bbox 2059 1646 3641 1722">
     <span class='ocr_line' id='line_1_46' title="bbox 2059 1646 3641 1722; baseline -0.006 -14"><span class='ocrx_word' id='word_1_325' title='bbox 2059 1655 2282 1708; x_wconf 59' lang='lat' dir='ltr'><strong>meiu-et</strong></span> <span class='ocrx_word' id='word_1_326' title='bbox 2334 1653 2509 1722; x_wconf 82' lang='lat' dir='ltr'><strong>ipsius</strong></span> <span class='ocrx_word' id='word_1_327' title='bbox 2557 1659 2754 1721; x_wconf 86' lang='lat' dir='ltr'><strong>captus</strong></span> <span class='ocrx_word' id='word_1_328' title='bbox 2814 1667 2936 1707; x_wconf 88' lang='lat' dir='ltr'><strong>sum</strong></span> <span class='ocrx_word' id='word_1_329' title='bbox 2970 1649 3094 1704; x_wconf 90' lang='lat' dir='ltr'><strong>alis.</strong></span> <span class='ocrx_word' id='word_1_330' title='bbox 3147 1646 3460 1703; x_wconf 88' lang='lat' dir='ltr'><strong>Seditiones</strong></span> <span class='ocrx_word' id='word_1_331' title='bbox 3487 1653 3641 1715; x_wconf 78' lang='lat' dir='ltr'><strong>post-</strong></span> 
     </span>
    </p>
   </div>
   <div class='ocr_carea' id='block_1_47' title="bbox 2061 1743 3636 1812">
    <p class='ocr_par' dir='ltr' id='par_1_47' title="bbox 2061 1743 3636 1812">
     <span class='ocr_line' id='line_1_47' title="bbox 2061 1743 3636 1812; baseline -0.004 -16"><span class='ocrx_word' id='word_1_332' title='bbox 2061 1744 2195 1809; x_wconf 84' lang='lat' dir='ltr'><strong>haec,</strong></span> <span class='ocrx_word' id='word_1_333' title='bbox 2225 1743 2404 1797; x_wconf 88' lang='lat' dir='ltr'><strong>aversi</strong></span> <span class='ocrx_word' id='word_1_334' title='bbox 2446 1743 2681 1811; x_wconf 89' lang='lat' dir='ltr'><strong>durique</strong></span> <span class='ocrx_word' id='word_1_335' title='bbox 2711 1759 2895 1807; x_wconf 89' lang='lat' dir='ltr'><strong>casus,</strong></span> <span class='ocrx_word' id='word_1_336' title='bbox 2925 1744 3198 1812; x_wconf 78' lang='lat' dir='ltr'><strong>lacrymze.</strong></span> <span class='ocrx_word' id='word_1_337' title='bbox 3230 1746 3496 1801; x_wconf 87' lang='lat' dir='ltr'><strong>terrores,</strong></span> <span class='ocrx_word' id='word_1_338' title='bbox 3535 1752 3602 1792; x_wconf 93' lang='lat' dir='ltr'><strong>cu</strong></span> <span class='ocrx_word' id='word_1_339' title='bbox 3621 1765 3636 1777; x_wconf 90' lang='lat'><strong>-</strong></span> 
     </span>
    </p>
   </div>
   <div class='ocr_carea' id='block_1_48' title="bbox 2061 1830 3640 1904">
    <p class='ocr_par' dir='ltr' id='par_1_48' title="bbox 2061 1830 3640 1904">
     <span class='ocr_line' id='line_1_48' title="bbox 2061 1830 3640 1904; baseline -0.005 -14"><span class='ocrx_word' id='word_1_340' title='bbox 2061 1835 2278 1898; x_wconf 71' lang='lat' dir='ltr'><strong>stoditn,</strong></span> <span class='ocrx_word' id='word_1_341' title='bbox 2308 1835 2457 1889; x_wconf 86' lang='lat' dir='ltr'><strong>acies</strong></span> <span class='ocrx_word' id='word_1_342' title='bbox 2480 1834 2756 1901; x_wconf 91' lang='lat' dir='ltr'><strong>militaris,</strong></span> <span class='ocrx_word' id='word_1_343' title='bbox 2779 1843 2834 1889; x_wconf 90' lang='lat' dir='ltr'><strong>et</strong></span> <span class='ocrx_word' id='word_1_344' title='bbox 2859 1835 2974 1904; x_wconf 91' lang='lat' dir='ltr'><strong>ipse</strong></span> <span class='ocrx_word' id='word_1_345' title='bbox 2996 1832 3328 1888; x_wconf 87' lang='lat' dir='ltr'><strong>constitutus</strong></span> <span class='ocrx_word' id='word_1_346' title='bbox 3353 1830 3433 1884; x_wconf 92' lang='lat' dir='ltr'><strong>eis</strong></span> <span class='ocrx_word' id='word_1_347' title='bbox 3455 1843 3640 1883; x_wconf 89' lang='lat' dir='ltr'><strong>comes</strong></span> 
     </span>
    </p>
   </div>
   <div class='ocr_carea' id='block_1_49' title="bbox 2063 1924 3640 1994">
    <p class='ocr_par' dir='ltr' id='par_1_49' title="bbox 2063 1924 3640 1994">
     <span class='ocr_line' id='line_1_49' title="bbox 2063 1924 3640 1994; baseline -0.006 -13"><span class='ocrx_word' id='word_1_348' title='bbox 2063 1943 2208 1992; x_wconf 90' lang='lat' dir='ltr'><strong>sum,</strong></span> <span class='ocrx_word' id='word_1_349' title='bbox 2240 1926 2544 1981; x_wconf 82' lang='lat' dir='ltr'><strong>exercitum</strong></span> <span class='ocrx_word' id='word_1_350' title='bbox 2571 1929 2766 1981; x_wconf 87' lang='lat' dir='ltr'><strong>contra</strong></span> <span class='ocrx_word' id='word_1_351' title='bbox 2799 1942 2897 1980; x_wconf 85' lang='lat' dir='ltr'><strong>nos</strong></span> <span class='ocrx_word' id='word_1_352' title='bbox 2918 1925 3071 1994; x_wconf 90' lang='lat' dir='ltr'><strong>ipsos</strong></span> <span class='ocrx_word' id='word_1_353' title='bbox 3103 1924 3313 1978; x_wconf 92' lang='lat' dir='ltr'><strong>ducens</strong></span> <span class='ocrx_word' id='word_1_354' title='bbox 3339 1937 3355 1987; x_wconf 90' lang='lat'>;</span> <span class='ocrx_word' id='word_1_355' title='bbox 3393 1927 3640 1991; x_wconf 88' lang='lat' dir='ltr'><strong>potesta-</strong></span> 
     </span>
    </p>
   </div>
   <div class='ocr_carea' id='block_1_50' title="bbox 2063 2019 3643 2089">
    <p class='ocr_par' dir='ltr' id='par_1_50' title="bbox 2063 2019 3643 2089">
     <span class='ocr_line' id='line_1_50' title="bbox 2063 2019 3643 2089; baseline -0.004 -17"><span class='ocrx_word' id='word_1_356' title='bbox 2063 2027 2285 2089; x_wconf 88' lang='lat' dir='ltr'><strong>temque</strong></span> <span class='ocrx_word' id='word_1_357' title='bbox 2329 2019 2490 2074; x_wconf 89' lang='lat' dir='ltr'><strong>ducis</strong></span> <span class='ocrx_word' id='word_1_358' title='bbox 2533 2020 2800 2074; x_wconf 90' lang='lat' dir='ltr'><strong>adversus</strong></span> <span class='ocrx_word' id='word_1_359' title='bbox 2841 2021 2990 2088; x_wconf 90' lang='lat' dir='ltr'><strong>ipsos</strong></span> <span class='ocrx_word' id='word_1_360' title='bbox 3024 2032 3126 2072; x_wconf 89' lang='lat' dir='ltr'><strong>nos</strong></span> <span class='ocrx_word' id='word_1_361' title='bbox 3156 2031 3406 2076; x_wconf 87' lang='lat' dir='ltr'><strong>movens.</strong></span> <span class='ocrx_word' id='word_1_362' title='bbox 3436 2023 3492 2068; x_wconf 88' lang='lat' dir='ltr'><strong>et</strong></span> <span class='ocrx_word' id='word_1_363' title='bbox 3522 2028 3643 2068; x_wconf 56' lang='lat' dir='ltr'><strong>om-</strong></span> 
     </span>
    </p>
   </div>
   <div class='ocr_carea' id='block_1_51' title="bbox 2064 2106 3639 2180">
    <p class='ocr_par' dir='ltr' id='par_1_51' title="bbox 2064 2106 3639 2180">
     <span class='ocr_line' id='line_1_51' title="bbox 2064 2106 3639 2180; baseline -0.004 -16"><span class='ocrx_word' id='word_1_364' title='bbox 2064 2126 2186 2164; x_wconf 75' lang='lat' dir='ltr'><strong>nem</strong></span> <span class='ocrx_word' id='word_1_365' title='bbox 2218 2125 2562 2180; x_wconf 79' lang='lat' dir='ltr'><strong>congregans</strong></span> <span class='ocrx_word' id='word_1_366' title='bbox 2591 2119 2954 2180; x_wconf 87' lang='lat' dir='ltr'><strong>opportunam</strong></span> <span class='ocrx_word' id='word_1_367' title='bbox 2985 2108 3272 2164; x_wconf 87' lang='lat' dir='ltr'><strong>materiam</strong></span> <span class='ocrx_word' id='word_1_368' title='bbox 3299 2106 3367 2161; x_wconf 91' lang='lat' dir='ltr'><strong>ad</strong></span> <span class='ocrx_word' id='word_1_369' title='bbox 3407 2121 3639 2176; x_wconf 90' lang='lat' dir='ltr'><strong>regnum</strong></span> 
     </span>
    </p>
   </div>
   <div class='ocr_carea' id='block_1_52' title="bbox 2062 2197 3646 2268">
    <p class='ocr_par' dir='ltr' id='par_1_52' title="bbox 2062 2197 3646 2268">
     <span class='ocr_line' id='line_1_52' title="bbox 2062 2197 3646 2268; baseline -0.004 -12"><span class='ocrx_word' id='word_1_370' title='bbox 2062 2217 2257 2256; x_wconf 87' lang='lat' dir='ltr'><strong>contra</strong></span> <span class='ocrx_word' id='word_1_371' title='bbox 2326 2218 2426 2257; x_wconf 89' lang='lat' dir='ltr'><strong>nos</strong></span> <span class='ocrx_word' id='word_1_372' title='bbox 2484 2201 2862 2257; x_wconf 71' lang='lat' dir='ltr'><strong>excitandum.</strong></span> <span class='ocrx_word' id='word_1_373' title='bbox 2923 2200 3144 2256; x_wconf 89' lang='lat' dir='ltr'><strong>Interim</strong></span> <span class='ocrx_word' id='word_1_374' title='bbox 3189 2198 3257 2253; x_wconf 85' lang='lat' dir='ltr'><strong>ad</strong></span> <span class='ocrx_word' id='word_1_375' title='bbox 3302 2197 3646 2268; x_wconf 73' lang='lat' dir='ltr'><strong>Babylonien-</strong></span> 
     </span>
    </p>
   </div>
   <div class='ocr_carea' id='block_1_53' title="bbox 2065 2287 3644 2356">
    <p class='ocr_par' dir='ltr' id='par_1_53' title="bbox 2065 2287 3644 2356">
     <span class='ocr_line' id='line_1_53' title="bbox 2065 2287 3644 2356; baseline -0.006 -7"><span class='ocrx_word' id='word_1_376' title='bbox 2065 2293 2206 2349; x_wconf 79' lang='lat' dir='ltr'><strong>sium</strong></span> <span class='ocrx_word' id='word_1_377' title='bbox 2253 2293 2439 2347; x_wconf 84' lang='lat' dir='ltr'><strong>clades</strong></span> <span class='ocrx_word' id='word_1_378' title='bbox 2483 2292 2716 2346; x_wconf 87' lang='lat' dir='ltr'><strong>adversa</strong></span> <span class='ocrx_word' id='word_1_379' title='bbox 2761 2291 2979 2346; x_wconf 78' lang='lat' dir='ltr'><strong>fortuna</strong></span> <span class='ocrx_word' id='word_1_380' title='bbox 3038 2306 3140 2347; x_wconf 91' lang='lat' dir='ltr'><strong>nos</strong></span> <span class='ocrx_word' id='word_1_381' title='bbox 3189 2288 3464 2344; x_wconf 88' lang='lat' dir='ltr'><strong>immisit:</strong></span> <span class='ocrx_word' id='word_1_382' title='bbox 3500 2287 3644 2356; x_wconf 87' lang='lat' dir='ltr'><strong>apud</strong></span> 
     </span>
    </p>
   </div>
   <div class='ocr_carea' id='block_1_54' title="bbox 2063 2382 3648 2454">
    <p class='ocr_par' dir='ltr' id='par_1_54' title="bbox 2063 2382 3648 2454">
     <span class='ocr_line' id='line_1_54' title="bbox 2063 2382 3648 2454; baseline -0.003 -17"><span class='ocrx_word' id='word_1_383' title='bbox 2063 2399 2204 2454; x_wconf 78' lang='lat' dir='ltr'><strong>quos</strong></span> <span class='ocrx_word' id='word_1_384' title='bbox 2228 2392 2378 2438; x_wconf 90' lang='lat' dir='ltr'><strong>tanta</strong></span> <span class='ocrx_word' id='word_1_385' title='bbox 2415 2382 2665 2451; x_wconf 70' lang='lat' dir='ltr'><strong>qumdam</strong></span> <span class='ocrx_word' id='word_1_386' title='bbox 2717 2384 2869 2437; x_wconf 89' lang='lat' dir='ltr'><strong>circa</strong></span> <span class='ocrx_word' id='word_1_387' title='bbox 2902 2382 3062 2438; x_wconf 83' lang='lat' dir='ltr'><strong>fidem</strong></span> <span class='ocrx_word' id='word_1_388' title='bbox 3103 2382 3173 2437; x_wconf 91' lang='lat' dir='ltr'><strong>ab</strong></span> <span class='ocrx_word' id='word_1_389' title='bbox 3221 2395 3304 2446; x_wconf 89' lang='lat' dir='ltr'><strong>ea,</strong></span> <span class='ocrx_word' id='word_1_390' title='bbox 3355 2394 3480 2449; x_wconf 67' lang='lat' dir='ltr'><strong>quae</strong></span> <span class='ocrx_word' id='word_1_391' title='bbox 3527 2388 3648 2434; x_wconf 84' lang='lat' dir='ltr'><strong>erat</strong></span> 
     </span>
    </p>
   </div>
   <div class='ocr_carea' id='block_1_55' title="bbox 2067 2470 3644 2544">
    <p class='ocr_par' dir='ltr' id='par_1_55' title="bbox 2067 2470 3644 2544">
     <span class='ocr_line' id='line_1_55' title="bbox 2067 2470 3644 2544; baseline -0.003 -16"><span class='ocrx_word' id='word_1_392' title='bbox 2067 2475 2347 2530; x_wconf 86' lang='lat' dir='ltr'><strong>hominum</strong></span> <span class='ocrx_word' id='word_1_393' title='bbox 2376 2476 2728 2544; x_wconf 85' lang='lat' dir='ltr'><strong>antiquorum</strong></span> <span class='ocrx_word' id='word_1_394' title='bbox 2760 2484 3088 2544; x_wconf 89' lang='lat' dir='ltr'><strong>temporum,</strong></span> <span class='ocrx_word' id='word_1_395' title='bbox 3120 2473 3267 2527; x_wconf 82' lang='lat' dir='ltr'><strong>facta</strong></span> <span class='ocrx_word' id='word_1_396' title='bbox 3288 2483 3373 2527; x_wconf 86' lang='lat' dir='ltr'><strong>est</strong></span> <span class='ocrx_word' id='word_1_397' title='bbox 3391 2470 3644 2526; x_wconf 78' lang='lat' dir='ltr'><strong>diﬂeren-</strong></span> 
     </span>
    </p>
   </div>
   <div class='ocr_carea' id='block_1_56' title="bbox 2064 2563 3648 2636">
    <p class='ocr_par' dir='ltr' id='par_1_56' title="bbox 2064 2563 3648 2636">
     <span class='ocr_line' id='line_1_56' title="bbox 2064 2563 3648 2636; baseline -0.003 -16"><span class='ocrx_word' id='word_1_398' title='bbox 2064 2568 2161 2630; x_wconf 90' lang='lat' dir='ltr'><strong>tia,</strong></span> <span class='ocrx_word' id='word_1_399' title='bbox 2193 2575 2253 2620; x_wconf 83' lang='grc' dir='ltr'><strong>ιιι</strong></span> <span class='ocrx_word' id='word_1_400' title='bbox 2278 2566 2503 2620; x_wconf 89' lang='lat' dir='ltr'><strong>morbus</strong></span> <span class='ocrx_word' id='word_1_401' title='bbox 2539 2581 2765 2636; x_wconf 88' lang='lat' dir='ltr'><strong>prorsus</strong></span> <span class='ocrx_word' id='word_1_402' title='bbox 2793 2566 2846 2620; x_wconf 93' lang='lat' dir='ltr'><strong>in</strong></span> <span class='ocrx_word' id='word_1_403' title='bbox 2876 2566 3013 2635; x_wconf 90' lang='lat' dir='ltr'><strong>ipsis</strong></span> <span class='ocrx_word' id='word_1_404' title='bbox 3043 2563 3406 2629; x_wconf 83' lang='lat' dir='ltr'><strong>obduruerit;</strong></span> <span class='ocrx_word' id='word_1_405' title='bbox 3467 2563 3648 2632; x_wconf 88' lang='lat' dir='ltr'><strong>sitque</strong></span> 
     </span>
    </p>
   </div>
   <div class='ocr_carea' id='block_1_57' title="bbox 2065 2657 3648 2729">
    <p class='ocr_par' dir='ltr' id='par_1_57' title="bbox 2065 2657 3648 2729">
     <span class='ocr_line' id='line_1_57' title="bbox 2065 2657 3648 2729; baseline -0.002 -17"><span class='ocrx_word' id='word_1_406' title='bbox 2065 2659 2468 2714; x_wconf 89' lang='lat' dir='ltr'><strong>indissolubilis</strong></span> <span class='ocrx_word' id='word_1_407' title='bbox 2489 2676 2503 2714; x_wconf 90' lang='lat'>:</span> <span class='ocrx_word' id='word_1_408' title='bbox 2539 2658 2678 2713; x_wconf 88' lang='lat' dir='ltr'><strong>adeo</strong></span> <span class='ocrx_word' id='word_1_409' title='bbox 2697 2667 2757 2712; x_wconf 93' lang='lat' dir='ltr'><strong>ut</strong></span> <span class='ocrx_word' id='word_1_410' title='bbox 2777 2657 3000 2713; x_wconf 89' lang='lat' dir='ltr'><strong>affectio</strong></span> <span class='ocrx_word' id='word_1_411' title='bbox 3019 2672 3186 2729; x_wconf 87' lang='lat' dir='ltr'><strong>prava</strong></span> <span class='ocrx_word' id='word_1_412' title='bbox 3209 2657 3476 2712; x_wconf 84' lang='lat' dir='ltr'><strong>adversus</strong></span> <span class='ocrx_word' id='word_1_413' title='bbox 3491 2670 3648 2710; x_wconf 84' lang='lat' dir='ltr'><strong>cura-</strong></span> 
     </span>
    </p>
   </div>
   <div class='ocr_carea' id='block_1_58' title="bbox 2066 2746 3647 2820">
    <p class='ocr_par' dir='ltr' id='par_1_58' title="bbox 2066 2746 3647 2820">
     <span class='ocr_line' id='line_1_58' title="bbox 2066 2746 3647 2820; baseline -0.003 -17"><span class='ocrx_word' id='word_1_414' title='bbox 2066 2751 2271 2804; x_wconf 87' lang='lat' dir='ltr'><strong>tionem</strong></span> <span class='ocrx_word' id='word_1_415' title='bbox 2303 2751 2681 2820; x_wconf 88' lang='lat' dir='ltr'><strong>aggredientes</strong></span> <span class='ocrx_word' id='word_1_416' title='bbox 2713 2758 2933 2820; x_wconf 86' lang='lat' dir='ltr'><strong>pugnet.</strong></span> <span class='ocrx_word' id='word_1_417' title='bbox 2958 2749 3096 2804; x_wconf 89' lang='lat' dir='ltr'><strong>Cum</strong></span> <span class='ocrx_word' id='word_1_418' title='bbox 3125 2749 3272 2804; x_wconf 89' lang='lat' dir='ltr'><strong>enim</strong></span> <span class='ocrx_word' id='word_1_419' title='bbox 3301 2747 3522 2816; x_wconf 84' lang='lat' dir='ltr'><strong>ingenio</strong></span> <span class='ocrx_word' id='word_1_420' title='bbox 3539 2746 3647 2802; x_wconf 88' lang='lat' dir='ltr'><strong>sint</strong></span> 
     </span>
    </p>
   </div>
   <div class='ocr_carea' id='block_1_59' title="bbox 2065 2837 3646 2911">
    <p class='ocr_par' dir='ltr' id='par_1_59' title="bbox 2065 2837 3646 2911">
     <span class='ocr_line' id='line_1_59' title="bbox 2065 2837 3646 2911; baseline -0.005 -15"><span class='ocrx_word' id='word_1_421' title='bbox 2065 2842 2345 2896; x_wconf 90' lang='lat' dir='ltr'><strong>incassum</strong></span> <span class='ocrx_word' id='word_1_422' title='bbox 2367 2839 2624 2910; x_wconf 81' lang='lat' dir='ltr'><strong>profundi</strong></span> <span class='ocrx_word' id='word_1_423' title='bbox 2651 2858 2666 2906; x_wconf 87' lang='lat'><strong>;</strong></span> <span class='ocrx_word' id='word_1_424' title='bbox 2698 2841 2884 2911; x_wconf 89' lang='lat' dir='ltr'><strong>lingua</strong></span> <span class='ocrx_word' id='word_1_425' title='bbox 2904 2854 3036 2895; x_wconf 85' lang='lat' dir='ltr'><strong>vero</strong></span> <span class='ocrx_word' id='word_1_426' title='bbox 3063 2839 3185 2910; x_wconf 87' lang='lat' dir='ltr'><strong>plus</strong></span> <span class='ocrx_word' id='word_1_427' title='bbox 3208 2853 3372 2908; x_wconf 89' lang='lat' dir='ltr'><strong>quam</strong></span> <span class='ocrx_word' id='word_1_428' title='bbox 3400 2837 3646 2901; x_wconf 87' lang='lat' dir='ltr'><strong>barbari;</strong></span> 
     </span>
    </p>
   </div>
   <div class='ocr_carea' id='block_1_60' title="bbox 2066 2925 3648 3000">
    <p class='ocr_par' dir='ltr' id='par_1_60' title="bbox 2066 2925 3648 3000">
     <span class='ocr_line' id='line_1_60' title="bbox 2066 2925 3648 3000; baseline -0.003 -15"><span class='ocrx_word' id='word_1_429' title='bbox 2066 2947 2367 3000; x_wconf 74' lang='lat' dir='ltr'><strong>vocemque</strong></span> <span class='ocrx_word' id='word_1_430' title='bbox 2423 2931 2650 2987; x_wconf 84' lang='lat' dir='ltr'><strong>densam</strong></span> <span class='ocrx_word' id='word_1_431' title='bbox 2684 2931 2950 2986; x_wconf 85' lang='lat' dir='ltr'><strong>habentes</strong></span> <span class='ocrx_word' id='word_1_432' title='bbox 3006 2935 3063 2984; x_wconf 87' lang='lat' dir='ltr'><strong>et</strong></span> <span class='ocrx_word' id='word_1_433' title='bbox 3121 2927 3388 2994; x_wconf 88' lang='lat' dir='ltr'><strong>ferinam;</strong></span> <span class='ocrx_word' id='word_1_434' title='bbox 3431 2925 3648 2982; x_wconf 81' lang='lat' dir='ltr'><strong>vivendi</strong></span> 
     </span>
    </p>
   </div>
   <div class='ocr_carea' id='block_1_61' title="bbox 2067 3019 3644 3092">
    <p class='ocr_par' dir='ltr' id='par_1_61' title="bbox 2067 3019 3644 3092">
     <span class='ocr_line' id='line_1_61' title="bbox 2067 3019 3644 3092; baseline -0.004 -14"><span class='ocrx_word' id='word_1_435' title='bbox 2067 3024 2333 3078; x_wconf 86' lang='lat' dir='ltr'><strong>rationem</strong></span> <span class='ocrx_word' id='word_1_436' title='bbox 2358 3023 2513 3092; x_wconf 80' lang='lat' dir='ltr'><strong>juxta</strong></span> <span class='ocrx_word' id='word_1_437' title='bbox 2548 3023 2788 3078; x_wconf 83' lang='lat' dir='ltr'><strong>ferarum</strong></span> <span class='ocrx_word' id='word_1_438' title='bbox 2829 3021 2986 3077; x_wconf 89' lang='lat' dir='ltr'><strong>dolos</strong></span> <span class='ocrx_word' id='word_1_439' title='bbox 3013 3028 3194 3076; x_wconf 87' lang='lat' dir='ltr'><strong>astuta</strong></span> <span class='ocrx_word' id='word_1_440' title='bbox 3219 3019 3285 3074; x_wconf 89' lang='lat' dir='ltr'><strong>ad</strong></span> <span class='ocrx_word' id='word_1_441' title='bbox 3318 3019 3522 3074; x_wconf 90' lang='lat' dir='ltr'><strong>malum</strong></span> <span class='ocrx_word' id='word_1_442' title='bbox 3562 3033 3644 3072; x_wconf 89' lang='lat' dir='ltr'><strong>ar-</strong></span> 
     </span>
    </p>
   </div>
   <div class='ocr_carea' id='block_1_62' title="bbox 381 3108 1965 3203">
    <p class='ocr_par' dir='ltr' id='par_1_62' title="bbox 381 3111 1964 3185">
     <span class='ocr_line' id='line_1_62' title="bbox 381 3111 1964 3185; baseline 0.006 -19"><span class='ocrx_word' id='word_1_443' title='bbox 381 3115 511 3185; x_wconf 77' lang='grc' dir='ltr'>παρ’</span> <span class='ocrx_word' id='word_1_444' title='bbox 546 3116 730 3178; x_wconf 84' lang='grc' dir='ltr'>αὐτοῖς</span> <span class='ocrx_word' id='word_1_445' title='bbox 775 3114 870 3167; x_wconf 77' lang='grc' dir='ltr'><strong>ἐπὶ</strong></span> <span class='ocrx_word' id='word_1_446' title='bbox 899 3115 1010 3176; x_wconf 90' lang='grc' dir='ltr'>τοῖς</span> <span class='ocrx_word' id='word_1_447' title='bbox 1048 3113 1326 3182; x_wconf 85' lang='grc' dir='ltr'>μεγίστοις</span> <span class='ocrx_word' id='word_1_448' title='bbox 1365 3113 1576 3178; x_wconf 85' lang='grc' dir='ltr'>κακοῖς,</span> <span class='ocrx_word' id='word_1_449' title='bbox 1613 3111 1837 3184; x_wconf 83' lang='grc' dir='ltr'>ἀφορμὴ</span> <span class='ocrx_word' id='word_1_450' title='bbox 1865 3113 1964 3182; x_wconf 87' lang='grc' dir='ltr'><strong>τῆς</strong></span> 
     </span>
    </p>
   </div>
   <div class='ocr_carea' id='block_1_63' title="bbox 2066 3108 3649 3203">
    <p class='ocr_par' dir='ltr' id='par_1_63' title="bbox 2069 3108 3649 3183">
     <span class='ocr_line' id='line_1_63' title="bbox 2069 3108 3649 3183; baseline -0.003 -15"><span class='ocrx_word' id='word_1_451' title='bbox 2069 3123 2120 3169; x_wconf 90' lang='lat' dir='ltr'><strong>te</strong></span> <span class='ocrx_word' id='word_1_452' title='bbox 2146 3115 2308 3168; x_wconf 89' lang='lat' dir='ltr'><strong>talem</strong></span> <span class='ocrx_word' id='word_1_453' title='bbox 2343 3122 2633 3175; x_wconf 79' lang='lat' dir='ltr'><strong>exercent,</strong></span> <span class='ocrx_word' id='word_1_454' title='bbox 2673 3119 2734 3167; x_wconf 86' lang='lat' dir='ltr'><strong>ut</strong></span> <span class='ocrx_word' id='word_1_455' title='bbox 2759 3111 2900 3167; x_wconf 88' lang='lat' dir='ltr'><strong>nihil</strong></span> <span class='ocrx_word' id='word_1_456' title='bbox 2928 3126 3041 3183; x_wconf 72' lang='lat' dir='ltr'><strong>pra:</strong></span> <span class='ocrx_word' id='word_1_457' title='bbox 3065 3112 3204 3181; x_wconf 89' lang='lat' dir='ltr'><strong>ipsis</strong></span> <span class='ocrx_word' id='word_1_458' title='bbox 3250 3108 3612 3165; x_wconf 75' lang='lat' dir='ltr'><strong>Archimedes</strong></span> <span class='ocrx_word' id='word_1_459' title='bbox 3632 3147 3649 3171; x_wconf 82' lang='lat'><strong>,</strong></span> 
     </span>
    </p>
   </div>
   <div class='ocr_carea' id='block_1_64' title="bbox 381 3201 1964 3275">
    <p class='ocr_par' dir='ltr' id='par_1_64' title="bbox 381 3201 1964 3275">
     <span class='ocr_line' id='line_1_64' title="bbox 381 3201 1964 3275; baseline -0.001 -19"><span class='ocrx_word' id='word_1_460' title='bbox 381 3203 530 3275; x_wconf 75' lang='grc' dir='ltr'><strong>παρά</strong></span> <span class='ocrx_word' id='word_1_461' title='bbox 559 3206 672 3268; x_wconf 86' lang='grc' dir='ltr'>τοῖς</span> <span class='ocrx_word' id='word_1_462' title='bbox 721 3202 937 3266; x_wconf 88' lang='grc' dir='ltr'>πολλοῖς</span> <span class='ocrx_word' id='word_1_463' title='bbox 982 3202 1384 3272; x_wconf 81' lang='grc' dir='ltr'>εύδοκιμήσεως</span> <span class='ocrx_word' id='word_1_464' title='bbox 1415 3201 1664 3270; x_wconf 85' lang='grc' dir='ltr'>γίνεται·</span> <span class='ocrx_word' id='word_1_465' title='bbox 1710 3201 1868 3272; x_wconf 78' lang='grc' dir='ltr'>ὕϐρις</span> <span class='ocrx_word' id='word_1_466' title='bbox 1902 3219 1964 3254; x_wconf 89' lang='grc' dir='ltr'><strong>τε</strong></span> 
     </span>
    </p>
   </div>
   <div class='ocr_carea' id='block_1_65' title="bbox 382 3292 1964 3367">
    <p class='ocr_par' dir='ltr' id='par_1_65' title="bbox 382 3292 1964 3367">
     <span class='ocr_line' id='line_1_65' title="bbox 382 3292 1964 3367; baseline -0.003 -18"><span class='ocrx_word' id='word_1_467' title='bbox 382 3299 475 3350; x_wconf 70' lang='grc' dir='ltr'><strong>καὶ</strong></span> <span class='ocrx_word' id='word_1_468' title='bbox 500 3296 776 3367; x_wconf 87' lang='grc' dir='ltr'>θρασύτης</span> <span class='ocrx_word' id='word_1_469' title='bbox 809 3296 904 3348; x_wconf 72' lang='grc' dir='ltr'><strong>καὶ</strong></span> <span class='ocrx_word' id='word_1_470' title='bbox 947 3293 1295 3364; x_wconf 84' lang='grc' dir='ltr'>ἀναισθησία,</span> <span class='ocrx_word' id='word_1_471' title='bbox 1329 3293 1482 3363; x_wconf 79' lang='grc' dir='ltr'>καὶὴ</span> <span class='ocrx_word' id='word_1_472' title='bbox 1523 3292 1634 3346; x_wconf 89' lang='grc' dir='ltr'><strong>τῶν</strong></span> <span class='ocrx_word' id='word_1_473' title='bbox 1659 3293 1964 3364; x_wconf 77' lang='grc' dir='ltr'>λεγομένων</span> 
     </span>
    </p>
   </div>
   <div class='ocr_carea' id='block_1_66' title="bbox 382 3380 1967 3454">
    <p class='ocr_par' dir='ltr' id='par_1_66' title="bbox 382 3380 1967 3454">
     <span class='ocr_line' id='line_1_66' title="bbox 382 3380 1967 3454; baseline -0.004 -14"><span class='ocrx_word' id='word_1_474' title='bbox 382 3386 614 3440; x_wconf 81' lang='grc' dir='ltr'>δυσωδίσ.</span> <span class='ocrx_word' id='word_1_475' title='bbox 642 3383 957 3454; x_wconf 72' lang='grc' dir='ltr'>πολιτισμὸς</span> <span class='ocrx_word' id='word_1_476' title='bbox 985 3380 1146 3449; x_wconf 78' lang='grc' dir='ltr'>εἶναι,</span> <span class='ocrx_word' id='word_1_477' title='bbox 1181 3383 1276 3436; x_wconf 88' lang='grc' dir='ltr'><strong>καί</strong></span> <span class='ocrx_word' id='word_1_478' title='bbox 1306 3399 1390 3445; x_wconf 84' lang='grc' dir='ltr'><strong>τις</strong></span> <span class='ocrx_word' id='word_1_479' title='bbox 1415 3382 1639 3452; x_wconf 86' lang='grc' dir='ltr'>τοιαύτη</span> <span class='ocrx_word' id='word_1_480' title='bbox 1681 3381 1967 3450; x_wconf 83' lang='grc' dir='ltr'>φιλοκαλία</span> 
     </span>
    </p>
   </div>
   <div class='ocr_carea' id='block_1_67' title="bbox 384 3472 1966 3548">
    <p class='ocr_par' dir='ltr' id='par_1_67' title="bbox 384 3472 1966 3548">
     <span class='ocr_line' id='line_1_67' title="bbox 384 3472 1966 3548; baseline -0.004 -16"><span class='ocrx_word' id='word_1_481' title='bbox 384 3477 678 3548; x_wconf 60' lang='grc' dir='ltr'>νομίζεται.</span> <span class='ocrx_word' id='word_1_482' title='bbox 713 3476 900 3532; x_wconf 77' lang='grc' dir='ltr'>Ταῦτά</span> <span class='ocrx_word' id='word_1_483' title='bbox 947 3493 1028 3529; x_wconf 90' lang='grc' dir='ltr'><strong>σοι</strong></span> <span class='ocrx_word' id='word_1_484' title='bbox 1071 3475 1179 3528; x_wconf 78' lang='grc' dir='ltr'>ἀπὸ</span> <span class='ocrx_word' id='word_1_485' title='bbox 1222 3473 1430 3528; x_wconf 86' lang='grc' dir='ltr'>πολλῶν</span> <span class='ocrx_word' id='word_1_486' title='bbox 1468 3473 1644 3542; x_wconf 83' lang='grc' dir='ltr'>ὀλίγα,</span> <span class='ocrx_word' id='word_1_487' title='bbox 1674 3472 1966 3542; x_wconf 85' lang='grc' dir='ltr'>φεύγοντες</span> 
     </span>
    </p>
   </div>
   <div class='ocr_carea' id='block_1_68' title="bbox 383 3565 1965 3641">
    <p class='ocr_par' dir='ltr' id='par_1_68' title="bbox 383 3565 1965 3641">
     <span class='ocr_line' id='line_1_68' title="bbox 383 3565 1965 3641; baseline -0.003 -19"><span class='ocrx_word' id='word_1_488' title='bbox 383 3573 480 3639; x_wconf 77' lang='grc' dir='ltr'><strong>τὴν</strong></span> <span class='ocrx_word' id='word_1_489' title='bbox 513 3568 781 3641; x_wconf 86' lang='grc' dir='ltr'>ἀμετρίαν</span> <span class='ocrx_word' id='word_1_490' title='bbox 825 3569 923 3638; x_wconf 87' lang='grc' dir='ltr'><strong>τῆς</strong></span> <span class='ocrx_word' id='word_1_491' title='bbox 970 3566 1285 3636; x_wconf 74' lang='grc' dir='ltr'>ἐπιπολῆς,</span> <span class='ocrx_word' id='word_1_492' title='bbox 1324 3565 1640 3637; x_wconf 77' lang='grc' dir='ltr'>ὲξεθέμεθα,</span> <span class='ocrx_word' id='word_1_493' title='bbox 1675 3566 1750 3630; x_wconf 84' lang='grc' dir='ltr'>ὡς</span> <span class='ocrx_word' id='word_1_494' title='bbox 1787 3566 1852 3620; x_wconf 86' lang='grc' dir='ltr'>ἂν</span> <span class='ocrx_word' id='word_1_495' title='bbox 1891 3568 1965 3638; x_wconf 85' lang='grc' dir='ltr'>μὴ</span> 
     </span>
    </p>
   </div>
   <div class='ocr_carea' id='block_1_69' title="bbox 387 3658 1969 3733">
    <p class='ocr_par' dir='ltr' id='par_1_69' title="bbox 387 3658 1969 3733">
     <span class='ocr_line' id='line_1_69' title="bbox 387 3658 1969 3733; baseline -0.002 -19"><span class='ocrx_word' id='word_1_496' title='bbox 387 3661 654 3733; x_wconf 51' lang='grc' dir='ltr'>ῥᾳθυμίαν</span> <span class='ocrx_word' id='word_1_497' title='bbox 699 3661 856 3732; x_wconf 84' lang='grc' dir='ltr'>ὴμῶν</span> <span class='ocrx_word' id='word_1_498' title='bbox 890 3659 1320 3728; x_wconf 83' lang='grc' dir='ltr'>καταγινώσκοις</span> <span class='ocrx_word' id='word_1_499' title='bbox 1363 3658 1425 3712; x_wconf 87' lang='grc' dir='ltr'>τὸ</span> <span class='ocrx_word' id='word_1_500' title='bbox 1470 3658 1828 3730; x_wconf 80' lang='grc' dir='ltr'>λογογραφεῖν</span> <span class='ocrx_word' id='word_1_501' title='bbox 1875 3659 1969 3711; x_wconf 76' lang='grc' dir='ltr'>ἐπὶ</span> 
     </span>
    </p>
   </div>
   <div class='ocr_carea' id='block_1_70' title="bbox 385 3751 1970 3824">
    <p class='ocr_par' dir='ltr' id='par_1_70' title="bbox 385 3751 1970 3824">
     <span class='ocr_line' id='line_1_70' title="bbox 385 3751 1970 3824; baseline 0 -18"><span class='ocrx_word' id='word_1_502' title='bbox 385 3752 478 3806; x_wconf 72' lang='grc' dir='ltr'>ταῦ</span> <span class='ocrx_word' id='word_1_503' title='bbox 517 3753 628 3824; x_wconf 89' lang='lat'><strong>(97)</strong></span> <span class='ocrx_word' id='word_1_504' title='bbox 671 3752 767 3806; x_wconf 81' lang='grc' dir='ltr'>νῦν</span> <span class='ocrx_word' id='word_1_505' title='bbox 813 3751 1288 3822; x_wconf 82' lang='grc' dir='ltr'>ἀναϐαλλομένοις.</span> <span class='ocrx_word' id='word_1_506' title='bbox 1353 3751 1491 3804; x_wconf 83' lang='grc' dir='ltr'>Ἀλλ’</span> <span class='ocrx_word' id='word_1_507' title='bbox 1526 3753 1579 3805; x_wconf 88' lang='grc' dir='ltr'><strong>εῖ</strong></span> <span class='ocrx_word' id='word_1_508' title='bbox 1627 3769 1708 3805; x_wconf 84' lang='grc' dir='ltr'><strong>σοι</strong></span> <span class='ocrx_word' id='word_1_509' title='bbox 1753 3754 1970 3816; x_wconf 72' lang='grc' dir='ltr'>πάντως</span> 
     </span>
    </p>
   </div>
   <div class='ocr_carea' id='block_1_71' title="bbox 463 3982 1964 4055">
    <p class='ocr_par' dir='ltr' id='par_1_71' title="bbox 463 3982 1964 4055">
     <span class='ocr_line' id='line_1_71' title="bbox 463 3982 1964 4055; baseline -0.001 -17"><span class='ocrx_word' id='word_1_510' title='bbox 463 3985 575 4046; x_wconf 70' lang='lat'><strong>(9‘2)</strong></span> <span class='ocrx_word' id='word_1_511' title='bbox 630 3983 1000 4055; x_wconf 70' lang='grc' dir='ltr'>Ἐφευρέσεσι.</span> <span class='ocrx_word' id='word_1_512' title='bbox 1033 3984 1280 4055; x_wconf 73' lang='lat' dir='ltr'><strong>Grmctttn</strong></span> <span class='ocrx_word' id='word_1_513' title='bbox 1311 3983 1580 4055; x_wconf 79' lang='lat' dir='ltr'><strong>scripturn</strong></span> <span class='ocrx_word' id='word_1_514' title='bbox 1610 3982 1774 4055; x_wconf 77' lang='lat' dir='ltr'><strong>habet</strong></span> <span class='ocrx_word' id='word_1_515' title='bbox 1803 3982 1964 4052; x_wconf 78' lang='grc' dir='ltr'>ἐφεύ-</span> 
     </span>
    </p>
   </div>
   <div class='ocr_carea' id='block_1_72' title="bbox 391 4052 1965 4125">
    <p class='ocr_par' dir='ltr' id='par_1_72' title="bbox 391 4052 1965 4125">
     <span class='ocr_line' id='line_1_72' title="bbox 391 4052 1965 4125; baseline 0 -21"><span class='ocrx_word' id='word_1_516' title='bbox 391 4071 561 4122; x_wconf 71' lang='grc' dir='ltr'>ρῑσιν,</span> <span class='ocrx_word' id='word_1_517' title='bbox 602 4052 897 4125; x_wconf 77' lang='grc' dir='ltr'>ὲφεύρεσις</span> <span class='ocrx_word' id='word_1_518' title='bbox 930 4053 1039 4106; x_wconf 91' lang='grc' dir='ltr'><strong>τῶν</strong></span> <span class='ocrx_word' id='word_1_519' title='bbox 1067 4053 1271 4110; x_wconf 79' lang='grc' dir='ltr'>κακῶν,</span> <span class='ocrx_word' id='word_1_520' title='bbox 1306 4052 1624 4107; x_wconf 82' lang='lat' dir='ltr'><strong>atlinventio</strong></span> <span class='ocrx_word' id='word_1_521' title='bbox 1656 4052 1921 4105; x_wconf 79' lang='lat' dir='ltr'><strong>malorum</strong></span> <span class='ocrx_word' id='word_1_522' title='bbox 1950 4070 1965 4119; x_wconf 90' lang='lat'><strong>;</strong></span> 
     </span>
    </p>
   </div>
   <div class='ocr_carea' id='block_1_73' title="bbox 389 4123 1968 4193">
    <p class='ocr_par' dir='ltr' id='par_1_73' title="bbox 389 4123 1968 4193">
     <span class='ocr_line' id='line_1_73' title="bbox 389 4123 1968 4193; baseline -0.001 -18"><span class='ocrx_word' id='word_1_523' title='bbox 389 4126 496 4176; x_wconf 70' lang='grc' dir='ltr'><strong>τῶν</strong></span> <span class='ocrx_word' id='word_1_524' title='bbox 527 4123 961 4193; x_wconf 79' lang='grc' dir='ltr'>ἐκκλησιαστῶν,</span> <span class='ocrx_word' id='word_1_525' title='bbox 1000 4135 1055 4177; x_wconf 91' lang='lat' dir='ltr'><strong>et</strong></span> <span class='ocrx_word' id='word_1_526' title='bbox 1093 4139 1379 4177; x_wconf 85' lang='lat' dir='ltr'><strong>sacrorum</strong></span> <span class='ocrx_word' id='word_1_527' title='bbox 1429 4125 1768 4193; x_wconf 80' lang='lat' dir='ltr'><strong>scriptorum</strong></span> <span class='ocrx_word' id='word_1_528' title='bbox 1801 4137 1968 4176; x_wconf 87' lang='lat' dir='ltr'><strong>voca-</strong></span> 
     </span>
    </p>
   </div>
   <div class='ocr_carea' id='block_1_74' title="bbox 393 4191 1969 4260">
    <p class='ocr_par' dir='ltr' id='par_1_74' title="bbox 393 4191 1969 4260">
     <span class='ocr_line' id='line_1_74' title="bbox 393 4191 1969 4260; baseline 0 -14"><span class='ocrx_word' id='word_1_529' title='bbox 393 4196 618 4254; x_wconf 84' lang='lat' dir='ltr'><strong>bulum.</strong></span> <span class='ocrx_word' id='word_1_530' title='bbox 654 4191 802 4260; x_wconf 83' lang='lat' dir='ltr'><strong>quod</strong></span> <span class='ocrx_word' id='word_1_531' title='bbox 849 4195 990 4260; x_wconf 71' lang='lat' dir='ltr'><strong>valet</strong></span> <span class='ocrx_word' id='word_1_532' title='bbox 1034 4194 1299 4258; x_wconf 88' lang='lat' dir='ltr'><strong>incursio,</strong></span> <span class='ocrx_word' id='word_1_533' title='bbox 1342 4191 1565 4247; x_wconf 66' lang='lat' dir='ltr'><strong>invasici</strong></span> <span class='ocrx_word' id='word_1_534' title='bbox 1603 4191 1880 4254; x_wconf 85' lang='lat' dir='ltr'><strong>cladium,</strong></span> <span class='ocrx_word' id='word_1_535' title='bbox 1913 4200 1969 4246; x_wconf 92' lang='lat' dir='ltr'><strong>ct</strong></span> 
     </span>
    </p>
   </div>
   <div class='ocr_carea' id='block_1_75' title="bbox 396 4254 1966 4333">
    <p class='ocr_par' dir='ltr' id='par_1_75' title="bbox 396 4254 1966 4333">
     <span class='ocr_line' id='line_1_75' title="bbox 396 4254 1966 4333; baseline 0.001 -19"><span class='ocrx_word' id='word_1_536' title='bbox 396 4265 535 4317; x_wconf 85' lang='lat' dir='ltr'><strong>male</strong></span> <span class='ocrx_word' id='word_1_537' title='bbox 563 4254 960 4332; x_wconf 59' lang='lat' dir='ltr'><strong>intelligeretur</strong></span> <span class='ocrx_word' id='word_1_538' title='bbox 982 4264 1042 4315; x_wconf 74' lang='grc' dir='ltr'><strong>τὸ</strong></span> <span class='ocrx_word' id='word_1_539' title='bbox 1074 4263 1215 4315; x_wconf 82' lang='lat' dir='ltr'><strong>mala</strong></span> <span class='ocrx_word' id='word_1_540' title='bbox 1247 4254 1362 4333; x_wconf 77' lang='lat' dir='ltr'><strong>qiue</strong></span> <span class='ocrx_word' id='word_1_541' title='bbox 1386 4263 1658 4316; x_wconf 81' lang='lat' dir='ltr'><strong>inreuiunt</strong></span> <span class='ocrx_word' id='word_1_542' title='bbox 1695 4279 1789 4315; x_wconf 84' lang='lat' dir='ltr'><strong>nos</strong></span> <span class='ocrx_word' id='word_1_543' title='bbox 1821 4261 1966 4315; x_wconf 87' lang='lat' dir='ltr'><strong>sacri</strong></span> 
     </span>
    </p>
   </div>
   <div class='ocr_carea' id='block_1_76' title="bbox 395 4333 1965 4400">
    <p class='ocr_par' dir='ltr' id='par_1_76' title="bbox 395 4333 1965 4400">
     <span class='ocr_line' id='line_1_76' title="bbox 395 4333 1965 4400; baseline -0.002 -14"><span class='ocrx_word' id='word_1_544' title='bbox 395 4335 541 4394; x_wconf 66' lang='lat' dir='ltr'><strong>libri,</strong></span> <span class='ocrx_word' id='word_1_545' title='bbox 576 4349 673 4400; x_wconf 83' lang='lat' dir='ltr'><strong>pro</strong></span> <span class='ocrx_word' id='word_1_546' title='bbox 715 4334 859 4385; x_wconf 84' lang='lat' dir='ltr'><strong>mala</strong></span> <span class='ocrx_word' id='word_1_547' title='bbox 901 4349 1017 4400; x_wconf 76' lang='lat' dir='ltr'><strong>qua:</strong></span> <span class='ocrx_word' id='word_1_548' title='bbox 1056 4335 1317 4400; x_wconf 75' lang='lat' dir='ltr'><strong>reperiunt</strong></span> <span class='ocrx_word' id='word_1_549' title='bbox 1364 4349 1477 4385; x_wconf 79' lang='lat' dir='ltr'><strong>nos.</strong></span> <span class='ocrx_word' id='word_1_550' title='bbox 1507 4333 1599 4386; x_wconf 79' lang='lat' dir='ltr'><strong>Est</strong></span> <span class='ocrx_word' id='word_1_551' title='bbox 1627 4333 1771 4386; x_wconf 89' lang='lat' dir='ltr'><strong>enim</strong></span> <span class='ocrx_word' id='word_1_552' title='bbox 1799 4333 1965 4391; x_wconf 87' lang='lat' dir='ltr'><strong>mala,</strong></span> 
     </span>
    </p>
   </div>
   <div class='ocr_carea' id='block_1_77' title="bbox 394 4402 1968 4474">
    <p class='ocr_par' dir='ltr' id='par_1_77' title="bbox 394 4402 1968 4474">
     <span class='ocr_line' id='line_1_77' title="bbox 394 4402 1968 4474; baseline 0 -18"><span class='ocrx_word' id='word_1_553' title='bbox 394 4420 516 4474; x_wconf 75' lang='lat' dir='ltr'><strong>qua:</strong></span> <span class='ocrx_word' id='word_1_554' title='bbox 551 4403 818 4457; x_wconf 79' lang='lat' dir='ltr'><strong>invadunt</strong></span> <span class='ocrx_word' id='word_1_555' title='bbox 853 4419 952 4474; x_wconf 80' lang='lat' dir='ltr'><strong>nos</strong></span> <span class='ocrx_word' id='word_1_556' title='bbox 989 4421 1000 4454; x_wconf 92' lang='lat'>:</span> <span class='ocrx_word' id='word_1_557' title='bbox 1034 4404 1180 4474; x_wconf 72' lang='lat' dir='ltr'><strong>licet,</strong></span> <span class='ocrx_word' id='word_1_558' title='bbox 1228 4420 1324 4474; x_wconf 63' lang='lat' dir='ltr'><strong>nos</strong></span> <span class='ocrx_word' id='word_1_559' title='bbox 1354 4403 1612 4474; x_wconf 82' lang='lat' dir='ltr'><strong>_invenire</strong></span> <span class='ocrx_word' id='word_1_560' title='bbox 1646 4402 1811 4474; x_wconf 76' lang='lat' dir='ltr'><strong>inata,</strong></span> <span class='ocrx_word' id='word_1_561' title='bbox 1840 4415 1968 4474; x_wconf 77' lang='lat' dir='ltr'><strong>esse</strong></span> 
     </span>
    </p>
   </div>
   <div class='ocr_carea' id='block_1_78' title="bbox 397 4471 1967 4543">
    <p class='ocr_par' dir='ltr' id='par_1_78' title="bbox 397 4471 1967 4543">
     <span class='ocr_line' id='line_1_78' title="bbox 397 4471 1967 4543; baseline -0.001 -18"><span class='ocrx_word' id='word_1_562' title='bbox 397 4471 602 4543; x_wconf 73' lang='lat' dir='ltr'><strong>possit,</strong></span> <span class='ocrx_word' id='word_1_563' title='bbox 639 4491 732 4527; x_wconf 82' lang='lat' dir='ltr'><strong>nos</strong></span> <span class='ocrx_word' id='word_1_564' title='bbox 769 4472 996 4540; x_wconf 79' lang='lat' dir='ltr'><strong>reperire</strong></span> <span class='ocrx_word' id='word_1_565' title='bbox 1041 4472 1206 4524; x_wconf 82' lang='lat' dir='ltr'><strong>mala.</strong></span> <span class='ocrx_word' id='word_1_566' title='bbox 1254 4471 1405 4526; x_wconf 85' lang='lat' dir='ltr'><strong>Vado</strong></span> <span class='ocrx_word' id='word_1_567' title='bbox 1428 4513 1444 4534; x_wconf 91' lang='lat'><strong>,</strong></span> <span class='ocrx_word' id='word_1_568' title='bbox 1480 4483 1534 4526; x_wconf 91' lang='lat' dir='ltr'><strong>et</strong></span> <span class='ocrx_word' id='word_1_569' title='bbox 1575 4471 1967 4543; x_wconf 26' lang='lat' dir='ltr'><strong>venioheodem</strong></span> 
     </span>
    </p>
   </div>
   <div class='ocr_carea' id='block_1_79' title="bbox 396 4524 2048 4612">
    <p class='ocr_par' dir='ltr' id='par_1_79' title="bbox 396 4524 2048 4612">
     <span class='ocr_line' id='line_1_79' title="bbox 396 4524 2048 4612; baseline -0.002 -17"><span class='ocrx_word' id='word_1_570' title='bbox 396 4524 559 4597; x_wconf 50' lang='lat' dir='ltr'><strong>inlisu</strong></span> <span class='ocrx_word' id='word_1_571' title='bbox 589 4524 778 4612; x_wconf 52' lang='lat' dir='ltr'><strong>&#39;aecipi</strong></span> <span class='ocrx_word' id='word_1_572' title='bbox 823 4524 984 4610; x_wconf 75' lang='lat' dir='ltr'><strong>posse</strong></span> <span class='ocrx_word' id='word_1_573' title='bbox 1027 4543 1298 4596; x_wconf 75' lang='lat' dir='ltr'><strong>interdum</strong></span> <span class='ocrx_word' id='word_1_574' title='bbox 1339 4524 1466 4609; x_wconf 76' lang='lat' dir='ltr'><strong>quis</strong></span> <span class='ocrx_word' id='word_1_575' title='bbox 1498 4524 1707 4596; x_wconf 74' lang='lat' dir='ltr'><strong>nescit?</strong></span> <span class='ocrx_word' id='word_1_576' title='bbox 1735 4540 1866 4593; x_wconf 86' lang='lat' dir='ltr'><strong>Dico</strong></span> <span class='ocrx_word' id='word_1_577' title='bbox 1890 4549 1971 4612; x_wconf 36' lang='lat' dir='ltr'><strong>tas</strong></span> <span class='ocrx_word' id='word_1_578' title='bbox 2005 4524 2048 4578; x_wconf 79' lang='lat' dir='ltr'>D</span> 
     </span>
    </p>
   </div>
   <div class='ocr_carea' id='block_1_80' title="bbox 398 4611 1973 4682">
    <p class='ocr_par' dir='ltr' id='par_1_80' title="bbox 398 4611 1973 4682">
     <span class='ocr_line' id='line_1_80' title="bbox 398 4611 1973 4682; baseline -0.004 -14"><span class='ocrx_word' id='word_1_579' title='bbox 398 4631 542 4676; x_wconf 87' lang='lat' dir='ltr'><strong>men,</strong></span> <span class='ocrx_word' id='word_1_580' title='bbox 574 4611 922 4668; x_wconf 69' lang='lat' dir='ltr'><strong>rarisSitnttm</strong></span> <span class='ocrx_word' id='word_1_581' title='bbox 957 4628 1080 4666; x_wconf 89' lang='lat' dir='ltr'><strong>esse</strong></span> <span class='ocrx_word' id='word_1_582' title='bbox 1104 4613 1315 4682; x_wconf 77' lang='lat' dir='ltr'><strong>invenio</strong></span> <span class='ocrx_word' id='word_1_583' title='bbox 1346 4611 1676 4682; x_wconf 80' lang='grc' dir='ltr'>(ὲφευρίσκω</span> <span class='ocrx_word' id='word_1_584' title='bbox 1697 4652 1709 4672; x_wconf 82' lang='grc'><strong>,</strong></span> <span class='ocrx_word' id='word_1_585' title='bbox 1746 4611 1973 4682; x_wconf 70' lang='lat' dir='ltr'><strong>reperio)</strong></span> 
     </span>
    </p>
   </div>
   <div class='ocr_carea' id='block_1_81' title="bbox 399 4680 1976 4753">
    <p class='ocr_par' dir='ltr' id='par_1_81' title="bbox 399 4680 1976 4753">
     <span class='ocr_line' id='line_1_81' title="bbox 399 4680 1976 4753; baseline 0.001 -19"><span class='ocrx_word' id='word_1_586' title='bbox 399 4701 496 4752; x_wconf 82' lang='lat' dir='ltr'><strong>pro</strong></span> <span class='ocrx_word' id='word_1_587' title='bbox 529 4683 741 4746; x_wconf 81' lang='lat' dir='ltr'><strong>invado,</strong></span> <span class='ocrx_word' id='word_1_588' title='bbox 771 4684 981 4745; x_wconf 72' lang='lat' dir='ltr'><strong>Graece,</strong></span> <span class='ocrx_word' id='word_1_589' title='bbox 1015 4690 1070 4737; x_wconf 90' lang='lat' dir='ltr'><strong>ct</strong></span> <span class='ocrx_word' id='word_1_590' title='bbox 1103 4680 1314 4748; x_wconf 86' lang='lat' dir='ltr'><strong>Latine,</strong></span> <span class='ocrx_word' id='word_1_591' title='bbox 1336 4680 1422 4738; x_wconf 84' lang='lat' dir='ltr'><strong>est</strong></span> <span class='ocrx_word' id='word_1_592' title='bbox 1455 4680 1759 4753; x_wconf 78' lang='grc' dir='ltr'>ἐπέρχομαι</span> <span class='ocrx_word' id='word_1_593' title='bbox 1786 4681 1976 4749; x_wconf 80' lang='lat' dir='ltr'><strong>(venio</strong></span> 
     </span>
    </p>
   </div>
   <div class='ocr_carea' id='block_1_82' title="bbox 399 4753 757 4819">
    <p class='ocr_par' dir='ltr' id='par_1_82' title="bbox 399 4753 757 4819">
     <span class='ocr_line' id='line_1_82' title="bbox 399 4753 757 4819; baseline 0 -12"><span class='ocrx_word' id='word_1_594' title='bbox 399 4759 451 4807; x_wconf 82' lang='lat' dir='ltr'><strong>in</strong></span> <span class='ocrx_word' id='word_1_595' title='bbox 473 4763 511 4819; x_wconf 88' lang='lat'><strong>),</strong></span> <span class='ocrx_word' id='word_1_596' title='bbox 545 4753 757 4808; x_wconf 76' lang='lat' dir='ltr'><strong>invado.</strong></span> 
     </span>
    </p>
   </div>
   <div class='ocr_carea' id='block_1_83' title="bbox 469 4822 1976 4892">
    <p class='ocr_par' dir='ltr' id='par_1_83' title="bbox 469 4822 1976 4892">
     <span class='ocr_line' id='line_1_83' title="bbox 469 4822 1976 4892; baseline -0.001 -15"><span class='ocrx_word' id='word_1_597' title='bbox 469 4823 582 4890; x_wconf 74' lang='lat'><strong>(95)</strong></span> <span class='ocrx_word' id='word_1_598' title='bbox 618 4824 724 4876; x_wconf 82' lang='lat' dir='ltr'><strong>Kal</strong></span> <span class='ocrx_word' id='word_1_599' title='bbox 760 4823 1044 4890; x_wconf 78' lang='grc' dir='ltr'>ἠγνόουν.</span> <span class='ocrx_word' id='word_1_600' title='bbox 1081 4823 1360 4878; x_wconf 85' lang='lat' dir='ltr'><strong>lbnrensis</strong></span> <span class='ocrx_word' id='word_1_601' title='bbox 1391 4822 1555 4892; x_wconf 86' lang='lat' dir='ltr'><strong>igitur</strong></span> <span class='ocrx_word' id='word_1_602' title='bbox 1577 4823 1810 4892; x_wconf 80' lang='lat' dir='ltr'><strong>antistes</strong></span> <span class='ocrx_word' id='word_1_603' title='bbox 1836 4837 1976 4892; x_wconf 87' lang='lat' dir='ltr'><strong>quo-</strong></span> 
     </span>
    </p>
   </div>
   <div class='ocr_carea' id='block_1_84' title="bbox 396 4891 1974 4963">
    <p class='ocr_par' dir='ltr' id='par_1_84' title="bbox 396 4891 1974 4963">
     <span class='ocr_line' id='line_1_84' title="bbox 396 4891 1974 4963; baseline -0.001 -17"><span class='ocrx_word' id='word_1_604' title='bbox 396 4911 502 4963; x_wconf 88' lang='lat' dir='ltr'><strong>que</strong></span> <span class='ocrx_word' id='word_1_605' title='bbox 537 4893 635 4946; x_wconf 84' lang='lat' dir='ltr'><strong>fuit</strong></span> <span class='ocrx_word' id='word_1_606' title='bbox 676 4894 764 4947; x_wconf 92' lang='lat' dir='ltr'><strong>hic</strong></span> <span class='ocrx_word' id='word_1_607' title='bbox 802 4893 1121 4959; x_wconf 82' lang='lat' dir='ltr'><strong>Gregorius.</strong></span> <span class='ocrx_word' id='word_1_608' title='bbox 1154 4894 1308 4959; x_wconf 85' lang='lat' dir='ltr'><strong>Quod</strong></span> <span class='ocrx_word' id='word_1_609' title='bbox 1335 4907 1484 4946; x_wconf 92' lang='lat' dir='ltr'><strong>nunc</strong></span> <span class='ocrx_word' id='word_1_610' title='bbox 1518 4893 1757 4962; x_wconf 90' lang='lat' dir='ltr'><strong>primum</strong></span> <span class='ocrx_word' id='word_1_611' title='bbox 1797 4891 1974 4963; x_wconf 80' lang='lat' dir='ltr'><strong>histo-</strong></span> 
     </span>
    </p>
   </div>
   <div class='ocr_carea' id='block_1_85' title="bbox 399 4961 1977 5031">
    <p class='ocr_par' dir='ltr' id='par_1_85' title="bbox 399 4961 1977 5031">
     <span class='ocr_line' id='line_1_85' title="bbox 399 4961 1977 5031; baseline 0 -17"><span class='ocrx_word' id='word_1_612' title='bbox 399 4961 530 5016; x_wconf 79' lang='lat' dir='ltr'><strong>ricis</strong></span> <span class='ocrx_word' id='word_1_613' title='bbox 573 4980 638 5017; x_wconf 81' lang='lat' dir='ltr'><strong>ex</strong></span> <span class='ocrx_word' id='word_1_614' title='bbox 687 4966 787 5017; x_wconf 90' lang='lat' dir='ltr'><strong>hac</strong></span> <span class='ocrx_word' id='word_1_615' title='bbox 825 4963 1066 5031; x_wconf 84' lang='lat' dir='ltr'><strong>Epistola</strong></span> <span class='ocrx_word' id='word_1_616' title='bbox 1102 4965 1439 5028; x_wconf 87' lang='lat' dir='ltr'><strong>iuuotescet;</strong></span> <span class='ocrx_word' id='word_1_617' title='bbox 1490 4961 1615 5016; x_wconf 89' lang='lat' dir='ltr'><strong>cum</strong></span> <span class='ocrx_word' id='word_1_618' title='bbox 1662 4969 1820 5015; x_wconf 88' lang='lat' dir='ltr'><strong>antea</strong></span> <span class='ocrx_word' id='word_1_619' title='bbox 1873 4961 1977 5014; x_wconf 88' lang='lat' dir='ltr'><strong>hoc</strong></span> 
     </span>
    </p>
   </div>
   <div class='ocr_carea' id='block_1_86' title="bbox 399 5031 1977 5102">
    <p class='ocr_par' dir='ltr' id='par_1_86' title="bbox 399 5031 1977 5102">
     <span class='ocr_line' id='line_1_86' title="bbox 399 5031 1977 5102; baseline 0 -16"><span class='ocrx_word' id='word_1_620' title='bbox 399 5033 529 5086; x_wconf 87' lang='lat' dir='ltr'><strong>nulli</strong></span> <span class='ocrx_word' id='word_1_621' title='bbox 575 5035 917 5102; x_wconf 81' lang='lat' dir='ltr'><strong>posteritatis</strong></span> <span class='ocrx_word' id='word_1_622' title='bbox 950 5036 1226 5088; x_wconf 73' lang='lat' dir='ltr'><strong>meruerim</strong></span> <span class='ocrx_word' id='word_1_623' title='bbox 1265 5033 1708 5087; x_wconf 88' lang='lat' dir='ltr'><strong>commendatqu</strong></span> <span class='ocrx_word' id='word_1_624' title='bbox 1741 5031 1810 5085; x_wconf 92' lang='lat' dir='ltr'><strong>ab</strong></span> <span class='ocrx_word' id='word_1_625' title='bbox 1841 5031 1977 5100; x_wconf 86' lang='lat' dir='ltr'><strong>ipsis</strong></span> 
     </span>
    </p>
   </div>
   <div class='ocr_carea' id='block_1_87' title="bbox 401 5101 1978 5166">
    <p class='ocr_par' dir='ltr' id='par_1_87' title="bbox 401 5101 1978 5166">
     <span class='ocr_line' id='line_1_87' title="bbox 401 5101 1978 5166; baseline -0.001 -11"><span class='ocrx_word' id='word_1_626' title='bbox 401 5101 586 5158; x_wconf 54' lang='lat' dir='ltr'><strong>fuerit,</strong></span> <span class='ocrx_word' id='word_1_627' title='bbox 635 5102 709 5156; x_wconf 76' lang='lat' dir='ltr'><strong>Ex</strong></span> <span class='ocrx_word' id='word_1_628' title='bbox 763 5117 921 5157; x_wconf 82' lang='lat' dir='ltr'><strong>sacra</strong></span> <span class='ocrx_word' id='word_1_629' title='bbox 955 5120 1082 5156; x_wconf 88' lang='lat' dir='ltr'><strong>vero</strong></span> <span class='ocrx_word' id='word_1_630' title='bbox 1129 5104 1360 5159; x_wconf 87' lang='lat' dir='ltr'><strong>historia</strong></span> <span class='ocrx_word' id='word_1_631' title='bbox 1390 5102 1502 5166; x_wconf 90' lang='lat' dir='ltr'><strong>jam</strong></span> <span class='ocrx_word' id='word_1_632' title='bbox 1555 5103 1690 5158; x_wconf 87' lang='lat' dir='ltr'><strong>satis</strong></span> <span class='ocrx_word' id='word_1_633' title='bbox 1724 5101 1978 5154; x_wconf 86' lang='lat' dir='ltr'><strong>nnscilur</strong></span> 
     </span>
    </p>
   </div>
   <div class='ocr_carea' id='block_1_88' title="bbox 399 5170 1965 5229">
    <p class='ocr_par' dir='ltr' id='par_1_88' title="bbox 399 5170 1965 5229">
     <span class='ocr_line' id='line_1_88' title="bbox 399 5170 1965 5229; baseline 0 -5"><span class='ocrx_word' id='word_1_634' title='bbox 399 5175 674 5229; x_wconf 78' lang='lat' dir='ltr'><strong>antistites</strong></span> <span class='ocrx_word' id='word_1_635' title='bbox 745 5174 926 5228; x_wconf 89' lang='lat' dir='ltr'><strong>creari</strong></span> <span class='ocrx_word' id='word_1_636' title='bbox 993 5191 1099 5228; x_wconf 87' lang='lat' dir='ltr'><strong>non</strong></span> <span class='ocrx_word' id='word_1_637' title='bbox 1159 5190 1284 5228; x_wconf 87' lang='lat' dir='ltr'><strong>raro</strong></span> <span class='ocrx_word' id='word_1_638' title='bbox 1351 5173 1586 5226; x_wconf 86' lang='lat' dir='ltr'><strong>aliorum</strong></span> <span class='ocrx_word' id='word_1_639' title='bbox 1655 5170 1965 5226; x_wconf 87' lang='lat' dir='ltr'><strong>antistitum</strong></span> 
     </span>
    </p>
   </div>
   <div class='ocr_carea' id='block_1_89' title="bbox 402 5245 1362 5313">
    <p class='ocr_par' dir='ltr' id='par_1_89' title="bbox 402 5245 1362 5313">
     <span class='ocr_line' id='line_1_89' title="bbox 402 5245 1362 5313; baseline 0.001 -17"><span class='ocrx_word' id='word_1_640' title='bbox 402 5245 703 5313; x_wconf 66' lang='lat' dir='ltr'><strong>snlfragiis.</strong></span> <span class='ocrx_word' id='word_1_641' title='bbox 1357 5247 1362 5254; x_wconf 79' lang='grc'><em>’</em></span> 
     </span>
    </p>
   </div>
   <div class='ocr_carea' id='block_1_90' title="bbox 475 5310 1977 5385">
    <p class='ocr_par' dir='ltr' id='par_1_90' title="bbox 475 5310 1977 5385">
     <span class='ocr_line' id='line_1_90' title="bbox 475 5310 1977 5385; baseline -0.001 -19"><span class='ocrx_word' id='word_1_642' title='bbox 475 5310 599 5383; x_wconf 65' lang='lat' dir='ltr'><strong>(1H)</strong></span> <span class='ocrx_word' id='word_1_643' title='bbox 633 5317 852 5384; x_wconf 76' lang='grc' dir='ltr'>Κύμης.</span> <span class='ocrx_word' id='word_1_644' title='bbox 903 5315 1130 5385; x_wconf 78' lang='grc' dir='ltr'>Κὸμης,</span> <span class='ocrx_word' id='word_1_645' title='bbox 1177 5313 1318 5385; x_wconf 85' lang='lat' dir='ltr'><strong>apud</strong></span> <span class='ocrx_word' id='word_1_646' title='bbox 1366 5312 1692 5385; x_wconf 67' lang='lat' dir='ltr'><strong>llesyehium</strong></span> <span class='ocrx_word' id='word_1_647' title='bbox 1718 5352 1736 5385; x_wconf 13' lang='grc' dir='ltr'>,ί</span> <span class='ocrx_word' id='word_1_648' title='bbox 1765 5320 1819 5385; x_wconf 82' lang='lat' dir='ltr'><strong>et</strong></span> <span class='ocrx_word' id='word_1_649' title='bbox 1849 5310 1977 5385; x_wconf 80' lang='lat' dir='ltr'><strong>Sui-</strong></span> 
     </span>
    </p>
   </div>
   <div class='ocr_carea' id='block_1_91' title="bbox 403 5382 1967 5454">
    <p class='ocr_par' dir='ltr' id='par_1_91' title="bbox 403 5382 1967 5454">
     <span class='ocr_line' id='line_1_91' title="bbox 403 5382 1967 5454; baseline 0.004 -23"><span class='ocrx_word' id='word_1_650' title='bbox 403 5382 575 5440; x_wconf 32' lang='lat' dir='ltr'><strong>ilam.’</strong></span> <span class='ocrx_word' id='word_1_651' title='bbox 604 5393 688 5438; x_wconf 87' lang='lat' dir='ltr'><strong>est</strong></span> <span class='ocrx_word' id='word_1_652' title='bbox 712 5382 1000 5454; x_wconf 71' lang='lat' dir='ltr'><strong>princeps,</strong></span> <span class='ocrx_word' id='word_1_653' title='bbox 1019 5382 1150 5448; x_wconf 81' lang='lat' dir='ltr'><strong>dux,</strong></span> <span class='ocrx_word' id='word_1_654' title='bbox 1181 5382 1492 5452; x_wconf 67' lang='lat' dir='ltr'><strong>prwfectus;</strong></span> <span class='ocrx_word' id='word_1_655' title='bbox 1521 5382 1768 5438; x_wconf 86' lang='lat' dir='ltr'><strong>Meminit</strong></span> <span class='ocrx_word' id='word_1_656' title='bbox 1796 5383 1967 5454; x_wconf 87' lang='lat' dir='ltr'><strong>hujus</strong></span> 
     </span>
    </p>
   </div>
   <div class='ocr_carea' id='block_1_92' title="bbox 404 5453 1969 5514">
    <p class='ocr_par' dir='ltr' id='par_1_92' title="bbox 404 5453 1969 5514">
     <span class='ocr_line' id='line_1_92' title="bbox 404 5453 1969 5514; baseline 0.001 -11"><span class='ocrx_word' id='word_1_657' title='bbox 404 5454 651 5505; x_wconf 68' lang='lat' dir='ltr'><strong>vocabuli</strong></span> <span class='ocrx_word' id='word_1_658' title='bbox 703 5453 1046 5514; x_wconf 80' lang='lat' dir='ltr'><strong>Eustathius.</strong></span> <span class='ocrx_word' id='word_1_659' title='bbox 1098 5455 1349 5510; x_wconf 88' lang='lat' dir='ltr'><strong>scribens</strong></span> <span class='ocrx_word' id='word_1_660' title='bbox 1387 5454 1488 5506; x_wconf 84' lang='lat' dir='ltr'><strong>hoc</strong></span> <span class='ocrx_word' id='word_1_661' title='bbox 1539 5454 1759 5506; x_wconf 88' lang='lat' dir='ltr'><strong>nomine</strong></span> <span class='ocrx_word' id='word_1_662' title='bbox 1798 5453 1908 5505; x_wconf 87' lang='lat' dir='ltr'><strong>dici</strong></span> <span class='ocrx_word' id='word_1_663' title='bbox 1939 5466 1969 5504; x_wconf 88' lang='lat' dir='ltr'><strong>a</strong></span> 
     </span>
    </p>
   </div>
   <div class='ocr_carea' id='block_1_93' title="bbox 406 5522 1976 5594">
    <p class='ocr_par' dir='ltr' id='par_1_93' title="bbox 406 5522 1976 5594">
     <span class='ocr_line' id='line_1_93' title="bbox 406 5522 1976 5594; baseline 0.006 -22"><span class='ocrx_word' id='word_1_664' title='bbox 406 5525 810 5594; x_wconf 74' lang='lat' dir='ltr'><strong>recentioribus</strong></span> <span class='ocrx_word' id='word_1_665' title='bbox 864 5526 1187 5580; x_wconf 84' lang='lat' dir='ltr'><strong>auctoribus</strong></span> <span class='ocrx_word' id='word_1_666' title='bbox 1247 5539 1407 5594; x_wconf 91' lang='lat' dir='ltr'><strong>quem</strong></span> <span class='ocrx_word' id='word_1_667' title='bbox 1463 5523 1673 5591; x_wconf 90' lang='lat' dir='ltr'><strong>antiqui</strong></span> <span class='ocrx_word' id='word_1_668' title='bbox 1706 5522 1976 5594; x_wconf 59' lang='grc' dir='ltr'>ναύαρχον</span> 
     </span>
    </p>
   </div>
   <div class='ocr_carea' id='block_1_94' title="bbox 406 5591 1975 5662">
    <p class='ocr_par' dir='ltr' id='par_1_94' title="bbox 406 5591 1975 5662">
     <span class='ocr_line' id='line_1_94' title="bbox 406 5591 1975 5662; baseline 0.002 -21"><span class='ocrx_word' id='word_1_669' title='bbox 406 5592 437 5643; x_wconf 83' lang='grc' dir='ltr'><strong>(Ι</strong></span> <span class='ocrx_word' id='word_1_670' title='bbox 466 5592 684 5645; x_wconf 79' lang='lat' dir='ltr'><strong>cehant.</strong></span> <span class='ocrx_word' id='word_1_671' title='bbox 722 5593 968 5648; x_wconf 83' lang='lat' dir='ltr'><strong>Meminit</strong></span> <span class='ocrx_word' id='word_1_672' title='bbox 991 5605 1046 5649; x_wconf 89' lang='lat' dir='ltr'><strong>et</strong></span> <span class='ocrx_word' id='word_1_673' title='bbox 1071 5595 1220 5650; x_wconf 89' lang='lat' dir='ltr'><strong>illius</strong></span> <span class='ocrx_word' id='word_1_674' title='bbox 1256 5591 1673 5662; x_wconf 78' lang='lat' dir='ltr'><strong>Etymologicun.</strong></span> <span class='ocrx_word' id='word_1_675' title='bbox 1696 5591 1765 5644; x_wconf 80' lang='lat' dir='ltr'><strong>At</strong></span> <span class='ocrx_word' id='word_1_676' title='bbox 1800 5591 1975 5646; x_wconf 79' lang='lat' dir='ltr'><strong>liben-</strong></span> 
     </span>
    </p>
   </div>
   <div class='ocr_carea' id='block_1_95' title="bbox 410 5662 1973 5732">
    <p class='ocr_par' dir='ltr' id='par_1_95' title="bbox 410 5662 1973 5732">
     <span class='ocr_line' id='line_1_95' title="bbox 410 5662 1973 5732; baseline 0.008 -22"><span class='ocrx_word' id='word_1_677' title='bbox 410 5662 622 5716; x_wconf 82' lang='lat' dir='ltr'><strong>tissime</strong></span> <span class='ocrx_word' id='word_1_678' title='bbox 675 5665 742 5716; x_wconf 90' lang='lat' dir='ltr'><strong>ad</strong></span> <span class='ocrx_word' id='word_1_679' title='bbox 805 5667 1132 5719; x_wconf 89' lang='lat' dir='ltr'><strong>sententiam</strong></span> <span class='ocrx_word' id='word_1_680' title='bbox 1177 5664 1242 5718; x_wconf 92' lang='lat' dir='ltr'><strong>ll.</strong></span> <span class='ocrx_word' id='word_1_681' title='bbox 1289 5663 1549 5732; x_wconf 89' lang='lat' dir='ltr'><strong>Stephani</strong></span> <span class='ocrx_word' id='word_1_682' title='bbox 1605 5662 1854 5732; x_wconf 78' lang='lat' dir='ltr'><strong>pedibus</strong></span> <span class='ocrx_word' id='word_1_683' title='bbox 1886 5676 1973 5732; x_wconf 69' lang='lat' dir='ltr'><strong>eo.</strong></span> 
     </span>
    </p>
   </div>
   <div class='ocr_carea' id='block_1_96' title="bbox 410 5729 1969 5791">
    <p class='ocr_par' dir='ltr' id='par_1_96' title="bbox 410 5729 1969 5791">
     <span class='ocr_line' id='line_1_96' title="bbox 410 5729 1969 5791; baseline 0.003 -11"><span class='ocrx_word' id='word_1_684' title='bbox 410 5732 628 5784; x_wconf 64' lang='lat' dir='ltr'><strong>lit-terres</strong></span> <span class='ocrx_word' id='word_1_685' title='bbox 660 5734 993 5788; x_wconf 78' lang='lat' dir='ltr'><strong>recentiores</strong></span> <span class='ocrx_word' id='word_1_686' title='bbox 1027 5743 1302 5791; x_wconf 87' lang='lat' dir='ltr'><strong>mutuatos</strong></span> <span class='ocrx_word' id='word_1_687' title='bbox 1331 5729 1450 5787; x_wconf 76' lang='lat' dir='ltr'><strong>esse</strong></span> <span class='ocrx_word' id='word_1_688' title='bbox 1483 5729 1619 5786; x_wconf 83' lang='lat' dir='ltr'><strong>illud</strong></span> <span class='ocrx_word' id='word_1_689' title='bbox 1653 5748 1715 5786; x_wconf 80' lang='lat' dir='ltr'><strong>ex</strong></span> <span class='ocrx_word' id='word_1_690' title='bbox 1741 5729 1969 5784; x_wconf 85' lang='lat' dir='ltr'><strong>Latinis.</strong></span> 
     </span>
    </p>
   </div>
   <div class='ocr_carea' id='block_1_97' title="bbox 413 5800 1975 5875">
    <p class='ocr_par' dir='ltr' id='par_1_97' title="bbox 413 5800 1975 5875">
     <span class='ocr_line' id='line_1_97' title="bbox 413 5800 1975 5875; baseline 0.004 -20"><span class='ocrx_word' id='word_1_691' title='bbox 413 5800 524 5857; x_wconf 77' lang='lat' dir='ltr'><strong>Nos</strong></span> <span class='ocrx_word' id='word_1_692' title='bbox 552 5801 742 5858; x_wconf 83' lang='lat' dir='ltr'><strong>duceni</strong></span> <span class='ocrx_word' id='word_1_693' title='bbox 779 5804 1121 5874; x_wconf 80' lang='lat' dir='ltr'><strong>interpretati</strong></span> <span class='ocrx_word' id='word_1_694' title='bbox 1158 5823 1348 5862; x_wconf 84' lang='lat' dir='ltr'><strong>sumus</strong></span> <span class='ocrx_word' id='word_1_695' title='bbox 1368 5806 1525 5875; x_wconf 67' lang='lat' dir='ltr'><strong>juxta</strong></span> <span class='ocrx_word' id='word_1_696' title='bbox 1553 5803 1673 5874; x_wconf 82' lang='lat' dir='ltr'><strong>(&#39;jus</strong></span> <span class='ocrx_word' id='word_1_697' title='bbox 1695 5803 1975 5872; x_wconf 72' lang='lat' dir='ltr'><strong>propriam</strong></span> 
     </span>
    </p>
   </div>
   <div class='ocr_carea' id='block_1_98' title="bbox 2067 3199 3648 3277">
    <p class='ocr_par' dir='ltr' id='par_1_98' title="bbox 2067 3199 3648 3277">
     <span class='ocr_line' id='line_1_98' title="bbox 2067 3199 3648 3277; baseline -0.002 -18"><span class='ocrx_word' id='word_1_698' title='bbox 2067 3207 2190 3277; x_wconf 85' lang='lat' dir='ltr'><strong>plus</strong></span> <span class='ocrx_word' id='word_1_699' title='bbox 2222 3205 2399 3260; x_wconf 88' lang='lat' dir='ltr'><strong>dicam</strong></span> <span class='ocrx_word' id='word_1_700' title='bbox 2424 3246 2436 3269; x_wconf 90' lang='lat'><strong>,</strong></span> <span class='ocrx_word' id='word_1_701' title='bbox 2464 3204 2739 3277; x_wconf 83' lang='lat' dir='ltr'><strong>Sisyphus</strong></span> <span class='ocrx_word' id='word_1_702' title='bbox 2756 3205 2848 3271; x_wconf 89' lang='lat' dir='ltr'><strong>sit,</strong></span> <span class='ocrx_word' id='word_1_703' title='bbox 2872 3213 2967 3260; x_wconf 91' lang='lat' dir='ltr'><strong>aut</strong></span> <span class='ocrx_word' id='word_1_704' title='bbox 2997 3204 3268 3276; x_wconf 89' lang='lat' dir='ltr'><strong>Cercyon,</strong></span> <span class='ocrx_word' id='word_1_705' title='bbox 3298 3199 3608 3272; x_wconf 89' lang='lat' dir='ltr'><strong>Scironque</strong></span> <span class='ocrx_word' id='word_1_706' title='bbox 3634 3241 3648 3266; x_wconf 93' lang='lat'><strong>,</strong></span> 
     </span>
    </p>
   </div>
   <div class='ocr_carea' id='block_1_99' title="bbox 2063 3295 3647 3367">
    <p class='ocr_par' dir='ltr' id='par_1_99' title="bbox 2063 3295 3647 3367">
     <span class='ocr_line' id='line_1_99' title="bbox 2063 3295 3647 3367; baseline -0.001 -15"><span class='ocrx_word' id='word_1_707' title='bbox 2063 3310 2157 3352; x_wconf 89' lang='lat' dir='ltr'><strong>aut</strong></span> <span class='ocrx_word' id='word_1_708' title='bbox 2181 3298 2226 3353; x_wconf 90' lang='lat' dir='ltr'><strong>si</strong></span> <span class='ocrx_word' id='word_1_709' title='bbox 2256 3312 2396 3367; x_wconf 84' lang='lat' dir='ltr'><strong>quos</strong></span> <span class='ocrx_word' id='word_1_710' title='bbox 2429 3299 2568 3352; x_wconf 89' lang='lat' dir='ltr'><strong>alios</strong></span> <span class='ocrx_word' id='word_1_711' title='bbox 2595 3299 2733 3354; x_wconf 91' lang='lat' dir='ltr'><strong>tales</strong></span> <span class='ocrx_word' id='word_1_712' title='bbox 2767 3299 2822 3352; x_wconf 92' lang='lat' dir='ltr'><strong>in</strong></span> <span class='ocrx_word' id='word_1_713' title='bbox 2851 3297 3101 3353; x_wconf 89' lang='lat' dir='ltr'><strong>historiis</strong></span> <span class='ocrx_word' id='word_1_714' title='bbox 3123 3297 3404 3352; x_wconf 88' lang='lat' dir='ltr'><strong>audimus.</strong></span> <span class='ocrx_word' id='word_1_715' title='bbox 3428 3295 3647 3350; x_wconf 50' lang='lat' dir='ltr'><strong>Menda&#39;</strong></span> 
     </span>
    </p>
   </div>
   <div class='ocr_carea' id='block_1_100' title="bbox 2063 3386 3650 3459">
    <p class='ocr_par' dir='ltr' id='par_1_100' title="bbox 2063 3386 3650 3459">
     <span class='ocr_line' id='line_1_100' title="bbox 2063 3386 3650 3459; baseline -0.002 -15"><span class='ocrx_word' id='word_1_716' title='bbox 2063 3391 2208 3444; x_wconf 91' lang='lat' dir='ltr'><strong>cium</strong></span> <span class='ocrx_word' id='word_1_717' title='bbox 2232 3397 2411 3443; x_wconf 89' lang='lat' dir='ltr'><strong>autem</strong></span> <span class='ocrx_word' id='word_1_718' title='bbox 2427 3389 2574 3442; x_wconf 88' lang='lat' dir='ltr'><strong>omni</strong></span> <span class='ocrx_word' id='word_1_719' title='bbox 2600 3391 2774 3459; x_wconf 90' lang='lat' dir='ltr'><strong>magis</strong></span> <span class='ocrx_word' id='word_1_720' title='bbox 2797 3389 3088 3444; x_wconf 89' lang='lat' dir='ltr'><strong>veritatein</strong></span> <span class='ocrx_word' id='word_1_721' title='bbox 3111 3397 3366 3459; x_wconf 88' lang='lat' dir='ltr'><strong>promptu</strong></span> <span class='ocrx_word' id='word_1_722' title='bbox 3387 3386 3650 3457; x_wconf 81' lang='lat' dir='ltr'><strong>estipsis;</strong></span> 
     </span>
    </p>
   </div>
   <div class='ocr_carea' id='block_1_101' title="bbox 2064 3478 3649 3548">
    <p class='ocr_par' dir='ltr' id='par_1_101' title="bbox 2064 3478 3649 3548">
     <span class='ocr_line' id='line_1_101' title="bbox 2064 3478 3649 3548; baseline -0.003 -14"><span class='ocrx_word' id='word_1_723' title='bbox 2064 3487 2120 3534; x_wconf 90' lang='lat' dir='ltr'><strong>et</strong></span> <span class='ocrx_word' id='word_1_724' title='bbox 2137 3479 2230 3531; x_wconf 85' lang='lat' dir='ltr'><strong>tali</strong></span> <span class='ocrx_word' id='word_1_725' title='bbox 2254 3478 2588 3548; x_wconf 86' lang='lat' dir='ltr'><strong>impudentia</strong></span> <span class='ocrx_word' id='word_1_726' title='bbox 2611 3478 2664 3532; x_wconf 93' lang='lat' dir='ltr'><strong>in</strong></span> <span class='ocrx_word' id='word_1_727' title='bbox 2698 3479 3007 3534; x_wconf 88' lang='lat' dir='ltr'><strong>mentiendo</strong></span> <span class='ocrx_word' id='word_1_728' title='bbox 3025 3478 3330 3540; x_wconf 73' lang='lat' dir='ltr'><strong>confidunt,</strong></span> <span class='ocrx_word' id='word_1_729' title='bbox 3360 3486 3418 3532; x_wconf 92' lang='lat' dir='ltr'><strong>ut</strong></span> <span class='ocrx_word' id='word_1_730' title='bbox 3435 3485 3649 3531; x_wconf 87' lang='lat' dir='ltr'><strong>tantum</strong></span> 
     </span>
    </p>
   </div>
   <div class='ocr_carea' id='block_1_102' title="bbox 2074 3570 3650 3642">
    <p class='ocr_par' dir='ltr' id='par_1_102' title="bbox 2074 3570 3650 3642">
     <span class='ocr_line' id='line_1_102' title="bbox 2074 3570 3650 3642; baseline -0.002 -17"><span class='ocrx_word' id='word_1_731' title='bbox 2074 3573 2130 3625; x_wconf 91' lang='lat' dir='ltr'><strong>in</strong></span> <span class='ocrx_word' id='word_1_732' title='bbox 2162 3571 2388 3625; x_wconf 83' lang='lat' dir='ltr'><strong>veritate</strong></span> <span class='ocrx_word' id='word_1_733' title='bbox 2420 3571 2529 3624; x_wconf 80' lang='lat' dir='ltr'><strong>neu</strong></span> <span class='ocrx_word' id='word_1_734' title='bbox 2565 3570 2735 3624; x_wconf 84' lang='lat' dir='ltr'><strong>lidant</strong></span> <span class='ocrx_word' id='word_1_735' title='bbox 2765 3572 3036 3641; x_wconf 80' lang='lat' dir='ltr'><strong>loquenda</strong></span> <span class='ocrx_word' id='word_1_736' title='bbox 3056 3572 3148 3642; x_wconf 90' lang='lat' dir='ltr'><strong>qui</strong></span> <span class='ocrx_word' id='word_1_737' title='bbox 3184 3571 3238 3625; x_wconf 91' lang='lat' dir='ltr'><strong>in</strong></span> <span class='ocrx_word' id='word_1_738' title='bbox 3269 3587 3334 3626; x_wconf 91' lang='lat' dir='ltr'><strong>ea</strong></span> <span class='ocrx_word' id='word_1_739' title='bbox 3357 3571 3650 3626; x_wconf 85' lang='lat' dir='ltr'><strong>vehemen-</strong></span> 
     </span>
    </p>
   </div>
   <div class='ocr_carea' id='block_1_103' title="bbox 2075 3660 3649 3733">
    <p class='ocr_par' dir='ltr' id='par_1_103' title="bbox 2075 3660 3649 3733">
     <span class='ocr_line' id='line_1_103' title="bbox 2075 3660 3649 3733; baseline 0.001 -19"><span class='ocrx_word' id='word_1_740' title='bbox 2075 3670 2538 3730; x_wconf 70' lang='lat' dir='ltr'><strong>teroecupantur‘.</strong></span> <span class='ocrx_word' id='word_1_741' title='bbox 2569 3660 2636 3715; x_wconf 89' lang='lat' dir='ltr'><strong>Et</strong></span> <span class='ocrx_word' id='word_1_742' title='bbox 2674 3664 2816 3732; x_wconf 87' lang='lat' dir='ltr'><strong>apud</strong></span> <span class='ocrx_word' id='word_1_743' title='bbox 2849 3664 3000 3733; x_wconf 87' lang='lat' dir='ltr'><strong>ipsos</strong></span> <span class='ocrx_word' id='word_1_744' title='bbox 3044 3664 3096 3717; x_wconf 92' lang='lat' dir='ltr'><strong>in</strong></span> <span class='ocrx_word' id='word_1_745' title='bbox 3145 3662 3399 3718; x_wconf 70' lang='lat' dir='ltr'><strong>maximis</strong></span> <span class='ocrx_word' id='word_1_746' title='bbox 3446 3661 3649 3731; x_wconf 85' lang='lat' dir='ltr'><strong>impro-</strong></span> 
     </span>
    </p>
   </div>
   <div class='ocr_carea' id='block_1_104' title="bbox 2079 3751 3650 3824">
    <p class='ocr_par' dir='ltr' id='par_1_104' title="bbox 2079 3751 3650 3824">
     <span class='ocr_line' id='line_1_104' title="bbox 2079 3751 3650 3824; baseline 0.001 -17"><span class='ocrx_word' id='word_1_747' title='bbox 2079 3751 2340 3807; x_wconf 85' lang='lat' dir='ltr'><strong>bitatibus</strong></span> <span class='ocrx_word' id='word_1_748' title='bbox 2372 3752 2653 3822; x_wconf 84' lang='lat' dir='ltr'><strong>redargui,</strong></span> <span class='ocrx_word' id='word_1_749' title='bbox 2697 3755 2918 3810; x_wconf 90' lang='lat' dir='ltr'><strong>occasio</strong></span> <span class='ocrx_word' id='word_1_750' title='bbox 2968 3755 3112 3824; x_wconf 87' lang='lat' dir='ltr'><strong>apud</strong></span> <span class='ocrx_word' id='word_1_751' title='bbox 3147 3754 3351 3809; x_wconf 89' lang='lat' dir='ltr'><strong>multos</strong></span> <span class='ocrx_word' id='word_1_752' title='bbox 3393 3753 3451 3807; x_wconf 82' lang='lat' dir='ltr'><strong>ﬁt</strong></span> <span class='ocrx_word' id='word_1_753' title='bbox 3499 3752 3650 3808; x_wconf 59' lang='lat' dir='ltr'><strong>bona</strong></span> 
     </span>
    </p>
   </div>
   <div class='ocr_carea' id='block_1_105' title="bbox 2075 3980 3655 4053">
    <p class='ocr_par' dir='ltr' id='par_1_105' title="bbox 2075 3980 3655 4053">
     <span class='ocr_line' id='line_1_105' title="bbox 2075 3980 3655 4053; baseline -0.001 -16"><span class='ocrx_word' id='word_1_754' title='bbox 2075 3981 2530 4053; x_wconf 84' lang='lat' dir='ltr'><strong>significationem</strong></span> <span class='ocrx_word' id='word_1_755' title='bbox 2555 4022 2569 4046; x_wconf 95' lang='lat'><strong>,</strong></span> <span class='ocrx_word' id='word_1_756' title='bbox 2618 3991 2670 4036; x_wconf 92' lang='lat' dir='ltr'><strong>et</strong></span> <span class='ocrx_word' id='word_1_757' title='bbox 2699 3981 2953 4053; x_wconf 84' lang='lat' dir='ltr'><strong>llesychii</strong></span> <span class='ocrx_word' id='word_1_758' title='bbox 2977 4020 2992 4045; x_wconf 93' lang='lat'><strong>,</strong></span> <span class='ocrx_word' id='word_1_759' title='bbox 3025 3981 3320 4052; x_wconf 73' lang='lat' dir='ltr'><strong>Sttidacque</strong></span> <span class='ocrx_word' id='word_1_760' title='bbox 3346 3980 3655 4050; x_wconf 78' lang='lat' dir='ltr'><strong>expositio—</strong></span> 
     </span>
    </p>
   </div>
   <div class='ocr_carea' id='block_1_106' title="bbox 2077 4051 3022 4117">
    <p class='ocr_par' dir='ltr' id='par_1_106' title="bbox 2077 4051 3022 4117">
     <span class='ocr_line' id='line_1_106' title="bbox 2077 4051 3022 4117; baseline -0.003 -10"><span class='ocrx_word' id='word_1_761' title='bbox 2077 4051 2223 4110; x_wconf 78' lang='lat' dir='ltr'><strong>nem.</strong></span> <span class='ocrx_word' id='word_1_762' title='bbox 2258 4063 2312 4105; x_wconf 89' lang='lat' dir='ltr'><strong>et</strong></span> <span class='ocrx_word' id='word_1_763' title='bbox 2335 4051 2492 4117; x_wconf 80' lang='lat' dir='ltr'><strong>juxta</strong></span> <span class='ocrx_word' id='word_1_764' title='bbox 2532 4053 2634 4105; x_wconf 88' lang='lat' dir='ltr'><strong>loci</strong></span> <span class='ocrx_word' id='word_1_765' title='bbox 2669 4051 3022 4107; x_wconf 86' lang='lat' dir='ltr'><strong>sententiam.</strong></span> 
     </span>
    </p>
   </div>
   <div class='ocr_carea' id='block_1_107' title="bbox 2148 4120 3650 4190">
    <p class='ocr_par' dir='ltr' id='par_1_107' title="bbox 2148 4120 3650 4190">
     <span class='ocr_line' id='line_1_107' title="bbox 2148 4120 3650 4190; baseline -0.002 -14"><span class='ocrx_word' id='word_1_766' title='bbox 2148 4123 2263 4190; x_wconf 77' lang='lat'><strong>(95)</strong></span> <span class='ocrx_word' id='word_1_767' title='bbox 2301 4123 2456 4188; x_wconf 85' lang='grc' dir='ltr'><strong>’Ἑως</strong></span> <span class='ocrx_word' id='word_1_768' title='bbox 2486 4121 2789 4189; x_wconf 47' lang='grc' dir='ltr'>θερῆκεν</span> <span class='ocrx_word' id='word_1_769' title='bbox 2814 4120 2990 4190; x_wconf 68' lang='grc' dir='ltr'>ἡμᾶς.</span> <span class='ocrx_word' id='word_1_770' title='bbox 3030 4122 3192 4175; x_wconf 86' lang='lat' dir='ltr'><strong>Deest</strong></span> <span class='ocrx_word' id='word_1_771' title='bbox 3224 4135 3389 4176; x_wconf 88' lang='lat' dir='ltr'><strong>casus</strong></span> <span class='ocrx_word' id='word_1_772' title='bbox 3425 4127 3650 4174; x_wconf 84' lang='lat' dir='ltr'><strong>rectus:</strong></span> 
     </span>
    </p>
   </div>
   <div class='ocr_carea' id='block_1_108' title="bbox 2076 4191 3654 4260">
    <p class='ocr_par' dir='ltr' id='par_1_108' title="bbox 2076 4191 3654 4260">
     <span class='ocr_line' id='line_1_108' title="bbox 2076 4191 3654 4260; baseline -0.003 -14"><span class='ocrx_word' id='word_1_773' title='bbox 2076 4199 2132 4246; x_wconf 88' lang='lat' dir='ltr'><strong>et</strong></span> <span class='ocrx_word' id='word_1_774' title='bbox 2158 4193 2540 4260; x_wconf 87' lang='lat' dir='ltr'><strong>supplemento</strong></span> <span class='ocrx_word' id='word_1_775' title='bbox 2574 4196 2887 4247; x_wconf 87' lang='lat' dir='ltr'><strong>necessarie</strong></span> <span class='ocrx_word' id='word_1_776' title='bbox 2921 4191 3226 4260; x_wconf 74' lang='lat' dir='ltr'><strong>explendus</strong></span> <span class='ocrx_word' id='word_1_777' title='bbox 3261 4198 3383 4245; x_wconf 88' lang='lat' dir='ltr'><strong>erat</strong></span> <span class='ocrx_word' id='word_1_778' title='bbox 3417 4191 3472 4243; x_wconf 92' lang='lat' dir='ltr'><strong>in</strong></span> <span class='ocrx_word' id='word_1_779' title='bbox 3513 4205 3654 4260; x_wconf 9' lang='lat' dir='ltr'><strong>rver-</strong></span> 
     </span>
    </p>
   </div>
   <div class='ocr_carea' id='block_1_109' title="bbox 2076 4259 3652 4329">
    <p class='ocr_par' dir='ltr' id='par_1_109' title="bbox 2076 4259 3652 4329">
     <span class='ocr_line' id='line_1_109' title="bbox 2076 4259 3652 4329; baseline -0.001 -15"><span class='ocrx_word' id='word_1_780' title='bbox 2076 4259 2277 4327; x_wconf 13' lang='lat' dir='ltr'><strong>sione},</strong></span> <span class='ocrx_word' id='word_1_781' title='bbox 2305 4269 2397 4315; x_wconf 93' lang='lat' dir='ltr'><strong>aut</strong></span> <span class='ocrx_word' id='word_1_782' title='bbox 2418 4262 2589 4316; x_wconf 80' lang='lat' dir='ltr'><strong>codex</strong></span> <span class='ocrx_word' id='word_1_783' title='bbox 2614 4261 2949 4329; x_wconf 90' lang='lat' dir='ltr'><strong>judicandus</strong></span> <span class='ocrx_word' id='word_1_784' title='bbox 2974 4259 3062 4316; x_wconf 90' lang='lat' dir='ltr'><strong>hic</strong></span> <span class='ocrx_word' id='word_1_785' title='bbox 3095 4261 3344 4324; x_wconf 91' lang='lat' dir='ltr'><strong>mutilus,</strong></span> <span class='ocrx_word' id='word_1_786' title='bbox 3380 4269 3436 4314; x_wconf 88' lang='lat' dir='ltr'><strong>ct</strong></span> <span class='ocrx_word' id='word_1_787' title='bbox 3470 4259 3652 4329; x_wconf 78' lang='lat' dir='ltr'><strong>hians.</strong></span> 
     </span>
    </p>
   </div>
   <div class='ocr_carea' id='block_1_110' title="bbox 2075 4327 3655 4400">
    <p class='ocr_par' dir='ltr' id='par_1_110' title="bbox 2075 4327 3655 4400">
     <span class='ocr_line' id='line_1_110' title="bbox 2075 4327 3655 4400; baseline 0 -16"><span class='ocrx_word' id='word_1_788' title='bbox 2075 4332 2145 4384; x_wconf 91' lang='lat' dir='ltr'><strong>At</strong></span> <span class='ocrx_word' id='word_1_789' title='bbox 2183 4347 2312 4386; x_wconf 87' lang='lat' dir='ltr'><strong>vero</strong></span> <span class='ocrx_word' id='word_1_790' title='bbox 2346 4331 2433 4384; x_wconf 85' lang='lat' dir='ltr'><strong>vix</strong></span> <span class='ocrx_word' id='word_1_791' title='bbox 2468 4327 2689 4400; x_wconf 80' lang='lat' dir='ltr'><strong>possum</strong></span> <span class='ocrx_word' id='word_1_792' title='bbox 2720 4331 2952 4393; x_wconf 91' lang='lat' dir='ltr'><strong>adduci,</strong></span> <span class='ocrx_word' id='word_1_793' title='bbox 2995 4338 3053 4385; x_wconf 92' lang='lat' dir='ltr'><strong>ut</strong></span> <span class='ocrx_word' id='word_1_794' title='bbox 3090 4331 3163 4394; x_wconf 79' lang='lat' dir='ltr'><strong>ita</strong></span> <span class='ocrx_word' id='word_1_795' title='bbox 3197 4330 3488 4398; x_wconf 85' lang='lat' dir='ltr'><strong>scripsisse</strong></span> <span class='ocrx_word' id='word_1_796' title='bbox 3516 4327 3655 4400; x_wconf 87' lang='lat' dir='ltr'><strong>Nys-</strong></span> 
     </span>
    </p>
   </div>
   <div class='ocr_carea' id='block_1_111' title="bbox 2077 4400 3653 4466">
    <p class='ocr_par' dir='ltr' id='par_1_111' title="bbox 2077 4400 3653 4466">
     <span class='ocr_line' id='line_1_111' title="bbox 2077 4400 3653 4466; baseline -0.001 -11"><span class='ocrx_word' id='word_1_797' title='bbox 2077 4417 2268 4455; x_wconf 90' lang='lat' dir='ltr'><strong>senum</strong></span> <span class='ocrx_word' id='word_1_798' title='bbox 2293 4401 2538 4456; x_wconf 82' lang='lat' dir='ltr'><strong>credam.</strong></span> <span class='ocrx_word' id='word_1_799' title='bbox 2565 4401 2698 4466; x_wconf 62' lang='lat' dir='ltr'><strong>Quae</strong></span> <span class='ocrx_word' id='word_1_800' title='bbox 2719 4403 2866 4456; x_wconf 91' lang='lat' dir='ltr'><strong>enim</strong></span> <span class='ocrx_word' id='word_1_801' title='bbox 2897 4403 3001 4457; x_wconf 90' lang='lat' dir='ltr'><strong>ista</strong></span> <span class='ocrx_word' id='word_1_802' title='bbox 3029 4401 3234 4455; x_wconf 81' lang='lat' dir='ltr'><strong>locutio</strong></span> <span class='ocrx_word' id='word_1_803' title='bbox 3258 4400 3484 4455; x_wconf 88' lang='lat' dir='ltr'><strong>estsine</strong></span> <span class='ocrx_word' id='word_1_804' title='bbox 3503 4407 3653 4453; x_wconf 86' lang='lat' dir='ltr'><strong>recto</strong></span> 
     </span>
    </p>
   </div>
   <div class='ocr_carea' id='block_1_112' title="bbox 2076 4470 3647 4541">
    <p class='ocr_par' dir='ltr' id='par_1_112' title="bbox 2076 4470 3647 4541">
     <span class='ocr_line' id='line_1_112' title="bbox 2076 4470 3647 4541; baseline 0 -18"><span class='ocrx_word' id='word_1_805' title='bbox 2076 4485 2209 4541; x_wconf 80' lang='lat' dir='ltr'><strong>casu</strong></span> <span class='ocrx_word' id='word_1_806' title='bbox 2233 4471 2255 4541; x_wconf 65' lang='lat'><strong>‘2</strong></span> <span class='ocrx_word' id='word_1_807' title='bbox 2281 4470 2535 4526; x_wconf 80' lang='lat' dir='ltr'><strong>Profecto</strong></span> <span class='ocrx_word' id='word_1_808' title='bbox 2566 4487 2636 4526; x_wconf 90' lang='lat' dir='ltr'><strong>ne</strong></span> <span class='ocrx_word' id='word_1_809' title='bbox 2669 4471 3026 4541; x_wconf 84' lang='lat' dir='ltr'><strong>Cappadoces</strong></span> <span class='ocrx_word' id='word_1_810' title='bbox 3050 4471 3272 4541; x_wconf 88' lang='lat' dir='ltr'><strong>quidem</strong></span> <span class='ocrx_word' id='word_1_811' title='bbox 3304 4470 3647 4541; x_wconf 84' lang='lat' dir='ltr'><strong>bubulci_ita</strong></span> 
     </span>
    </p>
   </div>
   <div class='ocr_carea' id='block_1_113' title="bbox 2079 4538 3650 4610">
    <p class='ocr_par' dir='ltr' id='par_1_113' title="bbox 2079 4538 3650 4610">
     <span class='ocr_line' id='line_1_113' title="bbox 2079 4538 3650 4610; baseline -0.001 -18"><span class='ocrx_word' id='word_1_812' title='bbox 2079 4540 2246 4610; x_wconf 77' lang='lat' dir='ltr'><strong>locuti</strong></span> <span class='ocrx_word' id='word_1_813' title='bbox 2323 4541 2544 4602; x_wconf 85' lang='lat' dir='ltr'><strong>forent;</strong></span> <span class='ocrx_word' id='word_1_814' title='bbox 2612 4538 2812 4596; x_wconf 70' lang='lat' dir='ltr'><strong>nedum</strong></span> <span class='ocrx_word' id='word_1_815' title='bbox 2859 4538 3086 4603; x_wconf 67' lang='lat' dir='ltr'><strong>tantus,</strong></span> <span class='ocrx_word' id='word_1_816' title='bbox 3135 4550 3191 4596; x_wconf 91' lang='lat' dir='ltr'><strong>et</strong></span> <span class='ocrx_word' id='word_1_817' title='bbox 3237 4549 3349 4593; x_wconf 90' lang='lat' dir='ltr'><strong>tam</strong></span> <span class='ocrx_word' id='word_1_818' title='bbox 3392 4538 3650 4610; x_wconf 62' lang='lat' dir='ltr'><strong>dxpt6jg,</strong></span> 
     </span>
    </p>
   </div>
   <div class='ocr_carea' id='block_1_114' title="bbox 2080 4608 3647 4682">
    <p class='ocr_par' dir='ltr' id='par_1_114' title="bbox 2080 4608 3647 4682">
     <span class='ocr_line' id='line_1_114' title="bbox 2080 4608 3647 4682; baseline 0 -18"><span class='ocrx_word' id='word_1_819' title='bbox 2080 4608 2294 4664; x_wconf 86' lang='lat' dir='ltr'><strong>Libanii</strong></span> <span class='ocrx_word' id='word_1_820' title='bbox 2345 4611 2673 4680; x_wconf 87' lang='lat' dir='ltr'><strong>discipulus,</strong></span> <span class='ocrx_word' id='word_1_821' title='bbox 2704 4619 2769 4668; x_wconf 84' lang='lat' dir='ltr'><strong>et.</strong></span> <span class='ocrx_word' id='word_1_822' title='bbox 2799 4611 3130 4682; x_wconf 79' lang='lat' dir='ltr'><strong>eloquentia:</strong></span> <span class='ocrx_word' id='word_1_823' title='bbox 3165 4608 3497 4682; x_wconf 83' lang='lat' dir='ltr'><strong>ditissimus.</strong></span> <span class='ocrx_word' id='word_1_824' title='bbox 3541 4608 3647 4665; x_wconf 82' lang='lat' dir='ltr'><strong>Sed</strong></span> 
     </span>
    </p>
   </div>
   <div class='ocr_carea' id='block_1_115' title="bbox 2078 4680 3651 4746">
    <p class='ocr_par' dir='ltr' id='par_1_115' title="bbox 2078 4680 3651 4746">
     <span class='ocr_line' id='line_1_115' title="bbox 2078 4680 3651 4746; baseline 0.001 -13"><span class='ocrx_word' id='word_1_825' title='bbox 2078 4699 2111 4733; x_wconf 89' lang='lat' dir='ltr'><strong>o</strong></span> <span class='ocrx_word' id='word_1_826' title='bbox 2147 4682 2356 4734; x_wconf 88' lang='lat' dir='ltr'><strong>utinam</strong></span> <span class='ocrx_word' id='word_1_827' title='bbox 2395 4691 2541 4736; x_wconf 86' lang='lat' dir='ltr'><strong>esset</strong></span> <span class='ocrx_word' id='word_1_828' title='bbox 2582 4693 2688 4736; x_wconf 89' lang='lat' dir='ltr'><strong>tam</strong></span> <span class='ocrx_word' id='word_1_829' title='bbox 2741 4680 2924 4738; x_wconf 68' lang='lat' dir='ltr'><strong>facile</strong></span> <span class='ocrx_word' id='word_1_830' title='bbox 2942 4696 3131 4736; x_wconf 90' lang='lat' dir='ltr'><strong>verum</strong></span> <span class='ocrx_word' id='word_1_831' title='bbox 3174 4680 3442 4743; x_wconf 90' lang='lat' dir='ltr'><strong>invenire,</strong></span> <span class='ocrx_word' id='word_1_832' title='bbox 3484 4695 3651 4746; x_wconf 86' lang='lat' dir='ltr'><strong>quam</strong></span> 
     </span>
    </p>
   </div>
   <div class='ocr_carea' id='block_1_116' title="bbox 2079 4747 3654 4821">
    <p class='ocr_par' dir='ltr' id='par_1_116' title="bbox 2079 4747 3654 4821">
     <span class='ocr_line' id='line_1_116' title="bbox 2079 4747 3654 4821; baseline 0.001 -18"><span class='ocrx_word' id='word_1_833' title='bbox 2079 4749 2278 4805; x_wconf 89' lang='lat' dir='ltr'><strong>falsum</strong></span> <span class='ocrx_word' id='word_1_834' title='bbox 2327 4767 2589 4821; x_wconf 88' lang='lat' dir='ltr'><strong>arguere;</strong></span> <span class='ocrx_word' id='word_1_835' title='bbox 2640 4753 2750 4807; x_wconf 92' lang='lat' dir='ltr'><strong>imo</strong></span> <span class='ocrx_word' id='word_1_836' title='bbox 2799 4762 2906 4806; x_wconf 91' lang='lat' dir='ltr'><strong>tam</strong></span> <span class='ocrx_word' id='word_1_837' title='bbox 2960 4753 3119 4806; x_wconf 84' lang='lat' dir='ltr'><strong>facile</strong></span> <span class='ocrx_word' id='word_1_838' title='bbox 3165 4751 3463 4805; x_wconf 88' lang='lat' dir='ltr'><strong>hariolari!</strong></span> <span class='ocrx_word' id='word_1_839' title='bbox 3503 4747 3654 4821; x_wconf 87' lang='lat' dir='ltr'><strong>Usus</strong></span> 
     </span>
    </p>
   </div>
   <div class='ocr_carea' id='block_1_117' title="bbox 2077 4820 3652 4891">
    <p class='ocr_par' dir='ltr' id='par_1_117' title="bbox 2077 4820 3652 4891">
     <span class='ocr_line' id='line_1_117' title="bbox 2077 4820 3652 4891; baseline 0.001 -18"><span class='ocrx_word' id='word_1_840' title='bbox 2077 4836 2241 4890; x_wconf 90' lang='lat' dir='ltr'><strong>supra</strong></span> <span class='ocrx_word' id='word_1_841' title='bbox 2271 4829 2354 4875; x_wconf 89' lang='lat' dir='ltr'><strong>est</strong></span> <span class='ocrx_word' id='word_1_842' title='bbox 2377 4820 2538 4875; x_wconf 89' lang='lat' dir='ltr'><strong>etiam</strong></span> <span class='ocrx_word' id='word_1_843' title='bbox 2569 4838 2700 4879; x_wconf 78' lang='lat' dir='ltr'><strong>voce</strong></span> <span class='ocrx_word' id='word_1_844' title='bbox 2731 4823 3110 4891; x_wconf 85' lang='grc' dir='ltr'>πρόσπτωσις·</span> <span class='ocrx_word' id='word_1_845' title='bbox 3143 4837 3266 4890; x_wconf 72' lang='lat' dir='ltr'><strong>qum</strong></span> <span class='ocrx_word' id='word_1_846' title='bbox 3287 4836 3397 4874; x_wconf 91' lang='lat' dir='ltr'><strong>non</strong></span> <span class='ocrx_word' id='word_1_847' title='bbox 3419 4821 3576 4891; x_wconf 77' lang='lat' dir='ltr'><strong>adest</strong></span> <span class='ocrx_word' id='word_1_848' title='bbox 3596 4820 3652 4875; x_wconf 88' lang='lat' dir='ltr'><strong>in</strong></span> 
     </span>
    </p>
   </div>
   <div class='ocr_carea' id='block_1_118' title="bbox 2078 4889 3646 4961">
    <p class='ocr_par' dir='ltr' id='par_1_118' title="bbox 2078 4889 3646 4961">
     <span class='ocr_line' id='line_1_118' title="bbox 2078 4889 3646 4961; baseline -0.001 -19"><span class='ocrx_word' id='word_1_849' title='bbox 2078 4889 2276 4961; x_wconf 83' lang='lat' dir='ltr'><strong>priscis</strong></span> <span class='ocrx_word' id='word_1_850' title='bbox 2330 4893 2713 4960; x_wconf 86' lang='lat' dir='ltr'><strong>scriptoribus.</strong></span> <span class='ocrx_word' id='word_1_851' title='bbox 2759 4889 2866 4948; x_wconf 85' lang='lat' dir='ltr'><strong>Sed</strong></span> <span class='ocrx_word' id='word_1_852' title='bbox 2916 4902 3002 4947; x_wconf 87' lang='lat' dir='ltr'><strong>est</strong></span> <span class='ocrx_word' id='word_1_853' title='bbox 3041 4889 3243 4961; x_wconf 79' lang='grc' dir='ltr'>πτῶμα</span> <span class='ocrx_word' id='word_1_854' title='bbox 3291 4899 3386 4944; x_wconf 85' lang='lat' dir='ltr'><strong>aut</strong></span> <span class='ocrx_word' id='word_1_855' title='bbox 3416 4889 3646 4961; x_wconf 75' lang='grc' dir='ltr'>πτῶσις.</span> 
     </span>
    </p>
   </div>
   <div class='ocr_carea' id='block_1_119' title="bbox 2077 4959 3648 5030">
    <p class='ocr_par' dir='ltr' id='par_1_119' title="bbox 2077 4959 3648 5030">
     <span class='ocr_line' id='line_1_119' title="bbox 2077 4959 3648 5030; baseline 0.001 -18"><span class='ocrx_word' id='word_1_856' title='bbox 2077 4960 2216 5025; x_wconf 83' lang='lat' dir='ltr'><strong>Quid</strong></span> <span class='ocrx_word' id='word_1_857' title='bbox 2259 4963 2417 5014; x_wconf 85' lang='lat' dir='ltr'><strong>tum?</strong></span> <span class='ocrx_word' id='word_1_858' title='bbox 2445 4959 2641 5017; x_wconf 81' lang='lat' dir='ltr'><strong>Nonne</strong></span> <span class='ocrx_word' id='word_1_859' title='bbox 2675 4978 2776 5030; x_wconf 91' lang='lat' dir='ltr'><strong>pro</strong></span> <span class='ocrx_word' id='word_1_860' title='bbox 2825 4963 3000 5016; x_wconf 90' lang='lat' dir='ltr'><strong>nihilo</strong></span> <span class='ocrx_word' id='word_1_861' title='bbox 3038 4962 3092 5014; x_wconf 88' lang='lat' dir='ltr'><strong>id</strong></span> <span class='ocrx_word' id='word_1_862' title='bbox 3129 4959 3482 5030; x_wconf 74' lang='lat' dir='ltr'><strong>habendum?</strong></span> <span class='ocrx_word' id='word_1_863' title='bbox 3517 4959 3648 5013; x_wconf 90' lang='lat' dir='ltr'><strong>Item</strong></span> 
     </span>
    </p>
   </div>
   <div class='ocr_carea' id='block_1_120' title="bbox 2077 5029 3651 5102">
    <p class='ocr_par' dir='ltr' id='par_1_120' title="bbox 2077 5029 3651 5102">
     <span class='ocr_line' id='line_1_120' title="bbox 2077 5029 3651 5102; baseline -0.001 -18"><span class='ocrx_word' id='word_1_864' title='bbox 2077 5031 2242 5084; x_wconf 86' lang='lat' dir='ltr'><strong>etiam</strong></span> <span class='ocrx_word' id='word_1_865' title='bbox 2276 5031 2520 5085; x_wconf 89' lang='lat' dir='ltr'><strong>nondqu</strong></span> <span class='ocrx_word' id='word_1_866' title='bbox 2556 5029 2792 5102; x_wconf 82' lang='lat' dir='ltr'><strong>perierat</strong></span> <span class='ocrx_word' id='word_1_867' title='bbox 2821 5043 2932 5086; x_wconf 89' lang='lat' dir='ltr'><strong>tum</strong></span> <span class='ocrx_word' id='word_1_868' title='bbox 2966 5033 3149 5100; x_wconf 87' lang='lat' dir='ltr'><strong>lingua</strong></span> <span class='ocrx_word' id='word_1_869' title='bbox 3173 5048 3187 5084; x_wconf 87' lang='lat'><strong>:</strong></span> <span class='ocrx_word' id='word_1_870' title='bbox 3214 5047 3387 5102; x_wconf 84' lang='lat' dir='ltr'><strong>quare</strong></span> <span class='ocrx_word' id='word_1_871' title='bbox 3409 5029 3651 5098; x_wconf 80' lang='lat' dir='ltr'><strong>aliquam</strong></span> 
     </span>
    </p>
   </div>
   <div class='ocr_carea' id='block_1_121' title="bbox 2078 5101 3646 5170">
    <p class='ocr_par' dir='ltr' id='par_1_121' title="bbox 2078 5101 3646 5170">
     <span class='ocr_line' id='line_1_121' title="bbox 2078 5101 3646 5170; baseline 0.001 -18"><span class='ocrx_word' id='word_1_872' title='bbox 2078 5102 2479 5170; x_wconf 84' lang='lat' dir='ltr'><strong>aliquantulum</strong></span> <span class='ocrx_word' id='word_1_873' title='bbox 2513 5101 2710 5156; x_wconf 68' lang='lat' dir='ltr'><strong>navant</strong></span> <span class='ocrx_word' id='word_1_874' title='bbox 2742 5118 2928 5156; x_wconf 89' lang='lat' dir='ltr'><strong>vocem</strong></span> <span class='ocrx_word' id='word_1_875' title='bbox 2953 5115 3172 5156; x_wconf 87' lang='lat' dir='ltr'><strong>sumere</strong></span> <span class='ocrx_word' id='word_1_876' title='bbox 3211 5101 3380 5169; x_wconf 78' lang='lat' dir='ltr'><strong>probe</strong></span> <span class='ocrx_word' id='word_1_877' title='bbox 3410 5108 3646 5170; x_wconf 87' lang='lat' dir='ltr'><strong>poterat.</strong></span> 
     </span>
    </p>
   </div>
   <div class='ocr_carea' id='block_1_122' title="bbox 2079 5170 2898 5242">
    <p class='ocr_par' dir='ltr' id='par_1_122' title="bbox 2079 5170 2898 5242">
     <span class='ocr_line' id='line_1_122' title="bbox 2079 5170 2898 5242; baseline 0.004 -20"><span class='ocrx_word' id='word_1_878' title='bbox 2079 5170 2294 5242; x_wconf 73' lang='lat' dir='ltr'><strong>Licuit,</strong></span> <span class='ocrx_word' id='word_1_879' title='bbox 2349 5188 2678 5242; x_wconf 89' lang='lat' dir='ltr'><strong>semperque</strong></span> <span class='ocrx_word' id='word_1_880' title='bbox 2715 5173 2898 5227; x_wconf 86' lang='lat' dir='ltr'><strong>licebit</strong></span> 
     </span>
    </p>
   </div>
   <div class='ocr_carea' id='block_1_123' title="bbox 2078 5241 2869 5312">
    <p class='ocr_par' dir='ltr' id='par_1_123' title="bbox 2078 5241 2869 5312">
     <span class='ocr_line' id='line_1_123' title="bbox 2078 5241 2869 5312; baseline 0.004 -18"><span class='ocrx_word' id='word_1_881' title='bbox 2078 5241 2297 5295; x_wconf 89' lang='lat' dir='ltr'><strong>licentia</strong></span> <span class='ocrx_word' id='word_1_882' title='bbox 2334 5251 2551 5312; x_wconf 82' lang='lat' dir='ltr'><strong>sumpta</strong></span> <span class='ocrx_word' id='word_1_883' title='bbox 2585 5241 2869 5312; x_wconf 87' lang='lat' dir='ltr'><strong>pudenter.</strong></span> 
     </span>
    </p>
   </div>
   <div class='ocr_carea' id='block_1_124' title="bbox 2148 5310 3654 5381">
    <p class='ocr_par' dir='ltr' id='par_1_124' title="bbox 2148 5310 3654 5381">
     <span class='ocr_line' id='line_1_124' title="bbox 2148 5310 3654 5381; baseline -0.001 -15"><span class='ocrx_word' id='word_1_884' title='bbox 2148 5313 2259 5380; x_wconf 77' lang='lat'><strong>(9(5)</strong></span> <span class='ocrx_word' id='word_1_885' title='bbox 2279 5310 2635 5381; x_wconf 49' lang='lat' dir='ltr'><strong>astrum».</strong></span> <span class='ocrx_word' id='word_1_886' title='bbox 2654 5311 2817 5367; x_wconf 84' lang='lat' dir='ltr'><strong>Liber</strong></span> <span class='ocrx_word' id='word_1_887' title='bbox 2831 5311 3266 5381; x_wconf 66' lang='grc' dir='ltr'>Ιισιωιδιάλυτον.</span> <span class='ocrx_word' id='word_1_888' title='bbox 3283 5312 3353 5364; x_wconf 78' lang='lat' dir='ltr'><strong>At</strong></span> <span class='ocrx_word' id='word_1_889' title='bbox 3371 5310 3486 5381; x_wconf 87' lang='lat' dir='ltr'><strong>lege</strong></span> <span class='ocrx_word' id='word_1_890' title='bbox 3506 5310 3654 5364; x_wconf 79' lang='grc' dir='ltr'>ἀδιά-</span> 
     </span>
    </p>
   </div>
   <div class='ocr_carea' id='block_1_125' title="bbox 2075 5379 3654 5439">
    <p class='ocr_par' dir='ltr' id='par_1_125' title="bbox 2075 5379 3654 5439">
     <span class='ocr_line' id='line_1_125' title="bbox 2075 5379 3654 5439; baseline -0.003 -7"><span class='ocrx_word' id='word_1_891' title='bbox 2075 5379 2255 5434; x_wconf 82' lang='grc' dir='ltr'>λυτον.</span> <span class='ocrx_word' id='word_1_892' title='bbox 2289 5379 2486 5436; x_wconf 78' lang='lat' dir='ltr'><strong>Nescio</strong></span> <span class='ocrx_word' id='word_1_893' title='bbox 2514 5399 2583 5437; x_wconf 90' lang='lat' dir='ltr'><strong>an</strong></span> <span class='ocrx_word' id='word_1_894' title='bbox 2612 5384 2836 5439; x_wconf 90' lang='lat' dir='ltr'><strong>alterius</strong></span> <span class='ocrx_word' id='word_1_895' title='bbox 2863 5383 3061 5438; x_wconf 84' lang='lat' dir='ltr'><strong>veteris</strong></span> <span class='ocrx_word' id='word_1_896' title='bbox 3087 5380 3260 5436; x_wconf 62' lang='lat' dir='ltr'><strong>Graaci</strong></span> <span class='ocrx_word' id='word_1_897' title='bbox 3286 5379 3444 5436; x_wconf 81' lang='lat' dir='ltr'><strong>sacri</strong></span> <span class='ocrx_word' id='word_1_898' title='bbox 3462 5391 3654 5434; x_wconf 73' lang='lat' dir='ltr'><strong>anetu-</strong></span> 
     </span>
    </p>
   </div>
   <div class='ocr_carea' id='block_1_126' title="bbox 2076 5449 3647 5533">
    <p class='ocr_par' dir='ltr' id='par_1_126' title="bbox 2076 5449 3647 5533">
     <span class='ocr_line' id='line_1_126' title="bbox 2076 5449 3647 5533; baseline -0.003 -27"><span class='ocrx_word' id='word_1_899' title='bbox 2076 5450 2152 5533; x_wconf 64' lang='lat' dir='ltr'><strong>ris</strong></span> <span class='ocrx_word' id='word_1_900' title='bbox 2196 5452 2766 5533; x_wconf 39' lang='lat' dir='ltr'><strong>scripta&#39;miserjorem</strong></span> <span class='ocrx_word' id='word_1_901' title='bbox 2801 5459 3002 5533; x_wconf 82' lang='lat' dir='ltr'><strong>sortem</strong></span> <span class='ocrx_word' id='word_1_902' title='bbox 3047 5453 3339 5533; x_wconf 72' lang='lat' dir='ltr'><strong>subierint,</strong></span> <span class='ocrx_word' id='word_1_903' title='bbox 3367 5467 3535 5533; x_wconf 73' lang='lat' dir='ltr'><strong>quam</strong></span> <span class='ocrx_word' id='word_1_904' title='bbox 3577 5449 3647 5533; x_wconf 65' lang='lat' dir='ltr'><strong>li.</strong></span> 
     </span>
    </p>
   </div>
   <div class='ocr_carea' id='block_1_127' title="bbox 2075 5519 3651 5594">
    <p class='ocr_par' dir='ltr' id='par_1_127' title="bbox 2075 5519 3651 5594">
     <span class='ocr_line' id='line_1_127' title="bbox 2075 5519 3651 5594; baseline 0 -22"><span class='ocrx_word' id='word_1_905' title='bbox 2075 5519 2321 5594; x_wconf 80' lang='lat' dir='ltr'><strong>Gregorii</strong></span> <span class='ocrx_word' id='word_1_906' title='bbox 2367 5519 2622 5592; x_wconf 87' lang='lat' dir='ltr'><strong>Nysseni,</strong></span> <span class='ocrx_word' id='word_1_907' title='bbox 2659 5525 2712 5578; x_wconf 85' lang='lat' dir='ltr'><strong>in</strong></span> <span class='ocrx_word' id='word_1_908' title='bbox 2758 5523 3178 5594; x_wconf 87' lang='lat' dir='ltr'><strong>quampluribus</strong></span> <span class='ocrx_word' id='word_1_909' title='bbox 3221 5519 3431 5578; x_wconf 85' lang='lat' dir='ltr'><strong>tuendis</strong></span> <span class='ocrx_word' id='word_1_910' title='bbox 3476 5521 3651 5591; x_wconf 84' lang='lat' dir='ltr'><strong>perfe-</strong></span> 
     </span>
    </p>
   </div>
   <div class='ocr_carea' id='block_1_128' title="bbox 2077 5605 2285 5646">
    <p class='ocr_par' dir='ltr' id='par_1_128' title="bbox 2077 5605 2285 5646">
     <span class='ocr_line' id='line_1_128' title="bbox 2077 5605 2285 5646; baseline 0.005 -1"><span class='ocrx_word' id='word_1_911' title='bbox 2077 5605 2285 5646; x_wconf 75' lang='lat' dir='ltr'><strong>I&#39;CIHIIS.</strong></span> 
     </span>
    </p>
   </div>
   <div class='ocr_carea' id='block_1_129' title="bbox 2134 5659 3623 5786">
    <p class='ocr_par' dir='ltr' id='par_1_129' title="bbox 2134 5659 3623 5786">
     <span class='ocr_line' id='line_1_129' title="bbox 2134 5659 3623 5786; baseline -0.001 -71"><span class='ocrx_word' id='word_1_912' title='bbox 2134 5662 2262 5786; x_wconf 70' lang='lat' dir='ltr'><strong>l(I97)</strong></span> <span class='ocrx_word' id='word_1_913' title='bbox 2291 5662 2418 5718; x_wconf 84' lang='grc' dir='ltr'>Τοῦ.</span> <span class='ocrx_word' id='word_1_914' title='bbox 2453 5663 2788 5728; x_wconf 70' lang='grc' dir='ltr'>ὃτι-ἱὺοτοῖς·</span> <span class='ocrx_word' id='word_1_915' title='bbox 2811 5664 2940 5734; x_wconf 89' lang='lat' dir='ltr'><strong>quid</strong></span> <span class='ocrx_word' id='word_1_916' title='bbox 2962 5664 3032 5720; x_wconf 87' lang='lat' dir='ltr'><strong>sit</strong></span> <span class='ocrx_word' id='word_1_917' title='bbox 3052 5663 3138 5718; x_wconf 88' lang='lat' dir='ltr'><strong>ltic</strong></span> <span class='ocrx_word' id='word_1_918' title='bbox 3161 5661 3293 5719; x_wconf 88' lang='lat' dir='ltr'><strong>illttd</strong></span> <span class='ocrx_word' id='word_1_919' title='bbox 3322 5659 3414 5714; x_wconf 79' lang='grc' dir='ltr'><strong>τοῦ</strong></span> <span class='ocrx_word' id='word_1_920' title='bbox 3441 5673 3548 5714; x_wconf 86' lang='lat' dir='ltr'><strong>non</strong></span> <span class='ocrx_word' id='word_1_921' title='bbox 3569 5660 3623 5713; x_wconf 89' lang='lat' dir='ltr'><strong>in</strong></span> 
     </span>
     <span class='ocr_line' id='line_1_130' title="bbox 2175 5749 3584 5786; baseline -0.017 -3"><span class='ocrx_word' id='word_1_922' title='bbox 2175 5749 2279 5786; x_wconf 76' lang='grc' dir='ltr'>ιιιο.</span> <span class='ocrx_word' id='word_1_923' title='bbox 3580 5755 3584 5759; x_wconf 78' lang='lat'><strong>.</strong></span> 
     </span>
    </p>
   </div>
   <div class='ocr_carea' id='block_1_130' title="bbox 2077 5739 3584 5805">
    <p class='ocr_par' dir='ltr' id='par_1_130' title="bbox 2077 5739 3584 5805">
     <span class='ocr_line' id='line_1_131' title="bbox 2077 5739 3584 5805; baseline -0.01 -19"><span class='ocrx_word' id='word_1_924' title='bbox 2077 5739 2279 5805; x_wconf 81' lang='lat' dir='ltr'><strong>tclltgo.</strong></span> <span class='ocrx_word' id='word_1_925' title='bbox 3580 5755 3584 5759; x_wconf 68' lang='grc'><strong>›</strong></span> 
     </span>
    </p>
   </div>
   <div class='ocr_carea' id='block_1_131' title="bbox 2951 5170 3648 5235">
    <p class='ocr_par' dir='ltr' id='par_1_131' title="bbox 2951 5170 3648 5235">
     <span class='ocr_line' id='line_1_132' title="bbox 2951 5170 3648 5235; baseline -0.001 -9"><span class='ocrx_word' id='word_1_926' title='bbox 2951 5190 2964 5226; x_wconf 90' lang='lat'><strong>:</strong></span> <span class='ocrx_word' id='word_1_927' title='bbox 3008 5172 3172 5226; x_wconf 91' lang='lat' dir='ltr'><strong>modo</strong></span> <span class='ocrx_word' id='word_1_928' title='bbox 3213 5178 3398 5225; x_wconf 88' lang='lat' dir='ltr'><strong>tamen</strong></span> <span class='ocrx_word' id='word_1_929' title='bbox 3424 5210 3440 5235; x_wconf 95' lang='lat'><strong>,</strong></span> <span class='ocrx_word' id='word_1_930' title='bbox 3474 5170 3648 5226; x_wconf 86' lang='lat' dir='ltr'><strong>dices.</strong></span> 
     </span>
    </p>
   </div>
  </div>
