4092 6368
332 304 463 361 ιοδι

1524 309 1908 365 EPISTOLIE.
1946 343 2017 353 —
2049 310 2265 366 l-ZPlb'T.
2326 312 2437 365 XX.

3462 316 3604 371 1082

329 414 443 471 οἷον
470 419 601 488 ἡμῖν
624 419 657 489 ἡ
685 418 943 471 Οὐανώτα
970 422 1079 482 τοῖς
1101 421 1321 484 οἰκείοις
1345 422 1655 489 ἐπεδείξατο
1680 421 1908 487 κάλλος;
1939 475 1940 481 η

2042 423 2163 477 ibus
2196 424 2560 487 transfusum,
2588 424 2745 478 valde
2775 431 3076 479 memorata
3093 424 3299 493 Tempe
3316 424 3602 483 Thessalis

332 508 457 562 Εἴτε
481 509 589 579 γάρ
616 526 700 571 τις
728 512 828 578 τὴν
856 509 1091 580 φυσικὴν
1111 512 1392 582 ἐπιζητοίη
1419 512 1513 565 τοῦ
1543 513 1705 565 τόπου
1733 512 1911 581 χάριν,

333 598 604 669 ἁπροδεής
630 600 749 651 ὲστι
778 600 884 652 τῶν
917 602 981 654 ὲκ
1006 602 1103 672 τῆς
1134 604 1331 673 τέχνης
1363 604 1545 658 καλῶν
1565 621 1576 632 ·
1615 605 1725 657 εἴτε
1755 604 1822 656 τὰ
1852 604 1916 655 ὲκ

334 691 432 760 τῆς
462 690 864 761 ἐπιτεχνήσεως
892 692 1297 762 προσ-γινόμενα
1326 694 1538 763 βλέποι,
1573 693 1799 747 τοιαῦτα
1824 693 1917 744 καὶ

335 781 576 836 τοσαῦτά
608 785 787 846 ἐστιν,
812 784 887 847 ὡς
928 784 1021 837 καὶ
1052 784 1267 852 φύσεως
1299 784 1559 838 δύνασθαι
1588 784 1917 856 δυσκληρίαν

336 874 577 943 νικῆσαι.
614 874 683 927 *Α
713 873 813 944 μὲν
837 874 944 944 γὰρ
975 876 1007 945 ἡ
1044 876 1203 944 φύσις
1224 876 1303 946 τῷ
1337 877 1490 946 τόπῳ
1518 876 1826 948 χαρίζεται,
1851 877 1917 945 τῇ

339 964 700 1033 ἀκατασκεύῳ
760 963 942 1035 χάριτι
995 967 1092 1036 τὴν
1146 969 1249 1036 γῆν
1299 967 1644 1037 ὼραῖζουσα,
1694 966 1920 1020 τοιαῦτα

340 1059 457 1111 ἐστι
484 1075 497 1088 ·
528 1058 786 1112 Κάτωθεν
815 1059 1058 1130 ποταμὸς
1082 1059 1249 1123 ’Δλυς
1285 1062 1402 1123 ταῖς
1429 1060 1616 1130 ὄχθαις
1645 1060 1919 1113 καλλωπί-

342 1152 451 1215 ζων
484 1152 575 1204 τὸν
605 1150 767 1204 τόπον
793 1168 806 1181 ·
851 1146 959 1204 οἷόν
1008 1170 1091 1212 τις
1131 1154 1312 1207 ταινία
1358 1156 1530 1223 χρυσῆ
1575 1153 1663 1205 διὰ
1701 1152 1921 1222 βαθείας

342 1243 655 1313 ἁλουργίδος
690 1243 1024 1310 ὑποττίλϐει,
1053 1244 1140 1297 διὰ
1174 1248 1273 1315 τῆς
1317 1244 1461 1309 ίλύος
1494 1244 1830 1316 ὲρυθραίνων
1863 1244 1923 1297 τὸ

347 1335 577 1406 ῥεῖθρον.
619 1335 713 1388 Ἐκ
733 1336 789 1388 δὲ
815 1335 908 1388 τοῦ
929 1335 1133 1389 ἄνωθεν
1160 1336 1356 1407 μέρους
1377 1336 1502 1406 ὅρος
1523 1335 1839 1407 ἀμφιλαφές
1862 1353 1922 1387 τε

346 1430 440 1483 καὶ
467 1429 687 1492 λάσιον,
738 1430 925 1500 μακρᾷ
955 1432 1020 1499 τῇ
1060 1431 1224 1501 ῥαχίᾳ
1272 1430 1694 1501 παρατείνεται,
1737 1430 1926 1500 δρυσὶν

347 1519 718 1589 ἁπανταχόθεν
748 1521 1079 1590 κατάκομον,
1108 1522 1257 1587 ἄξιον
1292 1522 1535 1592 Ὀμήρου
1566 1521 1714 1583 τινὸς
1741 1524 1927 1573 ὲπιτυ-

346 1612 463 1678 χεῖν
492 1611 795 1673 ἐπαινέτου,
830 1610 1030 1681 μᾶλλον
1058 1611 1091 1681 ἢ
1126 1611 1187 1665 τὸ
1214 1611 1450 1682 Νήριτον
1484 1612 1660 1665 ἐκεῖνο
1685 1611 1746 1663 τὸ
1788 1611 1914 1664 Ἰθαι

348 1703 571 1771 κήσιον·
605 1702 634 1755 ὃ
672 1719 836 1772 φησιν
876 1702 905 1754 6
946 1703 1176 1771 ποιητὴς
1212 1702 1518 1772 ἀριπρεπές
1556 1718 1614 1755 τε
1649 1697 1789 1755 εἶναι
1834 1702 1929 1754 καὶ

349 1794 735 1863 εἰνοσίφυλλον.
795 1795 1187 1847 Ἐπικατιοῦσα
1236 1794 1294 1847 δὲ
1350 1794 1491 1864 πρὸς
1543 1794 1602 1846 τὸ
1640 1793 1843 1865 πρανὲς
1895 1793 1927 1862 ὴ

350 1885 654 1957 αὐτόματος
704 1887 805 1957 ὕλη
852 1889 966 1949 τοῖς
1016 1888 1125 1940 ἀπὸ
1171 1890 1266 1958 τῆς
1317 1885 1594 1956 γεωργίας
1643 1884 1784 1938 κατὰ
1833 1884 1930 1953 τὴν

351 1977 627 2048 ὑπώρειαν
667 1981 1012 2032 συνάπτεται.
1053 1978 1229 2041 Εὐθὺς
1261 1977 1370 2047 γὰρ
1415 1977 1650 2047 ἄμπελοι
1686 1976 1930 2045 6:131:10;-

353 2066 511 2133 μέναι
542 2067 682 2119 κατὰ
723 2066 789 2120 τὰ
836 2067 1043 2135 πλάγιά
1071 2083 1131 2119 τε
1174 2068 1269 2119 καὶ
1298 2066 1463 2119 ὕπτια
1498 2068 1592 2120 καὶ
1639 2065 1794 2119 κοῖλα
1832 2066 1932 2135 τῆς

352 2157 648 2227 ὑπωρείας,
682 2154 794 2213 οἷον
834 2159 1045 2228 ἱμάτιόν
1086 2176 1142 2213 τι
1186 2159 1404 2229 χλοερὸν
1449 2161 1515 2229 τῇ
1568 2158 1715 2229 βαφῇ
1754 2158 1931 2211 πάντα

352 2246 445 2299 τὸν
492 2247 850 2317 ὑποκείμενον
891 2248 1068 2319 χῶρον
1102 2247 1571 2319 ἀπολαμϐάνουσι.
1613 2247 1931 2316 Προσετίθει

350 2337 410 2391 δὲ
442 2341 507 2408 τῇ
540 2337 659 2408 ὥρᾳ
706 2338 801 2391 καὶ
851 2340 881 2392 6
917 2339 1131 2409 καιρὸς,
1180 2339 1465 2393 θεσπέσιόν
1494 2355 1546 2392 τι
1590 2339 1780 2409 χρῆμα
1825 2337 1932 2391 τῶν

355 2426 597 2498 βοτρύων
626 2428 966 2492 ὑποδεικνύς.
1014 2431 1079 2482 '0
1111 2429 1169 2482 δὲ
1201 2429 1297 2482 καὶ
1334 2428 1537 2498 μᾶλλον
1565 2430 1644 2492 είς
1673 2427 1935 2499 ἔκπληξιν

351 2513 488 2588 ἦγεν
508 2535 520 2547 ·
548 2520 653 2578 ὅτι,
684 2520 781 2589 τῆς
812 2518 1048 2586 γείτονος
1073 2522 1253 2590 χώρας
1278 2521 1337 2573 ὲν
1363 2519 1574 2589 ὄμφακι
1606 2520 1696 2572 τὸν
1725 2521 1935 2590 καρπὸν

353 2608 661 2680 ὀεικνύσης,
697 2610 933 2665 ἐνταῦθα
964 2612 1320 2682 κατατρυφᾷν
1354 2610 1482 2680 ἐξῆν
1511 2610 1620 2665 τῶν
1652 2610 1894 2681 βοτρύων
1918 2626 1931 2641 ·

356 2702 451 2755 καὶ
481 2701 602 2754 κατ’
632 2701 883 2767 ἐξουσίαν
926 2703 1284 2772 ἐμφορεῖσθαι
1309 2702 1410 2772 τῆς
1436 2702 1606 2774 ὥρας.
1638 2698 1771 2755 Εἶτα
1804 2703 1935 2772 πόῤ-

358 2788 533 2859 ρωθεν
572 2792 705 2861 ἡμῖν
728 2785 841 2844 οἷόν
867 2807 952 2854 τις
982 2792 1189 2861 πυρσὸς
1210 2792 1279 2845 ὲκ
1305 2791 1658 2861 φρυκτωρίας
1691 2791 1935 2860 μεγάλης

356 2880 390 2949 ἡ
421 2880 529 2932 τῶν
567 2880 1017 2951 οἰκοδομημάτων
1062 2881 1222 2951 χάρις
1262 2880 1597 2951 ὲπέλαμπεν.
1648 2881 1937 2951 Ἀριστερὰ

361 2972 462 3043 μὲν
497 2973 775 3027 εἰσιόντων
812 2973 842 3027 6
874 2972 1162 3043 εὐκτήριος
1210 2972 1287 3042 (2)
1317 2966 1466 3035 οἶκος
1507 2974 1621 3035 τοῖς
1668 2973 1936 3044 μάρτυσιν

2014 516 2246 572 eﬂicerc.
2275 515 2415 580 Quid
2448 517 2591 569 enim
2620 517 2726 570 tale
2751 526 2836 571 cst
2870 518 3015 587 apud
3045 518 3264 588 singula
3295 536 3360 571 cx
3397 518 3561 573 dictis
3585 558 3600 581 ,

2015 608 2231 675 qualem
2266 607 2424 661 nobis
2456 605 2663 660 Vauota
2716 610 3019 663 venustatis
3072 610 3308 678 Speciem
3366 611 3604 680 propriis

2018 696 2178 750 bouis
2213 695 2647 749 demonstravit?
2672 694 2728 748 Si
2760 696 2885 765 quis
2908 696 3053 748 enim
3084 698 3388 752 naturalem
3424 700 3604 768 inqui-

2020 797 2106 841 rat
2138 787 2241 841 loci
2270 787 2504 857 gratiam
2534 795 2588 840 et
2621 788 2969 856 elegantiam,
3006 789 3155 840 nulla
3200 790 3409 843 ratione
3443 806 3605 858 pror-

2020 898 2116 938 sus
2137 881 2445 936 artiftciosae
2466 881 2891 950 pulchritudinis
2914 882 2960 935 is
2978 889 3060 935 est
3088 882 3362 951 indigens.
3396 882 3452 936 Si
3476 898 3605 938 vero

2021 993 2142 1045 qua:
2164 991 2230 1031 ex
2276 977 2410 1030 artis
2440 976 2755 1030 inventione
2806 976 3235 1045 proficiscuntur
3281 976 3480 1029 intueri
3512 993 3605 1031 νεο-

2022 1072 2082 1122 lit
2111 1113 2126 1135 ,
2160 1070 2286 1123 talia
2313 1077 2575 1138 tantaque
2606 1077 2754 1131 sunt,
2782 1078 2839 1122 ut
2872 1070 2953 1121 vel
2988 1069 3162 1136 ipsius
3196 1076 3405 1121 natura:
3437 1068 3604 1121 misc-

2024 1176 2139 1213 ram
2168 1170 2369 1213 sortem
2403 1169 2624 1229 possent
2650 1160 2867 1214 vicisse.
2903 1158 3008 1212 Sed
3035 1174 3159 1228 qua:
3191 1170 3409 1216 natura.
3434 1157 3607 1225 impa-

2026 1261 2144 1306 t'atu
2182 1253 2379 1306 decore
2420 1260 2623 1306 terram
2662 1258 2971 1320 opportuue
3011 1249 3295 1319 pulchram
3336 1248 3606 1309 reddens,

2028 1343 2146 1396 loco
2179 1342 2417 1412 gratiose
2458 1343 2762 1405 concessit,
2810 1350 2940 1396 sunt
2993 1338 3287 1410 ejusmodi.
3338 1337 3606 1392 Deorsutu

2029 1432 2193 1503 llalys
2232 1433 2461 1500 ﬂuvius,
2500 1434 2639 1504 ripis
2665 1441 2895 1488 venuste
2926 1433 3107 1487 locum
3145 1445 3454 1496 exornans;
3489 1434 3606 1498 qui,

2029 1525 2173 1579 haud
2207 1525 2364 1580 aliter
2388 1540 2553 1596 quam
2591 1525 2837 1595 quaadam
2886 1538 3051 1578 aurea
3098 1523 3259 1577 taania
3298 1537 3395 1590 per
3440 1521 3606 1589 proli-

2028 1633 2151 1671 xam
2188 1631 2521 1687 purpuream
2542 1624 2750 1671 vestem
2783 1616 3051 1671 collucet:
3085 1614 3217 1667 limo
3249 1612 3605 1682 proﬂuentem

2031 1707 2336 1762 rubicundo
2363 1707 2536 1761 inlicit
2571 1709 2774 1763 colore.
2823 1706 2900 1761 Ex
2940 1705 3211 1775 superiori
3242 1712 3425 1758 autem
3457 1711 3611 1772 parte

2032 1814 2190 1855 mons
2214 1814 2521 1869 magnoque
2559 1800 2769 1853 ambitu
2804 1797 3258 1867 comprehensus,
3293 1795 3611 1863 densusque

2032 1889 2193 1960 longo
2218 1888 2386 1944 dorso
2422 1888 2787 1959 protenditur,
2816 1887 3046 1941 undevis
3079 1886 3397 1955 quercubus
3426 1898 3612 1937 eoma-

2033 1986 2152 2041 tus,
2201 1978 2548 2033 Homericum
2589 1978 2826 2047 aliquem
2870 1976 3209 2032 laudatorem
3249 1977 3469 2046 assequi
3525 1975 3612 2028 di-

2031 2085 2200 2139 gnus.
2246 2070 2420 2140 magis
2448 2083 2611 2139 quam
2640 2068 2887 2123 Neritum
2928 2066 3065 2122 illud
3096 2068 3382 2122 lthacense
3407 2104 3427 2134 ,
3465 2065 3613 2135 quod

2032 2160 2168 2214 dicit
2195 2159 2362 2215 Poeta
2401 2159 2602 2215 decore
2639 2169 2907 2230 praestans
2933 2173 3079 2223 esse,
3102 2166 3160 2213 et
3198 2158 3438 2212 i:nmane
3462 2156 3614 2212 fron-

2033 2251 2251 2305 dosum.
2290 2249 2535 2305 Demissa
2574 2265 2706 2304 vero
2733 2249 2802 2304 ad
2834 2248 3076 2318 proclive
3096 2255 3293 2317 sponte
3318 2247 3457 2303 silva
3485 2262 3614 2300 cum

2035 2343 2104 2399 iis
2136 2358 2259 2412 qua:
2295 2356 2327 2395 a
2356 2352 2516 2397 terrae
2544 2355 2712 2411 opere
2756 2340 3048 2410 prodeunt,
3095 2340 3254 2409 juxta
3290 2338 3496 2395 tuentis
3531 2338 3616 2393 la-

2034 2441 2124 2489 tus
2148 2432 2456 2502 colligatur.
2482 2431 2550 2486 Et
2579 2441 2729 2487 recta
2753 2432 2840 2486 via
2866 2433 3006 2487 vites
3046 2440 3101 2486 et
3132 2430 3384 2499 oblique,
3416 2438 3473 2485 et
3521 2444 3620 2484 su-

2035 2527 2225 2592 blime,
2258 2532 2313 2578 et
2352 2542 2419 2580 ex
2446 2539 2582 2578 cava
2625 2523 2802 2595 ipsius
2830 2523 3032 2579 montis
3063 2532 3219 2591 parte
3260 2528 3451 2574 mutuo
3512 2517 3618 2573 im—

2037 2620 2270 2688 plicatae,
2302 2617 2617 2671 universum
2640 2614 2955 2684 subjectum
2986 2613 3165 2667 locum
3186 2610 3344 2681 quasi
3378 2609 3621 2663 tinctura

2037 2709 2264 2765 viridem
2296 2709 2588 2779 quamdam
2619 2715 2826 2761 vestem
2847 2704 3240 2773 intercipiunt:
3275 2701 3622 2769 addebatque

2039 2800 2266 2853 multum
2312 2796 2586 2853 venustati
2621 2795 2706 2850 vel
2759 2796 2876 2864 ipsa
2912 2794 3172 2862 temporis
3211 2790 3621 2861 opportunitas.

2037 2893 2287 2961 ingentes
2307 2906 2394 2944 res
2413 2902 2757 2943 ra-cemorum
2790 2886 3108 2941 ostendens.
3134 2884 3289 2950 Quod
3309 2892 3489 2937 autem
3505 2896 3623 2935 ma-

2039 2986 2121 3054 gis
2144 2984 2308 3039 etiam
2340 2983 2394 3036 in
2426 2989 2704 3051 stuporem
2736 2980 2931 3049 agebat
2961 2985 3106 3043 erat,
3154 2976 3327 3047 quod,
3387 2974 3623 3028 finitima

360 3066 791 3137 ἡτοιμασμένος·
838 3065 990 3119 οὔπω
1024 3066 1125 3137 μὲν
1166 3066 1227 3118 τὸ
1268 3066 1476 3119 τέλειον
1516 3067 1615 3137 τῆς
1657 3067 1938 3138 δομήσεως

2042 3088 2184 3128 terra
2214 3073 2442 3128 acerbos
2475 3072 2655 3127 adhuc
2687 3071 2902 3126 fructus
2930 3075 3420 3131 commonstrante,
3447 3067 3537 3120 hic
3565 3065 3625 3119 li-

362 3156 523 3227 ἔχων,
574 3156 691 3211 ἀλλ’
735 3157 816 3211 ἔτι
862 3157 941 3227 τῷ
987 3157 1170 3226 ὀρόφῳ
1216 3157 1563 3229 λειπόμενος.
1612 3159 1842 3230 λάμπων
1883 3158 1941 3211 δὲ

362 3251 532 3319 ὅμως.
586 3248 838 3305 Κατευθὺ
890 3249 949 3302 δὲ
978 3245 1071 3319 ’ἧν
1106 3252 1207 3320 τῆς
1254 3249 1373 3303 ὁδοῦ
1419 3250 1488 3303 τὰ
1527 3250 1626 3321 τῆς
1675 3251 1943 3321 οἰκήσεως

365 3342 559 3412 κάλλη,
589 3342 719 3397 ἄλλο
751 3343 891 3412 πρὸς
930 3341 1061 3397 ἄλλο
1090 3359 1143 3394 τι
1182 3342 1292 3395 τῶν
1328 3341 1472 3395 κατὰ
1507 3342 1719 3413 τρυφὴν
1763 3343 1945 3394 ἐπινισ

366 3432 647 3502 νοημένων
678 3424 1071 3503 μεμερισμέναζ
1113 3430 1348 3503 Πύργων
1377 3431 1643 3503 προϐολαὶ
1682 3431 1776 3484 καὶ
1807 3448 1946 3500 συμ-

368 3522 572 3575 ποσίων
612 3523 959 3594 παρασκευαὶ
1001 3524 1058 3575 ὲν
1086 3523 1419 3594 εὑρυχὼροις
1444 3540 1502 3576 τε
1534 3523 1628 3576 καὶ
1653 3521 1944 3593 ὑψορόφοις

372 3614 595 3685 στίχοις,
625 3614 731 3687 πρὸ
755 3616 862 3669 τῶν
881 3615 1063 3688 θυρῶν
1086 3615 1473 3686 στεφανοῦντες
1497 3617 1598 3686 τὴν
1623 3615 1826 3670 εἴσοδον
1843 3614 1940 3685 (ὃ).

373 3705 504 3760 Εἶτα
530 3709 657 3777 περὶ
682 3708 811 3772 τοὺς
839 3710 1018 3771 οἴκους
1045 3709 1095 3762 οἱ
1126 3709 1354 3763 Φαιακοὶ
1381 3711 1547 3780 κῆποι
1572 3725 1588 3740 ο
1630 3706 1829 3778 μᾶλλον
1852 3708 1909 3761 δὲ
1927 3748 1942 3771 ,

377 3800 452 3869 μὴ
486 3799 791 3869 ὑϐριζέσθω
826 3803 892 3871 τῇ
925 3801 1061 3871 πρὸς
1098 3802 1283 3855 ἐκεῖνα
1312 3800 1596 3871 συγκρίσει
1632 3800 1700 3854 τὰ
1731 3798 1949 3853 Οὐανώ-

375 3908 485 3945 των
519 3891 723 3962 una.
747 3892 860 3945 Οὐκ
886 3888 1026 3945 εἶδεν
1059 3893 1304 3963 Ὅμηρος
1338 3894 1438 3962 τὴν
1472 3892 1707 3946 ἐνταῦθα
1744 3891 1949 3961 μηλέαν

376 3983 476 4050 τὴν
531 3982 914 4052 ἀγλαόκαρπον
963 3982 1066 4052 (4),
1108 3982 1244 4053 πρὸς
1293 3980 1391 4051 τὴν
1429 3980 1522 4033 τοῦ
1573 3980 1703 4033 ἰδίου
1756 3980 1951 4042 ἄνθους

378 4074 567 4144 χροιὰν
620 4072 699 4144 τῷ
737 4073 1125 4144 ὑπερϐάλλοντι
1167 4074 1266 4143 τῆς
1310 4072 1565 4143 εὐχροίας
1606 4070 1953 4123 ἐπανιοῦσαν.

381 4166 494 4217 Οὐκ
530 4160 638 4218 εἶδε
671 4164 769 4234 τὴν
800 4164 999 4235 ὄγχνην
1042 4164 1370 4235 λευκοτέραν
1398 4163 1494 4216 τοῦ
1532 4163 1810 4228 νεοξέστου
1848 4162 1957 4215 ἐλέ-

381 4272 601 4325 φαντος.

2038 3167 2197 3219 cebat
2225 3164 2345 3218 uvis
2376 3163 2620 3217 deliciari
2644 3205 2659 3228 ,
2698 3172 2752 3216 ct
2778 3163 2925 3217 onmi
2972 3162 3193 3217 licentia
3224 3160 3474 3231 speciosa
3531 3157 3623 3210 illa

2040 3267 2329 3310 venustate
2359 3254 2690 3309 exsaturari.
2722 3252 2801 3307 Ex
2853 3252 3155 3323 longinquo
3203 3249 3400 3306 deinde
3448 3248 3627 3316 qualis

2047 3347 2295 3415 quaedam
2322 3346 2539 3399 ﬂamma
2589 3361 2657 3399 ex
2707 3360 2899 3415 magna
2951 3344 3195 3399 emicans
3225 3342 3434 3397 elevata
3488 3340 3625 3397 face.

2041 3440 2395 3496 :ediliciorum
2427 3438 2599 3508 gratia
2629 3445 2681 3491 et
2707 3435 3059 3507 pulchritudo
3094 3434 3255 3489 nobis
3287 3432 3507 3488 affulsit.
3540 3429 3627 3482 Si-

2050 3533 2223 3587 nistra
2254 3545 2382 3584 vero
2417 3529 2825 3583 introeuntibus
2860 3526 3062 3582 sacella
3122 3526 3494 3581 cernebantur
3530 3537 3629 3592 pro

2052 3622 2384 3693 martyribus
2402 3629 2592 3690 parata
2615 3639 2628 3675 :
2650 3636 2763 3674 non
2786 3620 3008 3690 quidem
3037 3626 3318 3674 structura
3361 3615 3626 3686 perfecta,

2052 3712 2145 3768 Sed
2168 3713 2346 3765 adhuc
2361 3720 2504 3765 tet-to
2524 3711 2806 3773 destituta,
2826 3708 3189 3763 nihilominus
3208 3706 3465 3760 illustria.
3526 3704 3630 3756 Rc-

2054 3814 2249 3875 etaque
2262 3805 2348 3857 via
2369 3804 2650 3871 elegantiae
2672 3803 2868 3856 aedium
2893 3808 3070 3864 erant,
3087 3801 3272 3853 alterae
3290 3806 3409 3865 post
3431 3796 3633 3850 alteras

2055 3892 2456 3964 quodan‘nuodo
2506 3890 2806 3947 secundum
2861 3887 3221 3959 quarumdam
3255 3886 3632 3939 inventionum

2057 3983 2282 4039 delicias
2311 3983 2643 4052 dispertitm:
2683 3982 2918 4035 turrium
2972 3978 3304 4041 eminentiae,
3360 3984 3416 4030 et
3444 3974 3633 4029 convi-

2056 4076 2268 4130 viorum
2300 4084 2616 4143 apparatus,
2647 4074 2699 4127 in
2733 4071 3011 4142 praecelsis
3062 4071 3406 4139 platanorum
3424 4066 3639 4119 ordini.

2056 4165 2180 4227 bus,
2213 4163 2683 4233 spatioquelatis,
2728 4172 2855 4216 ante
2886 4161 3090 4230 januas
3134 4161 3438 4228 ingrcssqu
3482 4171 3639 4209 coro-

2052 4262 2268 4308 nantes.
2301 4253 2431 4307 Dein
2452 4254 2599 4307 circa
2629 4252 2772 4308 mdes
2803 4251 3162 4305 Plias-accuses
3186 4249 3355 4309 horti,
3386 4247 3481 4302 sed
3517 4260 3638 4298 am-

383 4350 555 4424 plius:
580 4347 900 4415 nouinjuria
926 4360 1051 4400 cum
1078 4344 1416 4401 Vanotorum
1450 4346 1949 4416 pulchritudinibus
1987 4347 2164 4416 agitor
2214 4347 2429 4400 illarum
2482 4338 2947 4415 comparatione.
3024 4341 3142 4397 Non
3199 4340 3334 4395 vidit
3373 4340 3642 4395 llomerus

456 4565 534 4637 (‘2)
569 4567 917 4636 Εὺκτήριον.
938 4568 1166 4635 Quidam
1189 4569 1328 4623 mala
1354 4569 1646 4625 Latinitate
1663 4576 1947 4623 verterunt

2126 4568 2204 4637 (5)
2259 4566 2707 4636 Στερανοῦντες
2752 4565 2869 4637 τὴν
2911 4564 3179 4637 εἷσοδοις.
3227 4560 3643 4632 Σταφανοῦντες

387 4616 1646 4710 oratr—iiirga'aagg"insignitEsau;
1661 4616 1948 4693 ratiis;
1982 4616 2027 4671 ί)
2057 4616 2219 4710 [taliet
2250 4616 2470 4710 3.1.1:}?
2488 4616 2555 4689 .a
2575 4616 2862 4710 regendis“
2890 4616 3276 4710 dissenserant.

386 4708 561 4761 crario
627 4709 801 4779 magis
842 4708 961 4774 ntij
1017 4708 1152 4779 quae
1188 4726 1290 4763 vox
1332 4711 1456 4763 licet
1517 4724 1627 4762 non
1686 4716 1958 4763 consonet

386 4778 577 4849 ανξιερο
608 4778 891 4849 vocabulo,
918 4780 1004 4833 cui
1033 4782 1204 4849 magis
1226 4794 1529 4848 congruere
1555 4780 1771 4831 videtur
1818 4793 1951 4832 ora-

387 4848 623 4912 torium;
670 4848 955 4919 εὐκτηριον
1004 4848 1148 4905 enim
1196 4850 1404 4919 derivat
1442 4849 1509 4901 ab
1536 4849 1699 4919 εὐχή·
1734 4850 1958 4901 omnino

388 4925 568 4971 tamen
599 4918 851 4973 convenit
885 4921 980 4975 rei.
1039 4919 1273 4972 Oratorii
1307 4918 1498 4971 Latina
1529 4935 1631 4972 vox
1662 4918 1763 4972 vix
1796 4932 1959 4972 teneat:

387 4987 564 5041 artatis
592 5003 694 5042 usu
720 4990 884 5058 recipi
912 4997 1096 5058 posset
1121 5007 1134 5042 :
1166 4997 1391 5055 tumque
1437 4989 1489 5040 in
1519 4997 1723 5042 nostra:
1778 5004 1954 5041 sacrae

388 5058 650 5111 doctrina:
676 5057 1187 5114 rebustulerabilior
1215 5058 1552 5111 redderetur.
1587 5058 1691 5110 Sed
1722 5057 1957 5111 maxime

390 5127 635 5180 adhibita
666 5127 769 5181 fuit
798 5128 997 5188 ferreo.
1028 5136 1082 5182 et
1116 5130 1263 5181 luteo
1287 5142 1422 5181 :cvo.
1460 5127 1737 5181 Potuisset
1758 5135 1809 5179 et
1838 5142 1957 5195 pro-

393 5196 518 5268 ferri
540 5197 824 5251 Lararium
843 5214 941 5268 pro
957 5198 1228 5268 εύκτηρίῳ
1245 5198 1433 5268 eadem
1461 5198 1670 5251 ratione
1691 5213 1704 5261 ;
1737 5197 1829 5268 sed
1851 5212 1957 5250 non

392 5266 555 5319 tnodo
587 5266 1048 5335 profanaIverum
1081 5266 1244 5321 etiam
1277 5266 1487 5322 fallacis
1545 5267 1825 5336 religionis
1862 5268 1961 5320 ob-

393 5335 620 5408 sistebat
651 5354 774 5391 vox.
824 5339 1126 5408 Προσευχή.
1179 5353 1300 5405 quin
1350 5344 1435 5390 est
1488 5335 1746 5408 precatio,
1782 5338 1963 5408 valere

393 5405 556 5476 etiam
588 5416 764 5470 potest
830 5405 970 5461 idem
1008 5405 1069 5461 ac
1094 5405 1422 5476 VE'bXt'ﬁplO‘)’
1456 5417 1511 5460 et
1545 5407 1618 5459 ita
1677 5408 1850 5470 locus,
1911 5406 1964 5459 in

394 5490 504 5541 quo
530 5472 701 5529 Iudici
729 5479 1062 5543 cugeltattttlr
1090 5483 1154 5530 ad
1205 5472 1392 5531 sacras
1424 5492 1639 5545 preces,
1707 5488 1764 5531 et
1797 5480 1972 5529 obse—

397 5546 691 5607 cratioues,
742 5549 1056 5602 Vtu'allallll‘.
1097 5549 1298 5614 Quare,
1339 5562 1462 5599 cum
1497 5546 1623 5614 ipsi.
1673 5558 1727 5600 et
1775 5561 1966 5598 eorum

398 5615 581 5666 omnia
614 5616 892 5682 despectui
927 5619 1283 5679 haberentur,
1327 5616 1449 5670 Juv.
1518 5615 1631 5668 Sat.
1668 5631 1749 5679 Ill,
1792 5616 1967 5669 dixit:

408 5683 519 5737 Ede
566 5684 651 5736 ubi
699 5688 999 5751 consistas;
1038 5690 1088 5741 in
1145 5706 1244 5758 qua
1308 5698 1352 5741 te
1402 5704 1578 5755 quivre
1644 5685 1971 5753 proseucha,

403 5762 744 5825 contemptus
779 5773 961 5810 causa.
1322 5786 1325 5791 -

2129 4707 2206 4775 (4)
2252 4700 2725 4775 Ἀγιῑαόκαρπὸν.
2763 4704 2879 4758 Non
2933 4700 3096 4757 modo
3128 4702 3422 4775 Homerum
3479 4700 3639 4775 citat,

2056 4786 2109 4829 et
2136 4770 2267 4845 ejus
2294 4770 2593 4831 sententias
2630 4775 2935 4845 usurpatin
2982 4775 3084 4828 hac
3113 4774 3341 4841 epistola
3404 4781 3455 4824 et
3486 4770 3641 4845 _alibi

2057 4840 2373 4918 Nysseuus;
2403 4863 2594 4918 verum
2625 4854 2705 4918 _et
2750 4840 2958 4918 profert
3018 4840 3181 4898 verba
3211 4856 3429 4918 quoque
3483 4840 3642 4918 ipsa;

2056 4910 2201 4985 quod
2237 4916 2323 4970 hic
2353 4910 2550 4978 effecit,
2585 4914 2685 4975 τὴν
2724 4910 2930 4985 μηλέαν
2964 4928 3289 4985 nuncupans
3326 4910 3643 4985 ἀγλαόκαρ·

2058 4981 2178 5051 πον,
2214 4988 2288 5039 uti
2323 5002 2441 5038 eam
2480 4981 3072 5054 appellavitllomerns
3136 4981 3354 5054 Odyssa
3389 4981 3484 5054 lib.
3531 4994 3642 5054 vn,

2063 5048 2207 5110 vers.
2239 5056 2360 5117 115,
2384 5067 2435 5108 et
2458 5048 2649 5108 Iilifiu.
2676 5070 2823 5107 vers.
2854 5052 2977 5105 588.
3013 5052 3128 5117 Qua
3159 5048 3233 5104 de
3256 5066 3311 5103 re
3345 5052 3395 5103 in
3432 5048 3647 5117 llomeri

2068 5127 2300 5179 lectione
2330 5116 2679 5179 exercitatior
2700 5132 2752 5177 et
2776 5134 3024 5176 versatus
3044 5116 3291 5191 profecto
3318 5133 3403 5175 est
3426 5120 3515 5172 ille
3540 5116 3653 5191 (Ιιιυ

2067 5195 2494 5250 ceitdtts.Actutn
2528 5196 2686 5262 plane
2714 5208 2950 5262 agerem,
2976 5195 3020 5246 si
3045 5188 3444 5245 ostendendum
3469 5188 3650 5262 susci-

2071 5282 2275 5335 perem,
2311 5268 2363 5317 in
2415 5259 2589 5335 poetis
2647 5271 2700 5335 et
2733 5259 2946 5335 steteris
2981 5262 3229 5331 profanis
3254 5259 3652 5335 _scriptoribus

2070 5329 2289 5404 operam
2322 5343 2373 5387 et
2397 5329 2640 5404 studium
2679 5329 3132 5404 henerollocasse
3159 5329 3397 5396 majores
3416 5340 3651 5404 _nostrns

2075 5399 2357 5461 sacrarum
2395 5403 2717 5456 Litterarum
2750 5401 3038 5470 magistros
3065 5410 3119 5456 et
3170 5408 3379 5456 veteres
3416 5399 3603 5451 l’atres
3634 5413 3651 5458 ξ

2077 5490 2253 5542 neque
2278 5490 2383 5526 non
2412 5474 2712 5542 assiduum.
2755 5479 2848 5542 aut
2884 5471 3107 5527 minime
3126 5471 3455 5525 vehemens:
3494 5482 3669 5531 sucus

2058 5541 2354 5597 inemoriae
2411 5543 2554 5596 dicta
2599 5541 2890 5595 tradidisse
2939 5542 2973 5595 ii
3016 5558 3124 5595 non
3183 5542 3650 5611 puluissctttdlaui

2080 5615 2259 5678 facile,
2289 5624 2339 5666 et
2366 5613 2481 5666 sine
2508 5612 2855 5665 cunctatione
2902 5604 3225 5682 praesentia,
3283 5618 3340 5664 ut
3393 5604 3649 5664 scribent

2083 5701 2256 5754 prono
2282 5686 2435 5739 alveo
2464 5683 2841 5739 decurrerent.
