4092 6368
458 315 601 376 1983

1695 319 1754 375 S.
1794 317 2124 376 GREGORlI
2163 317 2458 375 NYSSENI

3566 320 3588 354 ³
3600 321 3706 378 081

454 457 577 494 eam
607 456 729 510 qnze
761 439 850 494 hic
891 439 1220 510 inclytorum
1254 439 1530 495 fructuum
1559 442 1735 497 malus
1775 453 1912 508 erat,
1962 440 2031 496 ad
2068 440 2449 497 excellentiam
2483 441 2671 509 optimi
2713 441 2914 498 coloris
2967 457 3132 513 supra
3164 444 3365 513 proprii
3421 444 3570 500 ﬂoris
3610 463 3713 500 co-

461 533 630 589 Iurem
663 535 824 589 elata.
872 533 991 586 Non
1029 532 1165 587 vidit
1209 533 1514 588 silvestrem
1562 535 1738 602 pirum
1773 534 2013 603 expolito
2048 547 2241 588 recens
2267 532 2432 587 ebore
2465 532 2863 586 candidiorem.

530 633 596 682 At
623 629 750 696 qttid
782 628 905 696 quis
931 636 1114 680 narret
1154 625 1386 680 Persica:
1409 626 1551 694 pomi
1589 626 1791 680 variam
1829 629 1982 682 multi
2042 675 2043 681 η

2187 623 2253 677 Τί
2278 624 2322 677 δ’
2351 625 2415 680 ἄν
2439 642 2523 688 τις
2563 626 2706 678 ετποι
2735 626 2834 694 τῆς
2865 627 3132 696 περσικῆς
3169 626 3389 697 ὀπώρας
3423 627 3485 680 τὸ
3529 629 3709 679 ποικί’

462 721 762 789 plieemque
802 718 1037 788 speciem
1084 733 1149 771 ex
1192 717 1380 770 alteris
1428 716 1807 783 commistam,
1867 727 2033 790 atque

462 809 854 878 compositam?
897 806 1071 862 Sicuti
1105 806 1250 860 enim
1303 806 1653 862 hircoeervos
1692 809 1922 878 pingunt
1969 825 2034 866 ac

464 907 918 974 hippocentauros
963 899 1178 967 aliaque
1222 897 1492 966 ejusmodi
1525 914 1592 952 ex
1635 899 1792 968 longe
1824 899 2034 958 dissitis

466 1011 574 1047 una
608 994 790 1056 mista,
825 992 921 1060 qui
959 990 1042 1044 vel
1075 1005 1239 1059 supra
1284 989 1455 1057 ipsam
1487 996 1734 1042 naturam
1772 991 2033 1060 sapiunt;

465 1087 538 1137 ita
572 1091 624 1135 et
669 1097 734 1136 ex
782 1079 1095 1148 huiusmodi
1141 1093 1300 1147 pomo
1343 1079 1502 1130 aliam
1543 1077 1610 1132 ad
1663 1079 2033 1149 amygdalum,

465 1171 628 1222 aliam
663 1169 728 1223 ad
772 1183 989 1229 nucem,
1031 1165 1096 1219 ad
1135 1165 1448 1219 doracinant
1492 1165 1764 1233 persicum
1808 1169 2032 1220 alteram

465 1261 726 1314 insertam
758 1274 882 1313 cum
914 1256 1212 1312 secundum
1247 1271 1467 1317 nomen,
1499 1265 1610 1307 tum
1631 1255 1785 1324 juxta
1815 1264 2032 1326 gustum

464 1350 535 1403 ab
561 1359 678 1403 arte
707 1348 974 1402 violenter
1005 1348 1267 1414 imperata
1283 1344 1461 1398 ell'ecit
1481 1353 1695 1398 natura.
1731 1344 1795 1396 Et
1821 1345 1887 1398 ad
1921 1346 2033 1398 haec

465 1441 649 1493 omnia
673 1479 688 1504 ,
723 1437 1016 1493 multitudo
1051 1451 1270 1506 quoque
1303 1452 1334 1491 e
1372 1437 1602 1505 singulis
1646 1445 1840 1504 praeter
1867 1452 2035 1490 venu-

467 1538 660 1584 statem
694 1529 1115 1588 ostendebatur;
1157 1542 1336 1580 verum
1363 1535 1415 1580 et
1447 1527 1499 1579 in
1548 1527 1878 1594 plantatione
1923 1528 2036 1582 dis-

469 1623 686 1690 positio,
721 1636 1123 1690 numerosaque
1166 1620 1258 1673 illa
1288 1619 1518 1689 pictura.
1553 1619 1630 1672 Re
1680 1634 1806 1672 vera
1833 1619 2032 1674 etenim

469 1711 697 1780 pictoris
719 1712 910 1782 magis,
944 1726 1104 1781 quam
1141 1711 1390 1778 agricolae
1430 1708 1752 1762 miraculum
1790 1709 2034 1778 appella-

468 1817 580 1856 rcs.
613 1801 733 1867 Quo
764 1809 925 1871 pacto
953 1809 1134 1854 autem
1171 1801 1440 1854 desiderio
1473 1815 1662 1854 eorum
1689 1801 1781 1872 qui
1811 1801 1926 1854 haec
1959 1801 2033 1854 ita

469 1893 882 1962 disposuerunt,
931 1901 1128 1946 natura
1173 1892 1332 1946 facile
1384 1891 1550 1945 fuerit
1586 1893 1871 1958 obsecuta,
1923 1906 2033 1945 non

2133 716 2223 768 λον
2247 733 2306 768 τε
2330 715 2426 769 καὶ
2447 715 2740 779 πολυειδὲς,
2764 715 2857 768 καὶ
2882 715 2942 780 ἐξ
2967 717 3294 787 ἑτερογενῶν
3316 717 3677 787 συμμεμιγμέ
3693 746 3710 758 ο

2133 821 2224 858 νον
2255 806 2349 858 καὶ
2379 803 2670 870 σύνθετον;
2704 805 2915 875 Ὥσπερ
2952 805 3060 875 γὰρ
3087 807 3138 857 oi.
3183 807 3302 869 τοὺς
3334 807 3714 875 τραγελάφους

2135 895 2229 949 καὶ
2280 895 2741 966 ἱπποκενταύρους
2782 896 2877 948 καὶ
2923 896 2989 950 τὰ
3036 896 3264 951 τοιαῦτα
3312 897 3598 966 μιγνύντες
3645 898 3713 949 ἐκ

2133 982 2424 1053 διαφόρων,
2453 982 2549 1035 καὶ
2592 982 2690 1053 τὴν
2729 983 2890 1051 φύσιν
2935 986 3432 1056 παρασοφιζόμενοι
3472 988 3713 1056 γράφου-

2136 1089 2250 1126 σιν·
2279 1071 2419 1125 ούτω
2449 1074 2541 1127 καὶ
2567 1075 2657 1125 ἐπὶ
2701 1074 2799 1142 τῆς
2827 1073 3048 1146 ὀπώρας
3079 1076 3280 1145 ταύτης
3299 1094 3314 1107 ο
3340 1077 3401 1130 τὸ
3436 1078 3536 1146 μὲν
3574 1079 3712 1148 πρὸς

2135 1164 2468 1233 ἀμυγδαλῆν,
2501 1165 2562 1217 τὸ
2589 1165 2644 1217 δὲ
2699 1164 2835 1234 πρὸς
2880 1165 3082 1236 κάρυον
3105 1209 3119 1232 ,
3150 1168 3337 1239 ἓτερον
3380 1169 3437 1221 δὲ
3471 1168 3604 1238 πρὸς
3647 1169 3712 1220 τὸ

2134 1257 2411 1327 δηρακινον
2441 1257 2516 1327 (εἰ)
2558 1255 2701 1310 κατά
2730 1275 2788 1310 τε
2822 1257 2882 1310 τὸ
2918 1258 3088 1328 ὄνομα
3121 1260 3213 1312 καὶ
3249 1260 3348 1329 τὴν
3391 1259 3580 1328 γεῦσιν
3608 1276 3710 1329 με·

2138 1348 2398 1418 μιγμένον
2444 1348 2834 1419 τυραννηοεῖσα
2884 1350 3036 1419 παρὰ
3087 1353 3186 1420 τῆς
3232 1351 3429 1421 τέχνης
3473 1353 3507 1420 ἡ
3551 1351 3714 1418 φύσις

2135 1441 2376 1510 ἐπ·.ίησε.
2410 1441 2518 1494 Καὶ
2541 1441 2633 1493 ἐπὶ
2659 1442 2794 1493 πᾶσι
2824 1441 3033 1505 τούτοις
3061 1442 3120 1494 τὸ
3150 1443 3235 1512 ἐφ’
3271 1444 3484 1513 ἑκάστῳ
3515 1442 3714 1512 πλῆθος

2136 1529 2276 1600 ὑπὲρ
2322 1530 2382 1582 τὸ
2427 1529 2624 1593 κάλλος
2680 1530 2970 1584 ἐδείκνυτο.
3041 1532 3202 1588 Ἀλλὰ
3251 1533 3348 1586 καὶ
3388 1533 3487 1602 τὴν
3538 1534 3594 1585 ἐν
3640 1535 3711 1604 τῇ

2135 1621 2326 1692 φυτεία
2358 1621 2622 1687 διάθεσιν,
2654 1623 2748 1676 καὶ
2780 1623 2880 1692 τὴν
2906 1621 3175 1693 εὔρυθμον
3209 1623 3526 1693 ζωγραφίαν
3564 1624 3712 1676 ἐκεί.

2134 1729 2250 1782 νην.
2302 1713 2538 1782 ’Λληθῶς
2584 1713 2693 1784 γὰρ
2726 1714 2978 1783 γραφέως
3024 1714 3224 1784 μᾶλλον
3265 1715 3300 1784 ἢ
3331 1715 3604 1783 γεωπόνου
3651 1716 3716 1768 τὸ

2137 1803 2334 1874 θαῦμα.
2377 1804 2535 1860 Οὕτω
2564 1806 2630 1875 τῇ
2663 1805 2928 1876 ἐπιθυμίᾳ
2955 1805 3063 1858 τῶν
3092 1805 3267 1860 ταῦτα
3296 1805 3645 1860 διατιθέντων
3677 1809 3714 1877 ἡ

2138 1895 2296 1963 φύσις
2323 1895 2558 1958 εὐκόλως
2587 1895 3047 1966 ἐπηκολούθησεν,
3073 1896 3174 1949 οὐκ
3201 1891 3356 1965 οἶμαι
3386 1896 3610 1950 δυνατὸν
3635 1893 3715 1950 εἶ-

470 1955 607 2054 puto
632 1983 749 2038 ﬁeri
791 1955 954 2055 posse
979 1991 1042 2036 ut
1076 1998 1326 2038 sermone
1363 1983 1702 2038 ostendatur.
1736 1955 2037 2037 Sub'arbu-

2146 1955 2228 2038 ναι
2256 1955 2343 2038 διὰ
2374 1955 2551 2054 λόγων
2589 1955 2944 2052 ἐνδείξασθαι.
2980 1955 3092 2057 Την
3131 1985 3188 2039 δέ
3223 1955 3330 2039 ὑπὸ
3358 1985 3458 2050 τὰς
3493 1987 3716 2042 ἀναδεν-

471 2073 642 2128 stivas
672 2072 887 2144 quidem
943 2073 1080 2126 vites
1118 2073 1312 2126 semita
1353 2080 1407 2126 et
1436 2071 1678 2142 jucunda
1718 2072 1810 2126 illa
1851 2071 2041 2126 umbra

471 2179 537 2219 ex
572 2164 801 2220 racemis
842 2162 1118 2233 przestita;
1153 2177 1426 2232 novaque,
1470 2179 1501 2218 e
1544 2163 1827 2228 lateribus,
1871 2161 2040 2218 ramis

471 2270 743 2320 rosarum,
770 2261 826 2309 et
844 2254 1161 2324 palmitibus
1175 2253 1386 2319 vitium,
1415 2269 1539 2324 qua:
1566 2261 1756 2308 mutuo
1789 2253 2039 2322 implexa:

470 2345 793 2414 innexaeque
844 2345 960 2398 vice
1001 2344 1264 2413 parietum
1305 2345 1470 2398 etiam
1517 2353 1679 2398 erant
1719 2343 1928 2398 aditum
1967 2343 2035 2398 ad

471 2443 817 2490 transversas
851 2443 1037 2502 partes
1070 2433 1434 2500 struentium,
1475 2435 1616 2489 muri
1661 2432 1852 2489 effecta
1883 2443 2035 2489 stru-

470 2537 649 2581 ctura.
682 2526 789 2581 Sed
821 2527 970 2580 illam
999 2525 1064 2578 ad
1087 2526 1349 2579 curriculi
1386 2524 1551 2594 hujus
1578 2542 1850 2581 summum
1881 2543 2039 2597 aqua:

473 2616 762 2686 piscinam,
800 2615 967 2688 inque
1009 2615 1126 2683 ipsa
1166 2616 1439 2670 enutritos
1483 2617 1664 2685 pisces
1696 2617 1820 2685 quis
1863 2618 2043 2672 valeat

478 2724 582 2778 pro
612 2707 883 2777 dignitate
911 2706 1163 2759 oratione
1186 2705 1609 2761 demonstrare?
1638 2707 1784 2760 Inter
1807 2707 1924 2760 haec
1948 2721 2044 2760 au-

477 2811 584 2852 tctlt
626 2797 831 2863 omnia,
873 2797 1082 2852 liberali
1116 2797 1352 2866 quadam
1383 2797 1787 2863 benevolentia,
1817 2797 1912 2866 qui
1941 2797 2042 2852 do-

475 2889 667 2942 micilii
709 2903 897 2941 curam
935 2887 1169 2956 agebant
1211 2886 1632 2956 generositatem
1673 2894 1823 2940 tuam
1850 2886 2044 2943 sedulo

474 2988 997 3044 commemorat-unt,
1040 2977 1642 3047 demonstraruntque;
1700 2979 2040 3049 singulatim,

475 3087 600 3140 quae
644 3081 735 3124 tua
765 3084 931 3140 opera
966 3069 1245 3123 elaborata
1281 3067 1524 3133 luerunt,
1560 3069 1946 3136 ostendentes;
1980 3085 2043 3124 ac

477 3165 520 3216 si
557 3164 653 3216 tibi
693 3163 793 3230 ipsi
839 3176 935 3230 per
981 3176 1081 3214 nos
1124 3175 1235 3214 rem
1284 3158 1528 3216 facerent
1576 3166 1810 3230 gratam.
1846 3158 1917 3211 At
1959 3158 2044 3213 hic

2140 2075 2339 2148 δράδας
2364 2077 2479 2130 ὁδὸν
2497 2077 2592 2130 καὶ
2609 2079 2706 2146 τὴν
2730 2075 2990 2145 γλυκεῖαν
3019 2075 3233 2146 ἐκείνην
3256 2076 3320 2129 ἐκ
3343 2075 3452 2128 τῶν
3472 2075 3718 2146 βοτρύων

2148 2167 2324 2220 σκιάν·
2349 2167 2441 2221 καὶ
2463 2167 2564 2236 τὴν
2588 2167 2780 2237 καινὴν
2807 2167 2871 2220 ἐκ
2899 2165 3142 2235 πλαγίων
3168 2166 3520 2235 τειχοποιίαν,
3550 2166 3720 2236 ῥόδων

2146 2257 2345 2330 ὅρπηξι
2370 2257 2463 2310 καὶ
2486 2256 2811 2326 κληματίσιν
2831 2255 3092 2326 ἀμπέλων
3117 2254 3374 2325 ἀλλήλαις
3403 2255 3723 2307 συνδιαπλε-

2149 2347 2416 2418 κομένων,
2452 2346 2545 2398 καὶ
2573 2346 2694 2399 ἀντὶ
2721 2346 2916 2416 τοίχων
2943 2345 3378 2416 διατειχιζόντων
3403 2345 3502 2415 τὴν
3529 2344 3622 2399 ἐπὶ⁸
3648 2345 3724 2399 τὰ

2147 2437 2351 2505 πλάγια
2381 2435 2610 2507 πάροδον
2632 2452 2648 2466 ³
2679 2437 2779 2506 τήν
2809 2452 2872 2489 τε
2901 2435 3041 2489 κατὰ
3070 2437 3132 2489 τὸ
3155 2437 3324 2508 ἄκρον
3351 2435 3446 2489 τοῦ
3479 2436 3724 2489 τοιούτου

2142 2526 2342 2598 δρόμου
2370 2526 2446 2596 (6)
2477 2525 2862 2596 κολυμϐήθραν
2882 2525 2988 2578 ’τοῦ
3019 2525 3232 2591 ὓδατος,
3258 2527 3350 2578 καὶ
3375 2526 3501 2588 τοὺς
3534 2526 3591 2578 ἐν
3621 2526 3724 2580 αύ-

2143 2616 2221 2686 τῷ
2247 2616 2611 2687 τρεφομένους
2641 2613 2850 2685 ἰχθύας,
2877 2615 2961 2678 τίς
2988 2614 3053 2670 ἂν
3077 2615 3372 2682 ἐνδείξαιτο
3399 2615 3534 2686 πρὸς
3559 2615 3723 2678 ἀξίαν

2142 2706 2219 2776 τῷ
2247 2706 2422 2776 λόγῳ;
2468 2707 2554 2758 Ἐν
2586 2705 2692 2775 γὰρ
2729 2705 2938 2766 τούτοις
2979 2707 3113 2758 πᾶσι
3161 2705 3302 2774 μετά
3333 2722 3477 2768 τινος
3505 2705 3723 2758 ἐλευοεο

2146 2797 2261 2867 ρίου
2292 2796 2704 2868 φιλοφροσύνης,
2727 2796 2778 2848 οἱ
2809 2794 2907 2864 τὴν
2934 2795 3111 2849 οἰκίαν
3140 2795 3590 2867 ἐπιτροπεύοντες
3617 2797 3720 2866 τῆς

2143 2887 2418 2956 εὐγενείας
2459 2905 2550 2940 σου
2589 2886 2728 2940 κατὰ
2771 2885 3003 2956 σπουδὴν
3055 2886 3439 2958 περιηγοΰντο,
3478 2887 3571 2939 καὶ
3613 2887 3723 2939 ὑπ-

2143 2978 2450 3043 εδείκνυον,
2478 2976 2546 3030 τὰ
2569 2976 2906 3031 καθέκαστον
2936 2975 3044 3029 τῶν
3073 2992 3153 3030 σοι
3189 2975 3574 3047 πεπονημένων
3603 2977 3728 3028 ἐπιπ-

2141 3068 2511 3139 δεικνύμενοι,
2540 3067 2616 3131 ὡς
2643 3067 2709 3122 ἂν
2737 3066 2886 3137 αὐτῷ
2922 3067 3006 3120 σον⁸
3049 3066 3118 3121 δι’
3159 3067 3318 3137 ἡμῶν
3352 3066 3723 3138 χαριζόμενοι.

2149 3160 2314 3214 Ἔνθα
2342 3160 2433 3213 καί
2456 3177 2538 3222 τις
2561 3158 2669 3212 τῶν
2698 3158 3019 3222 νεανίσκων,
3055 3157 3306 3228 καθάπερ
3335 3174 3415 3217 τις
3447 3158 3725 3226 θαυματο-

475 3256 697 3323 quidam
734 3252 1197 3316 adolescentulus,
1231 3252 1385 3320 quasi
1419 3252 1614 3320 aliquis
1653 3250 2042 3321 prmstigiator,

2146 3250 2296 3312 ποιὸς
2316 3289 2330 3312 ,
2361 3249 2670 3314 ἐπεδείξατο
2708 3250 2837 3319 ἡμῖν
2867 3247 3048 3318 θέαμα
3080 3249 3155 3318 μὴ
3195 3247 3316 3301 λίαν
3360 3248 3725 3318 ἐπιχωριάζον

477 3347 849 3415 spectaculum
883 3343 1121 3397 ostendit
1153 3343 1313 3397 nobis
1343 3357 1448 3396 non
1482 3342 1645 3396 nimis
1678 3350 1887 3396 natura:
1915 3357 2044 3396 sue-

477 3446 614 3490 tum.
645 3434 1095 3504 Quandoquidem
1123 3433 1190 3486 ad
1223 3432 1448 3485 {nudum
1473 3432 1816 3486 descendens
1849 3446 1946 3499 pro
1979 3432 2041 3483 li-

476 3528 604 3580 bera
661 3533 924 3592 potestate
965 3538 1106 3592 quos
1157 3536 1225 3576 ex
1273 3520 1439 3572 animi
1484 3519 1756 3573 sententia
1809 3519 2044 3586 volebat,

476 3618 800 3671 sustollebat
842 3616 1067 3686 pisces;
1105 3620 1159 3666 et
1207 3611 1282 3664 illi
1325 3611 1392 3664 ad
1440 3609 1736 3679 piscatoris
1781 3618 2043 3664 attactum

480 3726 584 3764 non
630 3719 886 3777 tanquam
933 3705 998 3759 ad
1036 3703 1375 3774 peregrinam
1411 3702 1596 3756 sedem
1633 3702 1896 3769 adibant;
1927 3704 2042 3758 vel-

479 3802 557 3854 uti
600 3801 819 3868 qttidam
867 3795 1140 3851 mansueti
1189 3793 1378 3857 catuli,
1410 3808 1551 3862 quos
1596 3794 1810 3849 cicures
1849 3810 2044 3850 manus

477 3890 614 3944 artis
636 3889 790 3957 periti
826 3888 1213 3956 subjectosque
1253 3885 1355 3941 sibi
1390 3885 1639 3940 haberet.
1679 3884 1921 3940 Posthac
1960 3903 2043 3941 me

478 3983 544 4033 ad
577 3980 839 4049 quasdam
869 3980 1012 4032 :edes
1053 3978 1396 4032 deduxerunt
1427 3977 1818 4046 propemodum
1855 3985 1914 4030 ut
1955 3993 2043 4032 re-

477 4071 809 4140 quieturum.
833 4068 1004 4124 {Edes
1027 4070 1171 4123 enim
1197 4068 1516 4124 ostendebat
1533 4068 1694 4123 nobis
1720 4069 2001 4137 ingressus
2027 4084 2042 4132 ;

479 4171 536 4216 at
564 4178 688 4216 cum
733 4161 877 4216 intra
911 4162 1136 4230 januam
1179 4161 1400 4222 fuimus,
1438 4176 1546 4214 non
1593 4161 1793 4214 donius
1835 4161 2048 4228 excepit

479 4269 602 4319 nos,
633 4269 816 4308 verum
854 4251 1110 4322 porticus.
1145 4250 1399 4306 Porticus
1429 4258 1608 4306 autem
1645 4251 1879 4304 sublime
1911 4265 2040 4318 pen-

2148 3345 2212 3411 τῇ
2247 3340 2423 3410 φύσει.
2460 3339 2719 3399 Κατασὰς
2759 3338 2870 3409 γὰρ
2899 3338 2991 3391 ἐπὶ
3017 3339 3078 3391 τὸ
3118 3337 3280 3408 βάθος
3324 3339 3444 3391 κατ’
3475 3337 3726 3403 ἐξουσίαν

2148 3433 2400 3502 ἀνῃρεῖτο
2436 3430 2544 3482 τῶν
2591 3428 2789 3500 ἰχθύων
2836 3431 2962 3493 τοὺς
3003 3429 3145 3482 κατὰ
3184 3429 3409 3501 γνώμην
3434 3445 3445 3458 ·
3481 3430 3728 3483 κάκεῖνοι

2151 3524 2285 3594 πρὸς
2312 3523 2411 3591 τὴν
2435 3521 2650 3590 ἐπαφὴν
2676 3519 2768 3573 τοῦ
2793 3521 2988 3584 ἁλιέως
3011 3521 3110 3573 οὐκ
3139 3519 3437 3585 ἐξενίζοντο
3455 3563 3472 3587 ,
3499 3515 3609 3572 οἷόν
3639 3537 3728 3571 τι-

2151 3633 2239 3677 νες
2265 3618 2566 3688 χειροήθεις
2594 3616 2859 3679 σκύλακες
2888 3616 3133 3669 τιθεισσο)⁸
3168 3617 3321 3680 ὄντες
3363 3620 3427 3686 τῇ
3459 3616 3601 3686 χειρὶ
3624 3613 3723 3668 τοῦ

2151 3711 2388 3780 τεχνίτου
2428 3712 2522 3763 καὶ
2559 3709 2878 3780 ὑποχείριοι.
2911 3705 3045 3763 Εἶτά
3083 3726 3150 3779 με
3180 3712 3428 3781 παρῆγον
3462 3709 3553 3761 ἐπί
3595 3725 3720 3760 τινα

2151 3795 2295 3853 οἶκον
2315 3800 2471 3871 δῆθεν
2495 3801 2569 3863 ὡς
2591 3799 3052 3868 ἀναπαυσόμενον.
3077 3795 3236 3854 υῐκον
3260 3799 3367 3869 γὰρ
3387 3798 3720 3852 ἐνεδείκνυτο

2151 3888 2280 3956 ἡμῖν
2315 3889 2350 3958 ἡ
2399 3887 2620 3951 εἴσοδος.
2677 3886 2816 3940 Ἀλλ’
2859 3887 3010 3952 ἐντὸς
3042 3888 3140 3957 τῆς
3186 3888 3354 3960 θύρας
3398 3888 3723 3958 γενομένους

2151 3977 2296 4047 ἡμᾶς
2337 3977 2458 4046 ούχὶ
2505 3974 2672 4042 οἶκος,
2723 3976 2858 4030 ἀλλὰ
2909 3979 3038 4031 στοὰ
3066 3978 3352 4044 διεδέξατο.
3404 3981 3468 4032 Ἡ
3501 3980 3556 4032 δέ
3591 3981 3723 4032 στοὰ

2153 4067 2423 4136 μετέωρος
2451 4061 2519 4136 ἦν
2539 4105 2552 4129 ,
2583 4067 2744 4137 λίμνῃ
2775 4067 2966 4138 βαθείᾳ
2995 4070 3060 4120 ἐκ
3084 4069 3279 4122 πολλοῦ
3312 4071 3404 4124 τοῦ
3429 4070 3593 4140 ὕψους
3624 4073 3726 4124 ἐπ-

2150 4159 2445 4228 ηωρημένη
2463 4159 2558 4227 (7).
2587 4159 2992 4230 Προσεκλύζετο
3020 4161 3076 4213 δέ
3105 4161 3182 4231 τῷ
3211 4161 3418 4232 ὓδατιή
3453 4163 3653 4233 κρηπὶς
3688 4165 3724 4233 ἠ

2146 4249 2242 4317 τὴν
2279 4249 2437 4302 στοὰν
2469 4249 2735 4320 ἀνέχουσα
2785 4250 3033 4322 τριγώνῳ
3075 4252 3154 4323 τῷ
3201 4253 3478 4324 σχήματι,
3516 4249 3626 4306 οἷόν
3669 4271 3726 4307 τι

553 4471 873 4547 (ῆγΈτερρν
895 4469 962 4522 δὲ
975 4468 1123 4547 πρὸς
1147 4469 1213 4547 τὸ
1235 4467 1570 4547 δορᾴκινογ.
1595 4466 1888 4546 Δοράκινον
1910 4465 2043 4547 Περς

2158 4467 2442 4547 Gregorio.
2484 4465 2674 4547 Latine
2709 4466 2930 4547 quidem
2970 4465 3309 4547 duracinum,
3339 4481 3462 4547 _n_on
3509 4467 3724 4519 domoi-

486 4541 682 4610 σικήν,
733 4537 981 4610 arborem
1025 4538 1664 4610 Persica_m_doraeinam
1722 4551 1828 4590 non
1867 4537 2048 4610 inveni

487 4604 626 4678 apud
656 4608 1056 4678 quamplurima
1084 4607 1272 4672 λεξικὰ
1293 4605 1479 4661 Graece
1497 4617 1867 4678 memoratam.
1890 4604 2048 4678 ΔΝοντι

484 4675 797 4746 igiturvox
845 4676 966 4729 erit.
1013 4678 1079 4746 Et
1125 4692 1440 4745 quanquam
1490 4675 1661 4728 Graeci
1705 4676 1804 4728 hac
1853 4675 2052 4746 plantae

484 4745 668 4816 specie
716 4760 992 4814 nunquam
1043 4745 1277 4799 fortasse
1322 4749 1649 4809 caruerint,
1691 4752 1875 4816 tamen
1922 4745 2049 4816 aliis

485 4812 764 4871 vocabulis
807 4812 925 4867 eam
976 4815 1367 4884 expresserim.
1416 4829 1640 4868 necesse
1673 4823 1773 4868 est.
1834 4812 2050 4884 Persica

485 4888 652 4956 igitur
682 4886 944 4940 duracina
995 4881 1145 4956 sunt,
1174 4902 1292 4953 qua:
1326 4885 1464 4956 dura
1495 4893 1623 4940 sunt
1669 4898 1858 4956 carne,
1908 4881 2048 4936 Plin.

485 4953 577 5011 lib.
617 4972 668 5019 v,
705 4971 826 5023 cap.
866 4957 949 5017 12,
973 4955 1136 5007 sicuti
1171 4970 1283 5007 uvae
1308 4954 1606 5017 duracinae,
1644 4969 1764 5023 qua:
1799 4953 1971 5014 ﬁrma,
1999 4961 2053 5007 et

483 5027 620 5079 dura
667 5033 796 5078 sunt
852 5025 1078 5085 cortice,
1124 5025 1204 5077 vel
1243 5025 1394 5078 dttris
1452 5024 1656 5086 acinis;
1704 5023 1900 5079 id.lih.
1939 5039 2050 5084 xw,

484 5112 603 5164 cap.
644 5100 694 5148 1.
727 5097 1008 5163 Augustus
1043 5110 1135 5147 cas
1162 5094 1404 5164 maxime
1444 5095 1761 5164 appetebat;
1799 5095 2053 5164 vesceba-

486 5161 685 5233 turque
725 5161 977 5233 vcl‘diim
1015 5163 1212 5217 essedo
1237 5163 1545 5233 veheretur.
1581 5161 1752 5216 Verba
1776 5162 1919 5216 enim
1960 5163 2054 5233 ip—

487 5231 608 5286 sius
633 5234 684 5285 in
737 5235 856 5296 eius
895 5231 1156 5300 Epistolis
1203 5241 1370 5291 sunt:
1408 5231 1549 5283 Dant
1587 5233 1766 5284 lectica
1802 5245 1865 5283 ea:
1908 5232 2054 5300 regia

484 5306 698 5354 (Ionium
728 5304 900 5364 redeo,
933 5303 1084 5368 panis
1109 5303 1315 5353 unciam
1353 5317 1468 5352 cum
1515 5304 1696 5369 paucis
1745 5301 1909 5353 acinis
1945 5317 2054 5354 uva:

487 5373 757 5424 uni-acina:
805 5370 1025 5441 comedi.
1068 5373 1294 5424 Sueton.
1334 5371 1470 5439 Aug.
1500 5373 1569 5424 rit
1606 5389 1726 5441 cap.
1769 5371 1855 5424 76.
1889 5369 2056 5424 ﬂecte

489 5456 617 5493 \(Tl'O
660 5441 782 5507 ejus
830 5440 1046 5509 generis
1076 5441 1340 5494 arborem
1375 5440 1706 5510 durat-inani
1764 5442 2055 5510 appellavit

447 5533 451 5538 τ
487 5510 824 5578 Gregorius;
859 5518 913 5562 et
947 5509 1150 5578 optime
1190 5510 1298 5563 dici
1336 5509 1387 5563 id
1430 5519 1606 5578 potest
1635 5509 1925 5565 Grzece’ob
1955 5511 2056 5563 du-

491 5577 666 5633 ritiem
731 5577 998 5644 Quoniam
1047 5577 1234 5649 δούρον
1278 5588 1362 5632 est
1417 5577 1653 5649 lignum;
1690 5584 1834 5634 unde
1863 5583 2056 5648 ἐτυμο-

488 5649 673 5716 λογίαν
710 5649 876 5703 habet
910 5649 1075 5700 durus
1109 5646 1317 5701 Latine.
1345 5646 1527 5714 Quare
1550 5652 1669 5704 vide
1702 5669 1766 5704 ne
1795 5646 2054 5703 duraciua

492 5721 636 5774 dicta
673 5719 763 5786 sit,
794 5729 848 5775 et
895 5733 1002 5773 non
1045 5716 1324 5783 doracina,
1358 5720 1524 5774 veluti
1559 5730 1640 5775 est
1681 5722 1735 5774 in
1780 5721 1991 5788 codice,
2027 5737 2056 5774 a

2155 4535 2289 4593 num’
2314 4535 2590 4590 dixerunt.
2624 4535 3009 4590 Animadverte
3042 4547 3221 4590 autem
3253 4538 3306 4590 in
3339 4537 3423 4590 his
3457 4551 3726 4589 enarran-

2155 4610 2259 4671 dis,
2291 4607 2516 4660 arbores
2545 4621 2572 4658 a
2601 4605 2850 4676 Nysseno
2881 4606 3205 4674 signiﬁcari.
3237 4623 3345 4659 non
3385 4605 3631 4676 fructus:
3666 4607 3724 4661 in

2153 4677 2441 4733 arboribus
2482 4674 2662 4742 enim,
2695 4692 2805 4731 non
2847 4677 2902 4730 in
2954 4676 3084 4740 illis,
3133 4677 3424 4732 insitioucs
3471 4674 3724 4730 efﬁciun-

2155 4759 2264 4803 ιυΐ.

2225 4818 2300 4886 (6)
2322 4816 2579 4886 Δρόμου,
2598 4815 2779 4870 Calles
2803 4814 2966 4884 igitur
2988 4815 3300 4886 hortorum,
3325 4814 3721 4886 pomariorum,

2154 4882 2338 4941 ltalice
2375 4886 2522 4946 viali.
2545 4885 2732 4940 Graece
2759 4882 3032 4938 curricula
3056 4882 3351 4946 dicuntur;
3381 4899 3503 4951 qua:
3541 4882 3725 4937 ltaliee

2155 4957 2330 5020 corsi;
2357 4957 2482 5009 item
2514 4956 2677 5008 etiam
2703 4955 2936 5008 σοι·νὶάοὶ
2965 4971 2983 5007 :
3012 4954 3204 5022 quales
3239 4953 3496 5022 majores.
3529 4962 3580 5007 ct
3605 4954 3724 5005 lon-

2155 5027 2336 5095 giores
2375 5025 2638 5095 porticus,
2672 5028 2901 5079 excelsae
2939 5027 3128 5086 etiam,
3169 5025 3468 5095 interdum,
3499 5023 3554 5076 in
3596 5040 3727 5076 non-

2156 5091 2326 5150 nullis
2360 5091 2568 5150 aedibus
2603 5095 2762 5149 modo
2795 5105 3206 5150 nuncupantur.
3234 5091 3370 5146 Nam
3404 5095 3723 5148 curriculus

2155 5175 2239 5221 cst
2267 5180 2468 5234 parvus
2501 5180 2731 5231 currus;
2762 5162 3145 5234 curriculum,
3169 5164 3348 5226 locus,
3378 5162 3433 5216 in
3469 5177 3578 5234 quo
3606 5178 3731 5234 cur-

2160 5231 2328 5299 ritur;
2357 5235 2436 5289 vel
2475 5235 2653 5304 ipsum
2701 5235 2959 5291 currendi
3001 5232 3288 5304 ofﬁcium;
3324 5240 3464 5304 teste
3490 5231 3724 5304 Charis.

2159 5307 2265 5359 Sed
2303 5301 2568 5358 incertum
2599 5303 2650 5358 id
2673 5313 2757 5359 est
2791 5324 2802 5358 :
2837 5304 3074 5359 maxime
3107 5305 3232 5368 quia
3274 5303 3326 5356 in
3362 5301 3613 5372 pluribus
3635 5318 3730 5372 rag

2158 5376 2314 5429 sibus
2363 5374 2602 5443 obliquis
2646 5374 2968 5443 diﬁerentia
2996 5375 3139 5442 apud
3183 5369 3438 5443 auctores
3473 5369 3723 5443 conspici

2159 5445 2366 5514 nequit.
2388 5441 2454 5495 Et
2478 5441 2702 5514 adverte
2728 5444 2815 5514 hic
2841 5441 3078 5504 τοιοῦτος
3113 5458 3211 5512 pro
3237 5441 3356 5507 hic;
3387 5442 3490 5514 nisi
3521 5441 3729 5514 sitpro

2158 5509 2432 5576 τοσόὖτος,
2459 5513 2776 5581 dignitatem
2805 5512 2908 5566 loci
2938 5509 3252 5581 expi'imens
3277 5528 3292 5577 ;
3325 5512 3470 5580 quod
3501 5509 3730 5563 difﬁcile
3797 5567 3802 5571 ,

2159 5585 2360 5637 dicenti
2390 5584 2711 5639 assentirer.
3767 5583 3809 5644 ’θ

2230 5653 2304 5722 (7i
2358 5652 2796 5720 ’Exnwpmtéwr
2847 5649 3042 5722 Legite,
3083 5649 3471 5722 ἐπῃωρημένη.
3522 5647 3725 5715 Script‘t

2161 5723 2376 5778 codices
2412 5723 2522 5777 iota
2559 5724 2868 5792 subscripta
2903 5730 2957 5775 ut
2995 5721 3288 5790 plurimum
3333 5726 3725 5790 aspernantur.
