4092 6368
344 335 484 394 1085

1524 333 1905 393 EPISTOL/E.
1944 339 2250 401 —EPlST.
2295 342 2434 400 XXI.

3462 361 3602 413 108ίῖ

348 450 679 520 προπύλαιον
708 451 807 519 τῆς
833 449 979 504 ἔνδον
1013 449 1241 520 τρυφῆς.
1275 447 1412 503 Κατ’
1443 450 1658 513 εὐθείας
1685 452 1793 522 γὰρ
1828 455 1923 506 επὶ

2048 455 2160 512 lens
2193 470 2333 523 erat,
2367 462 2647 532 profunda:
2680 464 2894 521 lacuna:
2915 480 2947 522 ο
2974 467 3148 524 multa
3179 467 3470 523 altitudine
3497 471 3601 522 im-

345 542 412 594 τὰ
439 540 587 601 ἐντὸς
623 535 768 601 οἶκός
795 555 879 602 τις
904 538 1002 608 τὴν
1029 537 1124 590 τοῦ
1156 535 1424 608 τριγώνου
1453 537 1721 606 προϐολὴν
1748 537 1919 590 διεδέ-

347 646 489 699 χετο.
521 628 722 699 ὑψηλὸς
748 627 840 681 τὸν
875 629 1091 698 ὄροφον,
1118 627 1451 697 πανταχόθεν
1487 629 1604 690 ταῖς
1637 625 1733 680 τοῦ
1766 626 1918 697 ἡλίου

346 721 528 773 ἀκτῖσι
550 719 1040 790 περιλαμπόμενος,
1061 720 1298 790 γραφαῖς
1321 718 1589 782 ποικίλαις
1606 717 1920 789 διηνθισμέ-

347 830 455 875 νος.
482 812 644 864 Ὢστε
667 812 814 882 ἡμᾶς
844 813 973 882 περὶ
1003 810 1092 864 τὸν
1114 811 1278 863 τόπον
1302 808 1491 863 τοῦτον
1521 809 1692 879 λήθην
1722 805 1920 880 μικροῦ

348 903 457 956 δεῖν
507 901 614 956 τῶν
662 901 1040 972 προλαϐόντων
1091 899 1440 971 ποιήσασθαι.
1499 900 1558 952 '0
1608 896 1754 962 o'xo;
1787 898 1923 969 πρὸς

351 993 540 1047 ἑαυτὸν
571 993 918 1046 ἐπεσπάσατο
942 1009 955 1021 ·
987 993 1021 1063 ἡ
1050 991 1181 1045 στοὰ
1207 991 1370 1045 πάλιν
1409 990 1500 1044 ἐπὶ
1529 990 1693 1061 λίμνῃ
1719 989 1846 1042 ἴδιόν
1871 1006 1925 1043 τι

352 1085 531 1154 θέαμα
553 1079 640 1155 ἦν.
670 1086 730 1137 Οἱ
756 1083 865 1154 γὰρ
893 1083 1155 1154 βέλτιστοι
1189 1081 1368 1154 ἰχθύες
1393 1081 1585 1153 ὥσπερ
1609 1081 1924 1150 ἐξεπίτηδες

351 1175 475 1240 τοὺς
528 1175 817 1246 χερσαίους
872 1175 1018 1245 ἡμᾶς
1050 1173 1443 1237 διαπαίζοντες,
1493 1175 1558 1226 ὲκ
1597 1173 1706 1226 τῶν
1751 1172 1925 1243 βυθῶν

353 1267 444 1319 ἐπὶ
487 1266 584 1337 τὴν
629 1265 950 1334 ἐπιφάνειαν
988 1266 1312 1336 ἀνενήχοντο
1333 1304 1352 1333 ,
1401 1261 1512 1320 οἷόν
1557 1282 1702 1328 τινες
1735 1265 1928 1336 πτηνοὶ

355 1359 449 1411 καὶ
478 1358 642 1411 αὐτοῦ
667 1357 758 1411 τοῦ
781 1356 942 1428 ἀέρος
967 1357 1459 1425 κατασκιρτῶντες.
1503 1357 1825 1427 Ἦμιφανεῖς
1850 1356 1925 1427 (8)

355 1450 464 1518 γὰρ
494 1448 795 1520 γινόμενοι,
839 1449 933 1502 καὶ
974 1445 1428 1510 διακυὸιστῶντες
1453 1447 1546 1500 τὸν
1578 1446 1736 1518 ἀέρα,
1766 1447 1929 1500 πάλιν

357 1543 436 1604 εἰς
466 1539 555 1593 τὸν
581 1539 736 1610 βυθὸν
762 1539 1098 1593 κατεδύοντο.
1134 1537 1316 1592 ’Δλλοι
1339 1538 1396 1591 δὲ
1419 1537 1541 1591 κατ’
1568 1536 1768 1606 ἀγέλας
1788 1555 1930 1592 στοι-

358 1633 518 1702 χηδὸν
547 1632 796 1703 ἀλλήλοις
828 1633 1084 1702 ἑπόμενοι
1103 1669 1120 1694 ,
1147 1630 1326 1700 θέαμα
1355 1632 1470 1693 τοῖς
1516 1629 1741 1700 ἀήθεσιν
1768 1624 1928 1700 ἦσαν.

357 1721 466 1780 Ἦν
494 1726 550 1780 δὲ
583 1725 710 1779 ίδείν
741 1723 968 1795 ἑτέρωθι
987 1722 1151 1794 ἄλλην
1179 1721 1377 1793 ίχθύων
1407 1721 1612 1793 ἀγέλην
1643 1722 1720 1793 (9)
1749 1721 1934 1793 βοτρυ-

2023 545 2265 614 pendcns
2288 591 2303 615 ,
2337 551 2799 623 proluebaturque
2828 570 2992 627 aqua,
3028 572 3150 626 qua:
3182 557 3392 611 circum
3432 560 3599 627 porti—

2021 650 2171 700 cum,
2204 640 2446 708 crepida,
2479 643 2802 713 triangulari
2845 647 3021 716 ligura
3051 662 3435 719 consurgens;
3486 648 3600 702 vel-

2024 727 2102 781 uti
2160 728 2434 798 quoddam
2480 733 2812 788 vestibulum
2871 735 3198 792 interiorum
3252 739 3596 795 deliciarum.

2023 816 2192 873 Recta
2207 819 2352 875 enim
2379 821 2447 875 ad
2463 821 2750 880 interiores
2771 835 2954 894 partes
2977 825 3224 897 quaedam
3251 829 3397 885 aedes
3427 831 3602 884 trian-

2024 909 2136 978 guli
2172 912 2592 979 prominentiam
2611 915 2988 985 suscipiebant
3010 934 3024 982 ;
3049 933 3172 988 qua:
3190 921 3442 985 excelsae,
3464 923 3605 976 solis

2025 997 2252 1067 spiculis
2284 1001 2431 1056 circa
2463 1009 2666 1058 tectum
2693 1005 3052 1076 undecunque
3085 1009 3400 1075 micabant,
3427 1014 3603 1069 variis

2026 1089 2255 1157 pitturis
2281 1090 2629 1162 cl‘llorentes;
2654 1096 2730 1148 ita
2757 1105 2818 1152 ut
2842 1098 2992 1152 circa
3018 1099 3167 1155 hunc
3197 1102 3375 1156 locum
3410 1119 3602 1172 parum

2027 1176 2286 1242 abfuerit,
2336 1180 2475 1249 quin
2517 1183 2852 1240 oblivionem
2904 1196 3303 1260 praecepturum
3350 1193 3605 1262 volupta-

2029 1276 2142 1321 tum
2177 1283 2279 1324 nos
2311 1268 2642 1329 faceremus.
2678 1273 2884 1331 Domus
2915 1278 2980 1332 ad
3019 1294 3079 1335 se
3108 1279 3283 1350 ipsam
3329 1283 3602 1339 trahebat.

2027 1352 2281 1412 Porticus
2322 1373 2518 1415 rursus
2552 1360 2608 1416 in
2654 1377 2758 1418 suo
2788 1372 2987 1436 stagno
3019 1369 3296 1438 peculiare
3327 1372 3604 1442 quoddam

2027 1452 2145 1500 erat
2159 1449 2552 1517 spectaculum.
2571 1451 2773 1524 Optimi
2799 1457 2946 1512 enim
2973 1457 3155 1527 pisces
3177 1461 3361 1516 studio
3387 1463 3606 1518 interra

2032 1537 2236 1604 positos
2256 1554 2354 1595 nos
2369 1539 2737 1609 ludiﬁcantes,
2757 1561 2824 1601 ex
2848 1546 3020 1602 fundo
3037 1548 3105 1604 ad
3117 1551 3608 1620 superﬁciemena-

2030 1628 2221 1682 tabant
2240 1673 2255 1697 ,
2283 1633 2439 1701 quasi
2468 1633 2692 1703 quidam
2725 1639 3001 1704 volucres,
3027 1639 3122 1710 qui
3163 1649 3218 1696 et
3253 1641 3365 1696 illic
3395 1642 3450 1696 in
3480 1639 3612 1700 acre.

2029 1719 2406 1787 cxsultarent;
2435 1721 2664 1780 dimidia
2711 1734 2894 1782 autem
2941 1740 3096 1798 parte
3123 1730 3406 1802 conspicui
3457 1731 3606 1798 facti,

359 1815 447 1868 δὸν
483 1815 612 1884 περὶ
655 1814 858 1885 τρύφος
893 1815 1057 1885 ἄρτου
1096 1813 1584 1884 πεπυκνωμένους,
1632 1814 1728 1866 καὶ
1771 1813 1928 1868 ἄλλον

2048 1824 2236 1879 ierque
2279 1825 2389 1866 aera
2441 1812 2494 1868 in
2519 1823 2683 1885 caput
2716 1816 3066 1884 saltitantes,
3120 1834 3316 1876 rursus
3373 1820 3611 1892 gurgitis

361 1909 452 1960 ὑπ’
481 1907 638 1960 ἄλλου
665 1906 1121 1978 παρωθουμένους
1138 1948 1154 1974 ,
1189 1907 1284 1960 καὶ
1311 1906 1500 1976 ἕτερον
1542 1904 1930 1975 ὲφαλλόμενον,

362 2000 454 2056 καὶ
481 1998 638 2052 ἄλλον
660 1997 1037 2068 ὑποδυόμενον.
1078 1997 1240 2052 Ἀλλὰ
1273 1997 1367 2051 καὶ
1398 1996 1608 2050 τούτων’
1638 1996 1810 2050 ἐποίει
1832 1996 1930 2068 λή-

361 2087 460 2157 θην
487 2089 544 2139 ὲν
577 2086 891 2157 κληματίσι,
916 2088 1012 2144 ,καὶ
1033 2087 1286 2160 ταλάροις
1318 2090 1346 2142 ὁ
1375 2087 1569 2157 βότρυς
1596 2089 1729 2157 ἡμῖν
1756 2087 1934 2141 είσκο-

365 2174 672 2245 μιζόμενος,
704 2177 796 2230 καὶ
827 2179 860 2247 ή
893 2179 1111 2248 ποικίλη
1137 2178 1236 2250 τῆς
1259 2177 1480 2248 ὀπώρας
1509 2176 1814 2247 φιλοτιμία,
1837 2177 1933 2231 καὶ

360 2268 394 2334 ὴ
425 2264 517 2318 τοῦ
559 2265 781 2336 ἀρίστου
817 2265 1140 2336 παρασκευὴ
1162 2306 1176 2327 ,
1212 2265 1307 2319 καὶ
1329 2263 1400 2318 τὰ
1445 2263 1665 2317 ποικίλα
1702 2262 1808 2332 ὄψα
1839 2263 1932 2316 καὶ

364 2360 649 2428 καρυκεῖαι
695 2358 791 2411 καὶ
842 2356 1128 2428 πέμματα,
1177 2357 1272 2410 καὶ
1313 2355 1622 2425 φιλοτησίαι
1676 2355 1786 2424 (i0)
1840 2354 1934 2410 καὶ

365 2443 600 2507 κύλικες.
649 2444 798 2496 Ἐπεὶ
835 2441 928 2497 οὖν
963 2445 1066 2514 ἤδη
1108 2445 1249 2498 κατὰ
1293 2445 1384 2496 τὸν
1414 2443 1571 2514 κόρον
1604 2443 1740 2513 πρὸς
1768 2442 1932 2496 ὕπνον

366 2535 782 2605 κατεφερόμην,
853 2534 1345 2605 παραστησάμενος
1400 2535 1491 2587 τὸν
1548 2533 1932 2603 ὑπογράφοντα

365 2624 585 2696 ταύτην,
621 2624 712 2678 σοῦ
740 2627 804 2696 τῇ
837 2624 1104 2694 λογιότητι
1127 2624 1376 2694 καθάπερ
1404 2625 1653 2678 ἐνύπνιον
1685 2625 1782 2696 τὴν
1816 2627 1936 2677 ὲπι-

367 2717 557 2786 στολὴν
598 2716 941 2787 ἁπελήρησα.
983 2717 1225 2787 Εὖχομαι
1265 2717 1322 2769 δὲ
1357 2717 1433 2786 μὴ
1477 2716 1565 2770 διὰ
1612 2717 1814 2785 χάρτου
1844 2715 1938 2768 καὶ

373 2807 619 2875 μέλανος,
653 2806 786 2859 ἀλλὰ
824 2807 892 2860 δι’
919 2807 1090 2876 αὐτῆς
1121 2806 1222 2875 τῆς
1256 2803 1493 2875 ἐμαυτοῦ
1524 2806 1705 2874 φωνῆς
1744 2820 1803 2855 τε
1844 2803 1938 2856 καὶ

369 2895 610 2965 γλώττης
646 2895 714 2948 τὰ
754 2895 905 2966 παρὰ
943 2896 1025 2948 σοὶ
1069 2895 1208 2948 καλᾶ
1242 2895 1385 2961 (Η),
1419 2893 1500 2946 σοί
1537 2911 1598 2946 τε
1643 2892 1792 2963 αὐτῷ
1843 2892 1937 2945 καὶ

369 2989 479 3048 τοῖς
499 2985 750 3053 ἀγαπῶσι
778 3003 835 3038 σε
863 2986 952 3040 διὰ
973 2986 1170 3049 παντὸς
1192 2983 1513 3054 διηγεῖσθαι.

2037 1903 2205 1955 altum
2247 1903 2526 1959 subibant.
2559 1906 2664 1961 Alii
2701 1917 2884 1962 autem
2914 1910 3182 1980 gregatim
3238 1911 3433 1967 ordine
3468 1912 3612 1969 alios

2036 1993 2389 2062 insequentes
2447 1996 2586 2050 mira
2650 1998 2920 2067 spectatio
2991 2009 3149 2054 erant
3198 1999 3363 2057 nobis
3417 2001 3608 2056 talium

2038 2078 2291 2148 insuetis.
2321 2081 2560 2138 Cernere
2586 2099 2717 2139 vero
2748 2093 2868 2140 erat
2897 2087 3027 2142 alibi
3051 2088 3215 2142 alium
3233 2089 3465 2158 piscium
3488 2105 3613 2160 grc—

2039 2185 2183 2242 gcm,
2209 2174 2528 2228 racematim
2555 2175 2623 2230 ad
2652 2177 2810 2246 panis
2837 2177 3072 2234 frustum
3104 2179 3497 2236 condensatum
3517 2197 3533 2249 ;
3555 2187 3614 2236 et

2039 2262 2228 2329 alium,
2251 2264 2343 2333 qui
2375 2266 2800 2336 propulsabatur
2818 2269 2886 2324 ab
2915 2270 3060 2335 alio;
3088 2271 3323 2327 alterum
3356 2286 3490 2327 vero
3519 2286 3616 2325 su-

2038 2364 2135 2422 pra
2169 2353 2523 2422 insilientem,
2569 2357 2720 2414 illum
2764 2368 2945 2415 autem
2995 2362 3462 2418 succumbentem.
3504 2360 3613 2416 Sed

2037 2450 2091 2497 ct
2123 2443 2315 2498 horum
2335 2446 2664 2505 oblivionem
2685 2449 2868 2523 eﬂecit
2893 2453 2946 2506 in
2975 2452 3313 2523 palmitibus,
3345 2463 3401 2509 et
3428 2453 3616 2526 qualis

2038 2536 2343 2601 uvanobis
2383 2536 2700 2609 importata,
2753 2543 3014 2613 variaque
3051 2545 3300 2600 autumni
3353 2543 3614 2610 ambitio;

2040 2625 2366 2694 prandiique
2392 2631 2673 2698 apparatio
2693 2673 2709 2693 ,
2737 2641 2792 2686 et
2819 2632 3024 2690 diversi
3053 2635 3273 2705 generis
3291 2634 3537 2699 obsonia,
3559 2644 3616 2688 tt

2042 2715 2286 2768 ciborum
2318 2719 2688 2782 condimenta,
2723 2732 2777 2776 et
2810 2723 3056 2785 bellaria,
3092 2737 3144 2780 et
3175 2727 3614 2796 propinationes.

2042 2814 2096 2858 et
2119 2804 2342 2861 calices.
2389 2806 2488 2862 Ubi
2524 2809 2690 2880 igitur
2717 2821 2840 2882 post
2872 2815 3218 2870 saturitatem
3252 2815 3364 2882 jam
3391 2817 3457 2869 ad
3487 2816 3616 2868 dor-

2043 2897 2322 2953 miendum
2362 2898 2578 2956 delatus
2605 2917 2764 2971 sum,
2801 2922 2886 2960 me
2915 2907 3163 2975 cpistola:
3204 2908 3369 2977 hujus
3401 2908 3616 2963 descri-

2043 2994 2255 3055 ptorem
2290 2990 2546 3057 praestiti,
2599 3001 2654 3046 et
2696 2995 2852 3063 quasi
2905 2996 3278 3064 insomnium,
3327 2999 3616 3068 epistolam

370 3079 693 3148 eloquentia:
750 3087 854 3132 tuze
908 3086 1147 3148 nttgatus
1201 3092 1345 3131 sum.
1396 3075 1596 3130 Precor
1629 3082 1834 3137 autem,
1879 3081 1938 3127 ιιι
1992 3091 2103 3130 ιιοιι
2159 3094 2254 3147 per
2277 3080 2607 3137 ehartamct
2653 3094 3044 3151 atramentum,
3087 3103 3275 3143 verum
3315 3105 3412 3159 per
3440 3089 3616 3158 ipsam

374 3178 570 3224 memet
611 3170 785 3239 ipsius
829 3185 1014 3225 vocem
1043 3179 1099 3223 et
1128 3169 1391 3236 linguam,
1426 3183 1546 3236 quae
1585 3166 1728 3235 apud
1761 3172 1814 3220 te
1853 3166 1990 3223 adeo
2020 3169 2252 3240 pulchra
2277 3181 2410 3226 sunt
2453 3181 2561 3228 tam
2607 3175 2686 3230 tui
2752 3177 2950 3248 ipsius,
2989 3194 3152 3249 quam
3202 3180 3280 3235 tui
3313 3181 3619 3236 amantium

374 3261 684 3327 commmlo,
721 3261 926 3332 possim
972 3258 1326 3314 enarratione
1369 3256 1592 3312 omnino
1622 3270 1930 3312 recensere.

901 3495 1244 3551 ΕΠΙΣΤΟΛΗ
1291 3499 1422 3553 KA'.

2503 3492 2837 3551 EPISTOLA
2875 3493 2993 3548 xxn
3030 3494 3165 3565 (ιδ).

380 3627 660 3681 Ablabium
722 3632 1036 3691 antistitem,
1089 3632 1239 3698 cujus
1299 3648 1403 3684 non
1453 3630 1611 3684 nimis
1657 3627 1920 3683 emendati

2050 3644 2150 3690 res,
2177 3638 2234 3682 ut
2279 3629 2520 3682 rectioris
2577 3630 2698 3683 vita:
2746 3630 3002 3682 rationem
3030 3640 3281 3698 sequatur
3319 3630 3390 3682 ad
3431 3643 3608 3682 mmo-

455 3715 560 3751 rcm
597 3699 800 3770 frugem
831 3719 886 3756 se
924 3703 1199 3770 recipiens,
1235 3701 1482 3753 hortatur
1509 3741 1523 3766 ,
1569 3699 1994 3753 moderatissima
2032 3700 2457 3763 commonitione,
2479 3708 2526 3752 et
2551 3700 2683 3753 scito
2711 3699 2938 3768 artiﬁcio
2973 3716 3121 3753 usus.

851 3839 1127 3907 Ἄϐλαϐίῳ
1168 3840 1497 3906 ἐπισκόπῳ.

455 3928 630 3997 Τέχνη
670 3928 754 3991 τίς
806 3929 922 3980 ὲστι
971 3927 1309 4000 περιστερῶν
1357 3925 1653 3998 θηρευτικὴ
1709 3925 1952 3993 τοιαύτη·

387 4019 555 4070 Ὅταν
586 4021 684 4088 τῆς
729 4019 858 4088 μιᾶς
905 4021 1192 4088 ἐγκρατεῖς
1242 4019 1504 4087 γένωνται
1536 4018 1587 4068 oi
1629 4015 1699 4068 τὰ
1735 4015 1956 4069 τοιαῦτα

389 4109 809 4174 σπουδάζοντες,
864 4111 955 4164 καὶ
1011 4110 1266 4181 χειροήθη
1323 4109 1490 4181 αὐτὴν
1550 4109 1645 4161 καὶ
1697 4109 1957 4179 ὁμότιμον

388 4201 808 4270 ἀπεργάσωνται
835 4202 970 4272 (12),
1003 4202 1123 4255 τότε
1161 4202 1317 4272 μύρῳ
1353 4202 1452 4266 τὰς
1485 4201 1761 4273 πτέρυγας
1789 4201 1959 4269 αὐτῆς

464 4357 538 4420 (8)
583 4357 944 4425 Ἶζμιερανεῖς.
965 4356 1111 4411 Licet
1132 4359 1310 4412 adsint
1337 4359 1632 4426 composita
1667 4357 1834 4411 multa
1861 4372 1963 4410 no-

395 4429 537 4478 mina
574 4442 601 4478 a
635 4426 956 4496 φανὴςητοῡ
981 4429 1199 4494 φανέος·
1237 4428 1379 4496 quod
1416 4427 1593 4494 ipsum
1640 4438 1816 4480 tamen
1854 4443 1962 4481 non

383 4506 476 4549 est
517 4497 567 4547 in
605 4495 799 4562 priscis
829 4495 1033 4552 Graecis
1094 4495 1491 4564 scriptoribus;
1551 4506 1787 4550 attatnen
1862 4496 1962 4549 hoc

394 4565 675 4634 ἡμιξαλιὴς
703 4566 756 4617 in
790 4565 897 4620 illis
927 4582 1031 4620 non
1065 4563 1360 4620 invenitur.
1396 4563 1536 4622 Idem
1571 4564 1862 4619 dicendum
1895 4566 1964 4620 dc

395 4635 780 4706 διακυὸιστᾲω.
804 4645 856 4687 et
876 4636 1254 4706 κατασκιρτάω
1270 4678 1282 4700 ,
1302 4651 1422 4706 qua!
1444 4637 1496 4690 in
1526 4636 1659 4704 ipsis
1684 4650 1788 4686 non
1809 4643 1958 4706 sunt,

399 4716 543 4776 recte
573 4703 789 4770 quidem
813 4703 1122 4776 κυϐιστάωζ
1147 4713 1201 4760 ct
1233 4703 1488 4776 σκιρτάω.
1545 4703 1613 4759 At
1641 4719 1767 4758 vero
1792 4703 1960 4774 signi-

403 4773 682 4826 licationes
718 4787 827 4826 non
863 4775 1096 4828 variant.

472 4843 548 4911 (9)
594 4841 804 4908 Ἀγέλη
837 4844 979 4897 enim
1005 4853 1089 4897 est
1118 4845 1438 4899 vocabulum
1477 4844 1845 4899 multitudinis
1867 4885 1882 4908 ,
1913 4851 1964 4898 ct

400 4911 556 4964 ἄλλον
591 4911 682 4963 ὑπ’
714 4912 872 4965 ἄλλου
913 4921 997 4968 est
1057 4914 1167 4968 fere
1211 4915 1298 4968 hic
1363 4917 1482 4969 loco
1522 4915 1761 4969 adverbii
1793 4931 1805 4942 '
1869 4928 1964 4968 seu

402 4995 502 5049 pro
530 4981 814 5048 ἀλλήλους.

473 5051 584 5122 (10)
610 5051 977 5117 φιλοτησίαι,
1002 5050 1090 5105 Est
1117 5052 1357 5120 profecto
1375 5053 1681 5122 propinatio
1712 5060 1835 5122 post
1860 5065 1972 5106 etn-

405 5135 528 5191 na_m
565 5122 950 5191 botrievolcntiai
978 5136 1142 5191 ergo;
1174 5130 1226 5174 ιιι
1258 5125 1504 5176 invitatio
1547 5125 1610 5177 ad
1647 5122 1967 5191 potandum.

2579 3837 2802 3890 Ablabio
2843 3837 3106 3889 Aulislili.

2132 3931 2238 3984 Ars
2262 3929 2512 3997 qu:edam
2549 3935 2634 3981 est
2656 3928 3012 3996 auenpatoria
3046 3923 3448 3988 columbarum,
3478 3922 3626 3991 ejus?

2065 4017 2234 4071 modi.
2268 4015 2499 4081 Quando
2533 4029 2637 4067 una
2683 4015 2934 4068 columba
2974 4014 3128 4083 potiti
3157 4021 3284 4067 sunt
3319 4012 3410 4082 qui
3439 4011 3631 4080 hujus-

2065 4109 2208 4162 modi
2241 4107 2407 4161 rebus
2437 4105 2680 4170 student,
2726 4107 3009 4175 ipsamque
3046 4111 3385 4158 mansuetam
3427 4110 3483 4170 et
3524 4101 3632 4157 sibi

2063 4201 2328 4269 collegam
2356 4196 2649 4252 cll‘ecerunt
2673 4214 2690 4265 ;
2719 4205 2833 4251 tum
2860 4196 3037 4268 ipsam
3069 4196 3171 4250 alis
3205 4201 3486 4266 unguento
3510 4208 3636 4263 pet-

2071 4363 2172 4409 set.
2220 4353 2388 4408 Dubia
2440 4369 2529 4407 res
2563 4352 2822 4421 quidem:
2855 4361 3176 4420 argmnenta
3218 4351 3355 4404 satis
3393 4365 3500 4402 non
3541 4350 3636 4421 ad-

2070 4432 2197 4479 sunt
2230 4440 2349 4477 eam
2383 4417 3003 4492 dignoscendiﬂcrtum
3030 4437 3331 4490 verumque
3351 4427 3454 4483 est,
3479 4417 3639 4492 Adel-

2069 4495 2178 4564 phii
2209 4508 2375 4560 opera
2401 4489 2464 4547 ct'
2496 4492 2678 4546 studio
2713 4491 2880 4564 multa
2927 4493 2980 4544 in
3035 4492 3210 4547 hortis
3247 4489 3404 4545 ’l'acta
3437 4507 3448 4541 :
3481 4496 3540 4541 ut
3581 4489 3640 4542 in

2068 4562 2298 4633 epistola
2337 4578 2511 4633 supra,
2540 4562 2884 4633 enuntiatum
2917 4571 3024 4633 est.

2138 4633 2250 4701 (1‘2)
2269 4632 2373 4684 Καὶ
2404 4627 2685 4700 ὀμότιμον
2709 4629 3177 4701 ἀπ-εργάοῄωνται.
3201 4627 3640 4701 Elegantissima,

2066 4711 2119 4757 ct
2145 4697 2445 4770 praecipue
2486 4697 2714 4754 venusta
2759 4697 2988 4770 Nysseni
3016 4699 3345 4770 metaphora
3370 4735 3406 4770 ,ί
3433 4697 3641 4766 ingenii

2068 4767 2350 4841 plenasac
2373 4772 2512 4841 inter
2543 4769 2774 4822 eximias
2811 4767 3126 4841 Homericus
3149 4767 3328 4841 locum
3358 4767 3523 4841 digna
3559 4775 3638 4819 Ie-

2069 4835 2216 4895 hcre.
2248 4840 2474 4909 Nysseni
2507 4855 2670 4894 sensu
2703 4853 2807 4891 vox
2844 4837 3085 4909 adhibita
3119 4837 3362 4904 ejusdem
3396 4835 3642 4909 ministe-

2045 4912 2136 4964 ἰ’ἰί
2174 4907 2507 4963 iunctionem
2555 4915 2740 4960 notat:
2775 4908 3034 4976 ὁμότιμος
3075 4909 3219 4958 enim
3257 4907 3641 4976 estraethaIc-tn

2073 4981 2334 5033 honorem
2395 4995 2519 5031 cum
2576 4979 2683 5030 alio
2741 4974 2970 5039 habens,
3018 4976 3247 5036 honore,
3288 4975 3372 5028 vel
3416 4974 3643 5026 honoris

2071 5049 2386 5105 conditione
2400 5063 2643 5115 compar,
2670 5045 2897 5112 aequalis
2919 5045 3005 5115 εγοὶ
3030 5045 3281 5114 ὁμότιμοι
3311 5041 3642 5115 (homotitni)

2074 5127 2203 5172 sunt
2241 5121 2334 5185 qui
2377 5119 2445 5170 ab
2501 5112 2728 5185 honoris
2761 5112 3076 5185 aequalitate
3111 5112 3203 5185 ita‘
3228 5112 3643 5185 voc_antur.__Sic

405 5188 721 5258 φιλοτησίας
747 5189 1027 5270 προπίνειν
1041 5169 1352 5270 ιῘ)οίιιι)εῑίι.ε
1379 5193 1523 5260 quod
1551 5169 1938 5270 illllilc,_pOCllil

2076 5169 2341 5270 i’liilglph.
2383 5169 2524 5254 apud
2565 5169 2917 5270 Xenophont.
2947 5183 3101 5236 dicti.
3137 5183 3210 5235 Ita
3250 5183 3412 5270 etiam
3515 5181 3644 5235 Plu-

405 5274 669 5326 poscerc,
729 5260 1058 5327 φιλοτήσιος.
1130 5275 1216 5314 res
1282 5262 1534 5317 incitans.
1589 5261 1841 5315 illecebra
1901 5260 1970 5313 ad

406 5329 825 5400 propin:_unltnn,
859 5329 1163 5400 φιλοτήσιος
1205 5332 1416 5400 κρατήρ
1441 5349 1454 5361 ·
1493 5339 1548 5384 ct
1581 5332 1649 5382 τὰ
1691 5330 1972 5399 φιλοτήσια

406 5403 534 5449 sunt
572 5397 639 5448 τὰ
664 5397 1099 5451 συνουσιαστικά.

475 5465 586 5537 (ll)
647 5468 906 5537 'I‘c‘grmpc‘t
943 5469 1040 5521 σοὶ
1069 5467 1242 5530 καλά.
1305 5467 1414 5522 llac
1462 5469 1714 5537 laquendi
1762 5470 1972 5523 ratione

411 5533 660 5609 indicare
708 5533 990 5609 Nyssenus
1025 5540 1242 5592 videtur
1281 5539 1471 5593 hortos
1511 5533 1633 5593 esse
1683 5539 1966 5609 Adelphii;

409 5603 504 5655 scd
537 5620 600 5676 est
642 5607 873 5676 epistola
913 5606 1028 5673 ipsa
1056 5619 1110 5660 ct
1140 5609 1260 5676 ejus
1301 5609 1610 5666 sententiis.
1637 5618 1689 5661 ct
1717 5625 1780 5661 ex
1808 5603 1969 5660 modo

410 5688 519 5746 quo
542 5673 633 5746 illa
660 5674 949 5746 scribitur,
979 5677 1088 5729 imo
1144 5673 1212 5731 eo
1263 5681 1391 5745 quia
1423 5677 1690 5746 ejusmodi
1729 5678 1975 5731 narratio

413 5743 567 5812 longa
604 5742 822 5798 domino
842 5745 942 5797 loci
983 5761 1088 5798 non
1121 5742 1416 5814 tcaerctur,
1452 5742 1600 5803 credi
1624 5747 1677 5802 id
1714 5762 1822 5803 non
1853 5763 1976 5816 pos-

2079 5251 2268 5310 tareho
2289 5251 2591 5310 sena—tores.
2626 5251 2764 5306 Hinc
2791 5267 3135 5320 consequens
3153 5261 3256 5314 est,
3294 5259 3355 5305 ut
3384 5251 3646 5321 ὁμότιμος

2079 5328 2150 5380 sit
2173 5340 2393 5394 quoque
2424 5323 2732 5394 collegajn
2747 5319 2990 5394 munere
3011 5323 3284 5375 obeundo.
3311 5319 3489 5389 Atque
3517 5319 3648 5394 hinc

2077 5390 2329 5450 columba
2355 5390 2791 5448 eisdem‘ofﬁciis
2825 5392 3054 5460 fungens
3082 5408 3204 5445 cum
3236 5407 3486 5461 aucupc,_
3515 5390 3644 5444 dum

2079 5482 2207 5519 aves
2267 5462 2334 5516 ad
2388 5478 2448 5517 se
2507 5461 2824 5530 conscripto
2881 5461 3113 5530 artiticio
3159 5459 3490 5530 pellicitigei
3561 5464 3650 5510 est

2078 5535 2361 5606 ὁμότιμος.
2396 5527 2748 5606 Ιιοιῐιοιὶιιιοεῖ
2789 5529 3003 5606 Idcirco
3033 5527 3199 5606 igitur
3229 5532 3302 5606 ita
3330 5546 3361 5606 ρ
3397 5527 3649 5606 Nysscno

2081 5595 2436 5658 subtilissime
2464 5599 2569 5654 fuit
2595 5609 2930 5666 nuncupata.
2960 5595 3215 5654 Naiianz.
3247 5601 3303 5654 in
3323 5595 3475 5652 Orat.
3510 5595 3653 5649 dixit

2082 5675 2243 5728 etiam
2275 5672 2513 5740 ὁμότιμα
2540 5671 2639 5738 τὴν
2668 5669 2940 5740 ἀσέϐειαν.

2155 5742 2267 5813 (l3)
2303 5736 3021 5798 lterumcxveditionc1.8.
3055 5736 3372 5792 (.Iaraceioli.
