4092 6368
446 294 587 349 1687

1737 303 1796 358 S.
1843 303 2180 361 GREGORII
2221 306 2516 364 NYSSENI

3565 318 3710 375 1088

446 411 596 463 [imm
622 411 812 466 sinunt
832 428 960 468 cum
993 405 1136 478 aliis,
1174 431 1294 485 qna:
1331 416 1464 473 foris
1491 428 1617 474 sunt
1651 431 2015 492 congregatae.

2127 426 2512 500 ὐποχρίσαντες
2535 429 2672 501 (il),
2695 431 2827 484 ἐῶσι
2856 432 3328 501 συναγελασθῆναι
3341 434 3460 496 ταῖς
3482 433 3703 499 ἔξωθεν.

442 499 575 564 Quae
606 503 826 571 quidem
867 507 1132 577 unguenti
1177 508 1344 562 odore
1380 509 1574 564 harum
1611 526 1855 582 gregem,
1895 529 2022 582 tnta:

437 594 547 658 ja-m
580 598 662 647 sui
688 593 950 663 estjuris,
982 598 1221 652 cicurem
1253 615 1472 670 quoque
1504 600 1664 655 eﬂicit
1699 604 1747 656 ei
1779 605 1870 672 qui
1897 619 2019 662 eam

440 683 674 740 dimisit.
717 684 799 738 Ad
835 686 956 742 illas
989 689 1191 743 etenim
1225 705 1346 762 qua:
1391 691 1593 745 bonum
1634 694 1845 762 spirant
1880 697 2017 750 odo-

441 789 597 837 rem,
655 782 708 830 et
780 778 1005 846 reliqua:
1075 780 1392 852 immigrant
1455 783 1620 839 simul
1689 798 2014 855 prosecutae.

436 863 581 929 Quid
613 864 745 919 mihi
782 867 906 921 volo
935 868 1063 923 inde
1097 870 1397 939 prmlatus?
1432 871 1586 938 Quod
1618 889 1814 944 nempe
1841 875 2013 930 lilium

438 953 700 1009 Basilium
731 958 1124 1026 quondam.....
1158 961 1347 1018 divino
1379 975 1656 1035 unguento
1685 967 1880 1022 animae
1915 967 2016 1023 alis

433 1047 749 1102 delibutum
785 1051 851 1104 ad
879 1051 1162 1108 colendam
1197 1055 1560 1110 reverentiam
1591 1066 1739 1111 tuam
1777 1059 1922 1122 misi,
1957 1067 2016 1114 ut

439 1144 496 1192 et
519 1140 782 1208 cumipso
805 1141 857 1194 in
891 1141 1060 1195 altum
1095 1150 1151 1197 tu
1183 1145 1444 1202 convoles
1465 1189 1480 1211 ,
1513 1155 1569 1202 et
1597 1148 1784 1202 nidum
1818 1164 2015 1218 appre-

440 1225 673 1291 hendas,
709 1243 870 1296 quem
921 1229 1064 1298 apud
1107 1246 1210 1287 nos
1237 1231 1536 1302 praedictus
1573 1235 1676 1289 sibi
1719 1238 2014 1307 compegit.

439 1317 498 1370 Si
535 1317 650 1372 hac
687 1317 842 1382 ﬂant,
883 1329 938 1374 et
969 1320 1157 1377 videre
1199 1324 1430 1393 possim,
1473 1325 1601 1380 dum
1636 1327 1780 1389 vivo,
1813 1329 2012 1382 nobili-

438 1413 609 1460 tatem
647 1415 795 1462 tuam
845 1410 909 1464 ad
947 1411 1302 1467 excelsiorem
1335 1415 1500 1469 vitam
1550 1422 2012 1483 transmutatam;

439 1495 620 1551 debita
667 1514 697 1552 a
724 1514 808 1555 me
835 1501 1136 1571 gratiarum
1161 1505 1304 1558 actio
1334 1503 1649 1573 plenissime
1677 1505 1785 1560 Deo
1817 1507 2017 1577 poterit

438 1589 715 1654 praestari.

953 1811 1290 1870 EPISTOLA
1325 1813 1490 1870 XXII.

1038 1929 1400 1985 Antistitibns.

506 2018 637 2076 Dies
668 2027 779 2077 tres
803 2029 996 2084 erant,
1031 2035 1156 2091 qua
1185 2024 1506 2092 prophetam
1539 2039 1592 2078 In
1620 2031 1739 2079 cete
1767 2023 2016 2079 detinue-

438 2119 592 2166 runt.
635 2110 743 2167 Sed
781 2119 965 2167 tamen
1000 2111 1169 2169 Jonas
1201 2114 1363 2168 tmdio
1398 2114 1685 2169 confectus
1739 2113 1859 2168 fuit.
1907 2113 2017 2183 Ego

439 2217 574 2257 vero
605 2209 818 2258 tantum
850 2211 1069 2273 tempus
1103 2205 1158 2258 in
1193 2206 1279 2260 his
1312 2206 1388 2259 nil
1438 2221 1664 2275 prorsus
1700 2204 2017 2274 pteuitcnti-

442 2293 546 2348 bus
570 2291 863 2359 Ninivilis,
899 2296 1067 2350 veluti
1101 2297 1153 2350 in
1191 2297 1321 2351 fera:
1353 2297 1662 2351 visceribus
1697 2308 1888 2351 teneor
1912 2339 1927 2362 ,
1964 2305 2018 2352 et

441 2382 685 2436 nondum
717 2383 870 2452 potui
911 2385 980 2439 ab
1021 2385 1106 2440 his
1150 2387 1322 2442 vastis
1361 2386 1617 2440 faucibus
1657 2387 1856 2441 evomi.
1886 2384 2016 2440 Pre-

440 2487 536 2527 ces
565 2473 735 2543 igitur
763 2475 974 2530 fundite
999 2475 1108 2532 Deo
1127 2517 1142 2540 ,
1175 2485 1233 2531 ut
1262 2478 1435 2548 gratia
1469 2476 1814 2541 conﬁciatur,
1841 2485 1899 2529 ut
1925 2489 2017 2530 ve-

442 2563 557 2616 niat
605 2562 844 2618 edictum
895 2567 1039 2635 quod
1093 2582 1159 2622 ex
1210 2566 1526 2636 lmjusmoJi
1580 2567 1860 2636 pressibus
1915 2580 2015 2619 nos

438 2661 636 2721 eruat;
673 2664 729 2710 et
758 2673 936 2711 meum
971 2659 1382 2714 tabernaculum
1413 2673 1679 2728 assequar
1709 2672 1810 2727 ego
1829 2695 1845 2722 ,
1875 2667 1930 2711 ct
1961 2657 2016 2710 in

440 2745 563 2814 ipso
590 2746 955 2815 requiescam.

2027 2896 2100 2906 ⁸--

945 2987 1283 3043 EPISTOLA
1320 2985 1509 3042 XXlll.

893 3102 1026 3168 Qtta:
1057 3103 1171 3156 sine
1204 3102 1566 3170 inscriptione.

512 3188 691 3247 Pareo
728 3191 902 3246 multo
943 3193 1220 3259 sermoni,
1264 3194 1528 3263 quoniam
1574 3191 1687 3246 tuis
1731 3189 2018 3247 laboribus

441 3296 676 3352 parcere
721 3283 864 3338 volo.
926 3283 1400 3340 Commonel‘acito
1459 3300 1580 3355 quae
1624 3285 1692 3339 ad
1738 3292 1789 3339 te
1837 3285 2016 3355 ipsum

2132 517 2201 569 'H
2235 518 2294 572 δὲ
2337 518 2430 571 τοῦ
2465 519 2640 590 μύρου
2671 522 2740 591 τῇ
2778 520 2976 590 εὐωδίᾳ.
3025 520 3123 592 τὴν
3165 521 3463 591 αὐτόνομον
3500 525 3712 594 ταύτην

2119 606 2320 676 ἀγέλην
2361 607 2614 663 τιθασσὸν
2651 613 2886 663 ποιεῖται
2929 609 3008 680 τῷ
3059 611 3366 681 προεμένῳ.
3408 614 3552 682 Πρὸς
3594 615 3707 685 γὰρ

2117 699 2217 762 τὰς
2239 698 2470 764 εὔπνους
2489 701 2654 766 οὐσας
2701 703 2792 756 καὶ
2815 702 2872 756 ai
2895 700 3079 755 λοιπαὶ
3105 702 3498 770 συνεφέπονταί
3523 722 3580 758 τε
3607 706 3705 757 καὶ

2118 789 2519 852 είσοικίζονται.
2540 791 2604 844 Τί
2627 791 2948 864 βουλόμενος
2973 791 3224 846 ἐντεῦθεν
3250 794 3701 865 προοιμιάζομαις

2119 878 2242 933 Ὅτι
2272 883 2364 935 τὸν
2399 882 2512 935 υἱὸν
2539 883 2816 938 Βασίλειον
2862 885 2956 937 τόν
2984 901 3116 937 ποτε
3145 884 3413 953 διογὲν....
3457 885 3536 956 τῷ
3572 885 3704 956 θείῳ

2121 971 2278 1042 μύρῳ
2301 972 2398 1036 τὰς
2433 973 2534 1043 τῆς
2560 973 2738 1044 ψυχῆς
2773 973 3052 1045 πτέρυγας
3091 974 3376 1044 διαχρίσας
3415 975 3702 1046 ἐξέπεμψα

2118 1062 2254 1132 πρὸς
2299 1063 2398 1134 τὴν
2447 1064 2545 1134 σὴν
2581 1065 3040 1136 σεμνοπρέπειαν.
3092 1067 3256 1119 Ὥστε
3299 1065 3393 1119 καὶ
3435 1066 3494 1120 σὲ
3548 1065 3702 1136 αὐτῷ

2123 1154 2548 1224 συναναπιῆναι,
2574 1157 2669 1209 καὶ
2712 1154 3040 1210 καταλαϐεῖν
3073 1155 3173 1226 τὴν
3217 1154 3433 1219 καλιὰν,
3461 1154 3529 1227 ἦν
3569 1156 3702 1224 παρ’

2122 1246 2254 1316 ἡμῖν
2282 1247 2312 1299 ὁ
2335 1247 2734 1319 προειρημένος
2763 1246 3022 1316 ἐπήξατο.
3058 1247 3120 1300 Ei.
3142 1244 3316 1299 ταῦτα
3350 1246 3576 1312 γένοιτο,
3607 1246 3705 1298 καὶ

2123 1333 2287 1406 ἴδοιμι
2314 1337 2407 1389 ἐπὶ
2428 1337 2526 1407 τῆς
2546 1338 2686 1408 ἐμῆς
2709 1338 2855 1406 ζωῆς
2892 1335 2991 1406 τὴν
3017 1337 3114 1406 σὴν
3139 1335 3418 1404 εὐγένειαν
3448 1336 3581 1404 πρὸς
3609 1335 3704 1387 τὸν

2125 1424 2458 1497 ὑψηλότερον
2507 1427 2621 1497 βίον
2659 1427 3072 1498 μετατεθεῖσαν,
3115 1427 3212 1498 τὴν
3251 1427 3703 1498 χρεωστουμένην

2123 1515 2254 1588 παρ’
2287 1517 2420 1587 ἐμοῦ
2457 1516 2535 1588 τῷ
2565 1518 2683 1589 Θεῷ
2720 1519 3076 1591 εὐχαριστίαν
3109 1516 3593 1589 ἁποπληρώσαιμι.

2649 1824 2997 1878 ΕΠΙΣΤΟΛΗ
3035 1823 3163 1877 KB'.

2646 1935 2780 2002 Τοῖς
2806 1937 3183 2000 ἐπισκόποις.

2196 2026 2356 2096 Τρεῖς
2393 2019 2534 2096 ἦσαν
2568 2026 2768 2096 ἡμέραι
2803 2028 2856 2078 al
2889 2026 2980 2080 τὸν
3014 2025 3300 2096 προφήτην
3332 2023 3390 2075 ἐν
3421 2020 3498 2090 τῷ
3543 2021 3701 2090 κήτει

2128 2115 2471 2186 κατέχουσαι.
2509 2115 2648 2168 Ἀλλ’
2675 2116 2822 2186 ὅμως
2847 2117 2876 2169 ὁ
2912 2115 3094 2178 Ἰωνᾶς
3118 2113 3429 2184 ὴκηδίασεν.
3477 2109 3617 2178 Ἐγὼ
3641 2109 3704 2162 δὲ

2126 2206 2377 2259 τοσοῦτον
2399 2206 2587 2277 χρόνον
2613 2205 2721 2276 ἔχω
2744 2207 2802 2259 ὲν
2829 2208 2939 2270 τοῖς
2961 2206 3347 2277 ἀμετανοήτοις
3369 2204 3701 2264 Νινευῒταις,

2128 2298 2186 2351 ὲν
2209 2299 2320 2362 τοῖς
2340 2297 2664 2368 σπλάγχνοις
2687 2297 2780 2351 τοῦ
2804 2297 2993 2370 θηρίου
3016 2295 3401 2368 κρατούμενος·
3433 2294 3527 2346 καὶ
3547 2291 3704 2346 οὐπω

2125 2387 2455 2460 ὲξεμηθῆναι
2483 2389 2584 2459 τῆς
2611 2389 2844 2460 ἀχανοῦς
2873 2388 3078 2460 ταύτης
3104 2387 3382 2458 φάρυγγος
3407 2383 3702 2456 ἠδυνήθην.

2119 2478 2361 2542 Εὕξασθε
2392 2476 2486 2533 οῦν
2518 2479 2597 2552 τῷ
2629 2481 2816 2553 Κυρίῳ
2852 2479 3201 2550 τελειωθῆναι
3249 2477 3348 2547 τὴν
3380 2478 3561 2546 χάριν,
3611 2474 3704 2528 ἵνα

2118 2566 2248 2641 ἔλθῃ
2270 2567 2332 2620 τὸ
2365 2569 2694 2640 πρόσταγμα
2721 2569 2782 2622 τὸ
2801 2570 2898 2641 τῆς
2930 2567 3156 2638 συνοχῆς
3186 2565 3388 2636 ταύτης
3415 2564 3700 2635 ῥυόμενον,

2121 2658 2216 2711 καὶ
2253 2659 2544 2714 καταλάϐω
2584 2659 2681 2732 τὴν
2717 2660 2956 2731 ἐμαυτοῦ
2987 2658 3214 2730 σκηνὴν,
3261 2657 3355 2711 καὶ
3401 2655 3497 2708 ὐπ’
3531 2653 3702 2722 αὐτὴν

2121 2747 2546 2818 ἀναπαύσωμαι.

2639 2988 2984 3042 ΕΠΙΣΤΟΛΗ
3035 2989 3164 3044 KI".

2689 3103 3122 3173 Ἀνεπὶποαφος

2193 3192 2447 3264 Φείδομαι
2486 3192 2696 3247 πολλῶν
2722 3193 2915 3263 λόγων,
2951 3192 3138 3262 ἐπειδὴ
3167 3191 3419 3261 φείδομαι
3452 3189 3559 3242 τῶν
3586 3189 3701 3245 σῶν

2125 3285 2405 3355 καμάτων.
2451 3285 2860 3356 ’Υπομνήσθητι
2911 3283 3018 3337 τῶν
3074 3281 3334 3348 σεαυτοῦ,
3381 3282 3475 3336 καὶ
3522 3282 3701 3334 πάντα

445 3382 742 3445 spectant,
777 3385 832 3430 et
862 3376 1044 3429 omnia
1081 3375 1217 3430 bene
1261 3376 1541 3432 habebunt
1584 3376 1638 3430 in
1682 3377 1887 3431 illustri
1925 3392 2017 3445 po-

2124 3378 2232 3444 ἓξει
2260 3377 2338 3447 τῷ
2363 3376 2600 3447 φαιδίμῳ
2621 3377 2822 3440 καλῶς.
2852 3376 3063 3447 Τάχους
3087 3377 3242 3446 χρεία
3265 3377 3330 3445 τῇ
3356 3374 3557 3444 χάριτι.
3587 3373 3700 3426 Μέ-

443 3468 574 3522 sita.
610 3465 907 3521 Celeritate
940 3482 1081 3538 opus
1111 3477 1199 3524 est
1228 3469 1416 3540 gratiae
1461 3467 1828 3523 conferenda}.
1877 3467 2020 3524 llae-

443 3567 608 3614 tenus
634 3565 826 3614 nostra
861 3558 1192 3614 adhortatio.

964 3779 1300 3836 EPISTULA
1341 3781 1530 3836 XXIV.

449 3912 765 3975 Divinarum
803 3931 980 3970 rerum

2127 3486 2218 3540 χρι
2253 3467 2439 3521 τούτου
2473 3466 2629 3538 ἡμῶν
2660 3468 2697 3540 ἡ
2736 3466 3100 3538 παράκλησις.

2664 3777 2858 3831 ΕΠΙΣἸ
2871 3778 3008 3830 UA"
3046 3778 3135 3830 ΚΔ
3156 3816 3171 3830 .

1015 3917 1142 3985 ﬁdei
1176 3933 1438 3972 sermones
1476 3919 1641 3973 libero
1675 3935 1885 3984 animo,
1925 3930 1973 3974 et
2011 3930 2156 3974 recta
2193 3926 2361 3972 mente
2397 3923 2635 3984 exceptos
2688 3924 2873 3984 aperta
2913 3913 3262 3985 intelligentia
3309 3928 3409 3985 non
3459 3923 3700 3968 carentes

524 3987 798 4056 prwfatur.
839 3984 963 4040 Rem
1003 3982 1465 4062 Christianam“
1502 3989 1700 4042 duobus
1739 3982 1977 4062 constare
2015 3990 2258 4043 docuisse
2297 3982 2569 4041 Christum
2596 4027 2609 4050 ,
2653 3982 2815 4038 tradit
2857 3999 2876 4036 :
2917 4000 2980 4062 ea:
3028 3982 3289 4062 doctrina
3331 3982 3655 4062 decretorum
3681 4023 3700 4048 ,

523 4064 574 4108 et
607 4053 672 4108 ea:
709 4067 858 4128 parte
890 4057 1127 4128 morali:
1165 4058 1380 4128 lmmani
1417 4069 1594 4112 autem
1631 4063 1829 4128 generis
1867 4061 2066 4113 hostem
2106 4064 2279 4126 prima
2317 4065 2468 4124 parte
2505 4071 2622 4128 qna:
2659 4055 3020 4128 praestantior,
3062 4053 3231 4119 magis
3255 4053 3516 4128 impetere
3552 4069 3646 4105 nos
3677 4093 3696 4116 ,

524 4135 583 4199 tu
607 4126 962 4199 pericnlosior
999 4136 1049 4199 et
1086 4127 1315 4180 validior
1353 4129 1450 4192 ﬁat
1489 4123 1777 4198 aggréssio.
1823 4129 1950 4182 Tres
1989 4123 2361 4182 subsistentias
2399 4123 2524 4178 esse
2548 4126 2603 4178 in
2643 4125 2820 4199 divina
2863 4123 3120 4199 Trinitate
3155 4136 3211 4199 re
3247 4124 3362 4190 ipsa
3402 4138 3516 4199 non
3540 4137 3700 4199 rora-

525 4191 664 4248 bulis
703 4197 875 4249 solum
908 4196 1226 4261 distinctas,
1267 4191 1724 4261 ostenditf'nnam
1765 4215 1885 4252 vero
1941 4210 2225 4258 naturam,
2276 4211 2562 4263 earumque
2613 4195 2958 4260 proprietates
3015 4191 3274 4259 principes
3331 4194 3563 4258 exponit.
3625 4191 3697 4244 In

523 4276 722 4336 natura
767 4265 861 4319 Dei
901 4275 1102 4330 monet,
1143 4268 1267 4335 quia
1305 4284 1406 4320 non
1446 4268 1798 4336 prrceptibilis
1839 4270 1950 4334 ipsa
1980 4310 1994 4330 ,
2034 4286 2125 4322 nec
2164 4269 2305 4320 dicto
2343 4264 2689 4333 exponenda,
2731 4263 2934 4336 nullam
2969 4263 3136 4336 inesse
3175 4264 3558 4336 separationem
3597 4272 3695 4313 ant

517 4335 921 4402 lli/ferentium;
959 4329 1095 4389 bene
1121 4329 1296 4389 tamen
1331 4329 1468 4394 Itas'.
1501 4347 1552 4390 et
1591 4329 1830 4391 ordinem
1858 4329 2052 4392 adesse
2087 4340 2142 4392 in
2199 4329 2435 4405 personis
2496 4337 2612 4388 sine
2655 4335 2996 4405 contnsione.
3037 4329 3266 4405 _Dictain

3325 4332 3480 4400 ﬁdem
3537 4347 3697 4384 sacro

522 4401 732 4476 lanacro
770 4422 1054 4476 consonam
1085 4423 1202 4476 esse
1240 4417 1476 4473 oportere
1513 4410 1733 4461 edocet:
1769 4401 2314 4476 existimationeniqne
2353 4413 2609 4476 nostrain
2630 4403 2694 4456 de
2731 4402 2886 4476 huius
2913 4402 3047 4476 ﬁdei
3085 4405 3236 4476 rebus
3275 4417 3392 4454 cum
3433 4401 3536 4476 ﬁde
3577 4402 3695 4466 ipsa

521 4475 650 4525 dicit
694 4477 895 4544 (unam
933 4474 998 4527 ab
1038 4475 1209 4528 altera
1246 4467 1570 4544 distinguens
1599 4485 1650 4541 t,
1692 4493 1976 4545 congruere
2031 4479 2157 4532 bene
2212 4467 2363 4544 posse
2420 4483 2470 4528 et
2525 4473 2728 4528 debere.
2789 4467 3020 4541 Denique
3071 4467 3282 4526 divinas
3338 4467 3694 4539 proprietates

516 4553 844 4607 enumerat,
887 4545 1116 4612 wquales
1151 4561 1374 4613 prorsus
1411 4548 1635 4616 singulis
1675 4563 2020 4613 personarum
2057 4565 2146 4602 eas
2182 4547 2576 4601 demonstrans.

929 4680 978 4734 11
985 4681 1252 4736 eracliano
1283 4683 1546 4738 ltwretico.

515 4773 775 4829 Salubris
804 4772 928 4828 ﬁdei
968 4787 1154 4828 sermo
1185 4771 1331 4843 apud
1367 4788 1466 4828 eos
1487 4813 1502 4837 ,
1539 4774 1633 4844 qui
1668 4781 1820 4829 recto
1851 4787 2020 4829 sensu

448 4884 479 4923 a
513 4867 703 4922 divino
735 4866 938 4938 spiritu
970 4864 1219 4936 proditas
1248 4879 1412 4921 voces
1433 4868 1488 4920 in
1519 4865 1873 4936 simplicitate
1901 4880 2022 4920 sus-

447 4958 700 5029 cipiunt,
739 4957 848 5010 vim
877 4956 1099 5027 quidem
1131 4956 1295 5011 habet
1322 4973 1337 5022 ;
1378 4957 1638 5027 nullaque
1664 4956 1872 5026 indiget
1902 4971 2022 5010 ora-

447 5050 620 5104 tionis
658 5047 1058 5117 intelligentia,
1108 5054 1170 5101 ut
1213 5047 1336 5117 ejus
1386 5049 1588 5104 veritas
1636 5046 2022 5123 conﬁrmetur;

454 5159 580 5198 cum
619 5140 1140 5211 comprehensibilis
1182 5156 1241 5196 se
1287 5140 1411 5212 ipso
1445 5143 1548 5203 sit,
1583 5140 2024 5210 manifestusque

446 5250 510 5290 es
547 5233 726 5304 prima
759 5233 882 5303 ejus
916 5232 1256 5300 traditione;
1291 5247 1454 5303 quam
1501 5248 1566 5288 ex
1601 5231 1816 5287 Domini
1849 5247 2014 5295 voce,

519 5367 631 5436 (14)
697 5365 1180 5436 ’Υποχρισαντεᾳ
1232 5365 1371 5424 Male
1392 5367 1848 5437 interpretaretur
1897 5366 2022 5437 quis

449 5437 539 5490 hic
565 5437 836 5507 ὑποχρίω,
867 5453 1012 5506 ungo
1030 5439 1133 5492 sub
1159 5439 1395 5506 aliquem
1427 5439 1602 5492 locum
1630 5455 1642 5502 ;
1665 5445 1730 5507 ut
1754 5438 2023 5491 columba:

450 5508 640 5578 subter
686 5505 885 5578 a‘sillas
927 5505 1206 5576 unguento
1242 5505 1658 5578 iimugcrmttur.
1702 5505 1868 5562 lict-le
1907 5522 2021 5578 ruc-

453 5577 667 5630 hercle:
701 5576 983 5630 alliccrcnt
1017 5586 1149 5631 tunc
1171 5576 1400 5633 scilicet
1423 5595 1500 5631 ea:
1532 5579 1823 5632 volitantes
1857 5576 1922 5629 ad
1964 5593 2022 5631 sc

452 5653 680 5702 czcteras
717 5647 905 5717 odore,
946 5647 990 5702 si
1020 5663 1087 5700 ne
1130 5647 1361 5717 πτεροῦν
1395 5648 1614 5716 quidem
1651 5657 1761 5700 lum
1811 5646 2020 5716 potuis-

452 5723 599 5782 sent,
653 5725 748 5772 aut
799 5716 963 5773 etiam
1019 5716 1382 5787 πτερυγίζειν,
1427 5719 1766 5783 volaturire;
1821 5717 2023 5773 nedum

2579 4677 2967 4749 Ἠρακλειανῷ
2992 4676 3278 4748 αἰρετικῷ.

2209 4773 2267 4827 Ὀ
2291 4772 2390 4842 τῆς
2429 4771 2778 4842 ὑγιαινούσης
2826 4771 3060 4832 πίστεως
3091 4769 3249 4838 λόγος
3277 4771 3392 4830 τοῖς
3424 4769 3699 4840 εὐγνωμό-

2127 4882 2230 4930 νως
2263 4865 2361 4929 τὰς
2394 4864 2784 4929 Θεοπνεύστους
2829 4863 3013 4933 φωνὰς
3040 4862 3498 4934 παραδεχομένοις
3539 4865 3598 4916 ἐν
3628 4865 3696 4934 τῇ

2127 4955 2386 5026 ἁπλότητι
2413 4956 2510 5025 τὴν
2531 4954 2682 5024 ἰσχὺν
2707 4954 2842 5024 ἔχει,
2858 4953 2954 5007 καὶ
2972 4952 3224 5022 οὐδεμιᾶς
3244 4951 3401 5021 λόγου
3419 4952 3699 5023 περινοίας

2128 5049 2209 5110 εἰς
2225 5046 2565 5118 παράστασιν
2584 5047 2681 5117 τῆς
2707 5044 2961 5117 ἀληθείας
2989 5045 3300 5116 προσδεῖται
3322 5057 3337 5071 ⁶
3371 5043 3595 5096 αὐτόθεν
3621 5042 3698 5098 ὢν

2129 5140 2330 5211 ληπτὸς
2354 5179 2369 5200 ,
2401 5139 2496 5191 καὶ
2540 5137 2714 5208 σαφὴς
2736 5139 2800 5190 ὲκ
2826 5136 2925 5206 τῆς
2957 5134 3180 5208 πρώτης
3211 5133 3558 5206 παραδόσεως
3581 5174 3595 5198 ,
3629 5133 3698 5206 ῆν

2125 5233 2189 5284 ὲκ
2216 5231 2314 5301 τῆς
2345 5227 2440 5282 τοῦ
2472 5228 2676 5299 Κυρίου
2703 5228 2884 5297 φωνῆς
2905 5223 3281 5298 παρελάϐομεν
3310 5226 3367 5277 ὲν
3392 5222 3470 5294 τῷ
3489 5223 3698 5294 λουτρῷ

2130 5366 2299 5419 libere
2351 5380 2379 5417 a
2430 5364 2561 5434 loco
2587 5363 2804 5418 avolare
2844 5381 2857 5418 :
2891 5370 3167 5434 unguento
3209 5362 3355 5434 enim
3397 5361 3496 5434 alae
3531 5359 3696 5434 veluti

2131 5439 2283 5489 visco
2304 5435 2519 5504 corpori
2554 5430 2994 5504 inhtert-scerent'.
3030 5431 3177 5504 Tum
3208 5433 3370 5504 etiam
3407 5433 3532 5500 quia
3561 5430 3699 5504 otior

2131 5498 2651 5578 dcbilitcr'elilaret.
2696 5503 2938 5578 ὑποχρίω
2987 5512 3072 5557 est
3113 5503 3277 5571 igitur
3324 5498 3548 5578 inungo,
3589 5498 3698 5578 ὑπὸ

2132 5591 2229 5644 pro
2265 5577 2351 5637 in;
2373 5591 2469 5642 pro
2495 5589 2600 5641 qua
2630 5573 3014 5644 praepositione
3045 5588 3151 5627 non
3183 5586 3329 5638 raro,
3365 5572 3601 5625 tnasime
3633 5572 3690 5622 in

2131 5643 2639 5715 Compositionibus,
2677 5643 2836 5698 valet.
