4092 6368
390 372 406 423 Ι
418 373 522 426 089

1551 346 1927 422 EPISTOLJE.
1965 397 2028 404 —
2057 362 2273 418 EPIST.
2316 363 2494 418 XXIV.

3498 356 3640 417 {090

388 492 481 555 τῆς
516 487 931 556 παλιγγενεσίας
963 489 1022 542 τὺ
1051 491 1148 561 τῆς
1196 490 1467 560 σωτηρίας
1504 492 1800 561 μυστήριον
1850 508 1956 542 πα-

2080 502 2186 541 :um
2220 487 2417 542 salutis
2450 484 2682 555 pneliuit
2720 485 3076 556 mysterium,
3113 486 3427 556 accepimus
3461 484 3518 539 in
3566 484 3639 537 la-

391 578 658 649 ραδόντος.
709 578 1103 646 Πορευθέντες
1142 579 1285 649 γάρ,
1338 581 1501 651 φησὶ,
1548 581 1961 649 μαθητεύσατε

390 672 583 722 πάντα
615 667 789 736 ἔθνη.
825 669 1215 735 βαπτίζοντες
1258 671 1480 736 αὐτοὺς
1530 673 1619 736 είς
1658 672 1722 723 τὸ
1775 672 1962 740 ὄνομα

389 760 495 812 τοῦ
526 759 755 825 Πατρός
784 760 878 813 καὶ
904 760 1008 814 τοῦ
1055 760 1192 815 Υίοῦ
1217 762 1312 815 καί
1354 762 1458 816 τοῦ
1492 762 1663 831 ἁγίου
1696 765 1963 833 Πνεύμα-

391 868 513 916 τοςο
547 850 937 918 διδάσκοντες
964 853 1169 920 τηρεῖν
1201 852 1397 907 πάντα
1426 853 1542 907 ὅσα
1571 854 1962 924 ἐνετειλάμην

394 942 554 1011 ὑμῖν.
590 942 823 1013 Διαιρῶν
844 942 952 1013 γὰρ
987 944 1065 1005 είς
1092 942 1185 996 δύο
1220 944 1319 1014 τὴν
1355 943 1463 997 τῶν
1489 946 1828 1016 Χριστιανῶν
1861 962 1961 999 πο-

392 1032 617 1095 λιτείαν,
643 1031 723 1096 εἷς
750 1048 808 1083 τε
831 1032 890 1083 τὸ
915 1032 1103 1102 ἠθικὸν
1127 1034 1311 1104 μέρος,
1337 1034 1429 1086 καὶ
1455 1035 1533 1097 είς
1558 1035 1657 1106 τὴν
1680 1034 1963 1104 δογμάτων

394 1122 696 1194 ἀκρίὸειαν,
726 1122 787 1175 τὸ
819 1120 918 1190 μὲν
949 1124 1210 1194 σωτήριον
1244 1124 1420 1193 δόγμα
1449 1127 1506 1177 ὲν
1539 1128 1603 1196 τῇ
1647 1125 1740 1177 τοῦ
1770 1125 1965 1195 βαπτί-

397 1229 600 1280 σματος
636 1214 928 1283 παραδόσει
957 1213 1414 1283 κατησφαλίσατο·
1450 1215 1539 1267 τὸν
1567 1216 1623 1267 δὲ
1660 1215 1773 1286 βίον
1810 1215 1966 1286 ἡμῶν

393 1304 479 1355 διὰ
504 1303 603 1371 τῆς
636 1305 917 1373 τηρήσεως
945 1303 1055 1355 τῶν
1097 1303 1324 1358 ἐντολῶν
1372 1304 1534 1359 αὑτοῦ
1569 1306 1965 1377 κατορθοῦσθαι

396 1394 622 1447 κελεύει.
689 1394 844 1447 Ἀλλὰ
874 1395 934 1447 τὸ
970 1395 1068 1464 μὲν
1106 1395 1246 1449 κατὰ
1275 1397 1373 1460 τὰς
1408 1398 1625 1460 ἐντολὰς
1655 1398 1820 1469 μέρος
1845 1439 1860 1463 ,
1893 1400 1969 1464 ὠς

399 1486 725 1555 μικροτέραν
758 1486 919 1556 φέρον
944 1489 1007 1556 τῇ
1042 1485 1185 1556 ψυχῇ
1218 1488 1317 1557 τὴν
1347 1488 1568 1557 ζημίαν,
1590 1491 1786 1560 ἠφείθη
1818 1491 1968 1561 παρὰ

394 1575 487 1626 τοῦ
525 1575 767 1629 διαϐόλου
820 1576 1308 1648 ἀπαρεγχείρητον.
1368 1579 1491 1631 Ἐπὶ
1531 1580 1587 1632 δὲ
1634 1582 1968 1653 κυριωτέρου

400 1665 494 1715 καὶ
519 1664 761 1732 μείζονος
782 1665 812 1734 ἡ
842 1666 989 1718 πᾶσα
1016 1666 1205 1734 γέγονε
1224 1667 1316 1719 τοῦ
1335 1669 1733 1739 Ἀντικειμένου
1765 1672 1967 1743 σπουδὴ

399 1754 493 1806 τοῦ
528 1755 1075 1826 παρατραπῆναιτῶν
1104 1758 1313 1811 πολλῶν
1342 1759 1439 1823 τὰς
1470 1762 1648 1831 ψυχὰς
1674 1764 1755 1826 είς
1777 1764 1833 1816 τὸ
1864 1781 1968 1834 μη-

399 1844 455 1897 δὲ
490 1846 589 1897 είτι
616 1844 701 1899 διὰ
726 1846 833 1901 τῶν
862 1847 1088 1901 ἐντολῶν
1127 1848 1442 1921 κατορθωθῇ
1475 1851 1663 1920 κέρδος
1688 1849 1845 1907 εἶναι’
1871 1855 1968 1925 τῆς
2004 1839 2045 1897 θ

403 1937 642 2008 μεγάλης
683 1939 776 1990 καὶ
807 1939 1028 2010 πρώτης
1053 1939 1264 2005 ἐλπίδος
1312 1943 1371 1994 ἑν
1417 1944 1483 2013 τῇ
1525 1944 1652 2016 περὶ
1693 1945 1755 1999 τὸ
1793 1946 1969 2016 δόγμα

399 2029 575 2098 πλάνῃ
607 2031 717 2092 τοῖς
744 2030 1068 2103 ἀπατηθεῐσι
1118 2033 1191 2103 μὴ
1229 2036 1638 2108 συμπαρούσης.
1675 2038 1773 2092 Διὰ
1815 2038 1970 2092 τοῦτο

401 2119 856 2192 συμϐουλεύομεν,
897 2123 994 2193 τῆς
1040 2124 1342 2195 ἁπλότητος
1377 2127 1485 2179 τῶν
1519 2127 1750 2198 πρώτων
1789 2131 1963 2200 ῥημά·

399 2227 507 2263 των
555 2212 656 2281 τῆς
701 2213 935 2277 πίστεως
967 2215 1041 2286 μὴ
1093 2218 1397 2290 ἀποχωρεῖν
1437 2220 1564 2282 τοὺς
1593 2220 1970 2292 ἀντιποιουμέ-

401 2318 523 2365 νους
543 2305 642 2373 τῆς
671 2303 879 2356 ἑαυτῶν
914 2307 1207 2377 σωτηρίαςο
1240 2307 1379 2361 ἀλλὰ
1411 2309 1882 2381 παραδεχομένους
1915 2314 1972 2365 ὲν

402 2394 467 2463 τῇ
515 2392 658 2463 ψυχῇ
694 2394 911 2466 Πατέρα
965 2396 1059 2448 καὶ
1089 2396 1218 2450 Υἱὸν
1256 2398 1350 2451 καὶ
1400 2399 1621 2469 Πνεῦμα
1665 2400 1838 2470 ἅγιον,
1898 2401 1974 2473 μὴ

406 2484 535 2552 μίαν
558 2483 847 2538 ὑπόστασιν
882 2484 1234 2559 πολυώνυμον
1252 2485 1388 2543 εἶναι
1409 2490 1651 2561 νομίζειν
1672 2508 1684 2521 ο
1716 2492 1839 2546 οὔτε
1865 2495 1974 2565 γὰρ

402 2574 624 2629 δυνατόν
656 2578 772 2630 ἐστι
809 2578 899 2630 τὸν
928 2580 1145 2651 Πατέρα
1194 2581 1386 2634 ἑαυτοῦ
1420 2583 1640 2654 Πατέρα
1688 2583 1973 2653 λέγεσθαι.

410 2669 485 2738 μὴ
512 2669 727 2739 άληθῶς
752 2670 811 2734 ἑξ
839 2670 1004 2724 αὑτοῦ
1031 2671 1124 2725 τοῦ
1155 2672 1283 2726 Υίοῦ
1310 2674 1389 2743 τῷ
1422 2676 1596 2745 Πατρὶ
1641 2675 1740 2746 τὴν
1783 2676 1977 2746 κλῆσιν

406 2759 828 2830 ὲπαλήθεύοντος
852 2777 867 2791 ·
921 2761 1046 2814 οὗτε
1078 2762 1138 2814 τὸ
1170 2763 1390 2834 Πνεῦμα
1422 2764 1479 2816 ἓν
1526 2766 1632 2818 τῶν
1670 2767 1976 2836 εἰρημένων

406 2846 543 2903 εἶναι
571 2850 844 2921 νομίζειν,
870 2850 1011 2905 ὥστε
1048 2853 1127 2916 είς
1160 2852 1426 2924 Πατρδςῆ
1468 2855 1597 2909 Υίοῦ
1637 2855 1841 2911 ἔννοιαν
1889 2858 1978 2912 διὰ

404 2940 505 3009 τῆς
566 2940 661 2993 τοῦ
737 2940 1051 3010 Πνεύματος
1108 2944 1477 3014 προσηγορίας
1530 2944 1817 3013 ὲνάγεσθαι
1887 2947 1978 3000 τὸν

406 3030 688 3084 ἀκούοντα.
730 3030 866 3083 Ἀλλ’
894 3031 1057 3097 ἰδίως,
1084 3032 1177 3085 καὶ
1197 3034 1651 3106 ἀποτεταγμένως
1682 3037 1739 3089 ὲν
1764 3038 1979 3109 ἑκάστῳ

405 3121 514 3176 τῶν
550 3121 830 3192 ὀνομάτων
859 3123 1292 3177 συνυπακούεται
1320 3126 1353 3194 ἡ
1392 3126 1824 3200 ὲνσημαινομένη
1858 3133 1979 3194 ταῖς

406 3210 797 3282 προσηγορίαις
815 3212 1129 3276 ὑπόστασις.
1151 3214 1260 3267 Καὶ
1277 3214 1368 3267 τὸν
1388 3215 1605 3287 Πατέρα
1626 3217 1977 3285 ἀκούσαντες,

405 3301 503 3371 τὴν
531 3300 625 3353 τοῦ
666 3301 863 3365 παντὸς
895 3302 1072 3356 αἰτίαν
1107 3302 1439 3374 ἠκούσαμεν·
1486 3307 1578 3360 τὸν
1607 3307 1663 3360 δὲ
1711 3308 1840 3364 Υίὸν
1877 3328 1982 3381 μα-

407 3391 618 3455 θόντες,
643 3392 742 3463 τὴν
773 3393 837 3446 ἐκ
863 3393 963 3463 τῆς
995 3394 1219 3467 πρώτης
1250 3395 1429 3460 αἰτίας
1466 3397 1860 3469 ἀναλάμψασαν
1891 3402 1982 3455 δύο

407 3499 571 3550 ναμιν
602 3484 683 3546 είς
714 3485 813 3553 τὴν
844 3484 937 3536 τοῦ
978 3486 1176 3551 παντὸς
1217 3486 1475 3541 σύστασιν
1505 3490 1880 3562 ἐδιδάχθημεν·
1923 3495 1983 3548 τὸ

407 3573 466 3627 δὲ
497 3574 720 3646 Πνεῦμα
747 3575 985 3643 γνόντες,
1012 3576 1109 3647 τὴν
1135 3578 1482 3649 τελειωτικὴν
1515 3579 1744 3652 δύναμιν
1769 3582 1876 3636 τῶν
1897 3584 1984 3639 διὰ

410 3668 639 3730 κτίσεως
650 3669 728 3730 είς
744 3667 803 3720 τὸ
818 3663 956 3721 εἶναι
974 3668 1470 3741 παρα[δε]δομένων
1486 3672 1549 3725 ὲκ
1564 3673 1657 3725 τοῦ
1672 3675 1880 3745 Πατρδς
1896 3676 1984 3730 διὰ

408 3758 500 3812 τοῦ
523 3757 652 3811 Υίοῦ
678 3759 997 3830 ὲνοήσαμεν.
1027 3761 1092 3812 Δί
1124 3761 1221 3829 μὲν
1248 3757 1341 3814 οῦν
1371 3762 1698 3827 ὑποστάσεις
1725 3767 1868 3817 κατὰ
1893 3766 1983 3819 τὸν

410 3850 698 3920 εἰρημένον
740 3851 940 3921 τρόπον
974 3851 1289 3922 ἀσυγχύτως
1329 3854 1422 3905 ἀπ’
1457 3853 1697 3924 ἀλλήλων
1723 3856 1984 3927 διακεχω-

414 3942 664 4014 ρισμέναι
692 3943 818 3996 είσί·
848 3943 1059 4015 Πατρὸς
1086 3943 1228 4011 λέγω
1250 3945 1343 3998 καὶ
1363 3945 1493 3998 Υίοῦ
1514 3947 1606 3999 καὶ
1628 3948 1784 4015 ἁγίου
1814 3949 1985 4002 Πνεῦ-

415 4050 601 4101 ματος.
646 4034 710 4086 Ἦ
756 4034 813 4087 δὲ
849 4034 1004 4088 οὐσία
1060 4034 1270 4101 αὑτῶν,
1316 4036 1437 4106 ἥτις
1476 4039 1605 4091 ποτὲ
1648 4038 1787 4111 αὕτη
1838 4042 1986 4095 ἐστὶν

414 4123 711 4194 (ἄφραστος
737 4124 845 4195 γάρ
868 4125 983 4177 ἐστι
1009 4124 1151 4195 λόγῳ
1169 4167 1185 4193 ,
1210 4128 1304 4179 καὶ
1344 4128 1574 4197 νοήματι
1603 4129 1882 4201 ἄληπτος),
1908 4134 1984 4196 είς

414 4214 707 4285 ὲτερότητά
727 4233 847 4268 τινα
872 4216 1084 4285 φύσεως
1104 4218 1165 4270 οὐ
1186 4217 1580 4290 διαμερίζεται.
1609 4222 1749 4274 Διότι
1772 4223 1833 4276 τὸ
1857 4225 1985 4277 ἁκαο

414 4307 686 4374 τάληπτον
716 4306 809 4359 καὶ
843 4308 1196 4378 ἀπερινόητον
1235 4309 1328 4361 καὶ
1370 4309 1650 4381 λογισμοῖς
1685 4314 1986 4386 άπερίδρα-

416 4412 541 4449 κτον
577 4393 694 4450 ἶσόν
732 4398 879 4451 ἐστιν
920 4400 1003 4467 ἐφ’
1038 4400 1251 4469 ἑκάστῳ
1278 4399 1386 4453 τῶν
1414 4404 1471 4453 ἐν
1495 4404 1560 4473 τῇ
1595 4403 1779 4474 Τρῑάδι
1828 4422 1984 4460 πεπι-

420 4490 729 4559 στευμένων
762 4489 1084 4559 προσώπων.
1125 4491 1184 4544 '0
1210 4491 1318 4561 γὰρ
1347 4492 1641 4563 ἐρωτηθεὶς
1666 4496 1717 4548 τί
1744 4498 1862 4549 κατ’
1892 4498 1983 4550 οὑ-

336 4654 344 4658 _
420 4578 539 4631 σίαν
574 4581 722 4633 ἐστὶν
748 4583 775 4633 ό
802 4580 988 4651 Πατὴρ
1011 4622 1024 4643 ,
1072 4582 1427 4652 εὐγνωμόνως
1478 4584 1570 4636 καὶ
1613 4586 1824 4655 άληθῶς
1853 4590 1984 4660 ὀμο-

418 4669 637 4739 λογήσει
666 4668 727 4720 τὸ
749 4670 888 4741 ὑπὲρ
916 4673 1114 4739 γνῶσιν
1143 4667 1281 4725 εἶναι
1315 4673 1375 4725 τὸ
1405 4672 1755 4744 ζητούμενον.
1798 4679 1992 4733 Ὠσαὺ-

418 4777 525 4823 τως
570 4761 663 4814 καὶ
693 4762 819 4831 περὶ
847 4761 940 4813 τοῦ
989 4762 1306 4832 μονεγενοῦς
1335 4763 1466 4816 Υίοῦ
1508 4766 1681 4820 οὐδενὶ
1726 4768 1865 4837 λόγῳ
1894 4770 1991 4841 τὴν

419 4852 607 4905 οὐσίαν
640 4852 1050 4922 καταληφθῆναι
1078 4853 1301 4906 δυνατὸν
1329 4850 1467 4906 εἶναι
1496 4855 1837 4927 συνθήσεται.
1874 4860 1992 4930 Τὴν

420 4938 528 5009 γὰρ
559 4938 767 5009 γενεὰν
797 4939 1003 5002 αὐτοῦ,
1030 4941 1183 5009 φησὶ,
1213 4941 1304 5006 τίς
1332 4940 1677 5010 διηγήσεται
1701 4961 1719 5009 ;
1761 4946 1992 5016 ὐμοίως

418 5029 476 5082 δὲ
513 5027 765 5098 καὶπερὶ
809 5028 902 5081 τοῦ
947 5030 1259 5100 Πνεῦματος
1308 5033 1399 5086 τοῦ
1444 5035 1597 5103 ἁγίου
1639 5039 1700 5089 τὸ
1739 5033 1856 5093 ἴσον
1892 5043 1991 5113 τῆς

420 5118 563 5171 κατὰ
600 5118 698 5188 τὴν
728 5120 1031 5190 κατάληψιν
1071 5122 1379 5192 ἀμηχανίας
1410 5125 1438 5176 ὁ
1476 5124 1569 5177 τοῦ
1603 5128 1806 5198 Κυρίου
1836 5130 1993 5200 λόγος

421 5209 753 5264 ἐνδείκνυται
778 5210 971 5279 λέγων,
1003 5212 1083 5265 ὅτι
1104 5213 1203 5283 τῆς
1228 5213 1325 5283 μὲν
1347 5215 1530 5285 φωνῆς
1558 5217 1721 5271 αὑτοῦ
1751 5219 1990 5285 ἀκούεις.

421 5301 520 5352 οὐκ
548 5295 693 5363 οἶδας
722 5300 780 5355 δὲ
809 5301 971 5355 πόθεν
990 5302 1228 5373 ἔρχεται,
1262 5304 1355 5356 καὶ
1381 5304 1484 5358 ποῦ
1514 5306 1728 5376 ὑπάγει.
1776 5310 1992 5382 Ἐπειδὴ

422 5391 600 5445 τοίνυν
624 5393 878 5463 οὐδεμίαν
902 5396 960 5447 ὲν
991 5394 1066 5463 τῷ
1106 5394 1472 5465 ἀκαταλήπτῳ
1505 5396 1611 5450 τῶν
1637 5398 1803 5471 τριῶν
1826 5416 1991 5473 προσ-

424 5478 865 5551 ὡπωνδιαφορὰν
890 5481 1177 5552 ἐννοοῦμεν
1198 5482 1280 5551 (οὑ
1307 5484 1415 5553 γὰρ
1434 5484 1495 5536 τὸ
1520 5485 1618 5553 μὲν
1645 5486 1843 5554 μᾶλλον
1863 5489 1993 5541 ἀκα-

423 5571 717 5642 τάληπτον,
745 5572 805 5625 τὸ
831 5574 886 5626 δὲ
913 5571 1091 5647 ἥττον’
1111 5574 1225 5628 ἀλλ’
1252 5569 1333 5639 εἷς
1355 5576 1447 5628 ἐπὶ
1466 5578 1565 5647 τῆς
1588 5577 1816 5649 Τριάδος
1837 5581 1865 5634 ὁ
1894 5580 1994 5650 τῆς

536 5748 580 5780 ⁸³
608 5747 793 5803 Matth.
821 5766 1009 5821 xxviii,
1046 5753 1130 5816 19,
1171 5754 1261 5808 ει).
1339 5753 1381 5784 ¹⁶
1413 5755 1517 5807 lsa.
1543 5767 1658 5817 LIII,
1687 5752 1739 5809 8.

2059 591 2255 638 vacro,
2306 578 2361 629 in
2406 590 2519 646 quo
2563 575 2763 629 iterum
2816 590 3146 646 generantur
3202 595 3215 630 :
3276 575 3507 641 Euntes,
3559 575 3637 629 ait

2060 669 2238 731 enim,
2270 670 2446 721 docete
2478 683 2653 720 omnes
2681 676 2852 736 gentes
2877 709 2891 731 ,
2942 668 3267 735 baptizanles
3313 684 3398 723 eos
3438 668 3494 721 in
3539 683 3637 720 no-

2062 762 2201 814 mine
2236 760 2416 814 Patris
2444 769 2491 813 et
2519 758 2640 812 Filii
2670 767 2717 812 et
2747 756 2973 826 Spiritus
3006 760 3176 812 sancti
3201 776 3219 822 ;
3253 760 3495 814 docentes
3528 774 3639 813 ser-

2061 868 2186 907 vare
2225 854 2402 905 omnia
2437 864 2754 920 qumcunque
2784 850 2925 903 vobis
2958 850 3204 902 mandavi
3240 849 3300 900 ".
3333 848 3548 904 Etenim
3580 848 3641 903 in

2064 940 2174 994 duo
2216 938 2468 993 dividens
2515 936 2846 991 Christianae
2890 935 3207 1005 reipublicae
3251 943 3456 991 statum
3491 946 3547 992 et
3580 937 3636 991 in

2064 1032 2331 1086 moralem
2363 1038 2571 1102 partem
2596 1070 2611 1094 ,
2646 1038 2699 1085 et
2737 1030 2789 1083 in
2824 1030 3171 1085 decretorum
3204 1035 3521 1082 accuratam
3552 1043 3640 1081 ra-

2064 1120 2306 1189 tionem,
2353 1119 2599 1176 salutare
2636 1119 2859 1190 quidem
2913 1121 3199 1176 decretum
3244 1120 3299 1173 in
3346 1119 3642 1174 traditione

2064 1212 2418 1282 baptismatis
2450 1212 2686 1266 [lrmavit
2707 1229 2721 1278 ;
2743 1214 2911 1266 vitam
2943 1222 3126 1267 autem
3158 1221 3403 1266 nostram
3432 1225 3639 1281 praece-

2069 1318 2283 1378 ptorum
2319 1320 2549 1360 suorum
2589 1307 2977 1361 observatione
3018 1305 3182 1374 dirigi
3232 1304 3511 1374 praecepit.
3547 1303 3643 1356 At-

2066 1408 2252 1452 tamen
2280 1396 2348 1450 ab
2379 1411 2441 1450 ea
2470 1406 2623 1465 parte
2651 1412 2772 1467 qum
2802 1407 2884 1451 est
2914 1404 3312 1466 praeceptorum
3337 1434 3351 1458 ,
3379 1404 3641 1463 tanquam

2060 1488 2137 1543 ab
2171 1489 2262 1541 illa
2294 1503 2416 1558 quae
2454 1488 2650 1541 anima:
2686 1489 2870 1543 minus
2906 1486 3228 1541 detrimenti
3266 1485 3473 1539 inferre
3507 1499 3643 1553 pos-

2071 1580 2179 1643 sit,
2216 1580 2482 1633 abstinuit
2516 1595 2749 1649 prorsus
2781 1580 3058 1643 diabolus,
3090 1579 3239 1632 nullo
3264 1592 3385 1633 eam
3418 1576 3645 1629 adortus

2069 1681 2292 1725 conatu.
2325 1670 2497 1724 Omne
2529 1669 2832 1725 adversarii
2864 1668 3141 1733 studium,
3175 1668 3474 1721 multorum
3524 1679 3649 1734 per-

2071 1761 2316 1817 vertendl
2350 1763 2562 1815 animas
2587 1800 2602 1826 ,
2638 1761 2693 1815 in
2725 1760 3105 1831 principaliori
3137 1757 3462 1827 meliorique
3492 1764 3649 1827 parte

2076 1854 2373 1924 praestitum
2403 1861 2522 1917 est,
2546 1861 2606 1907 ut
2635 1868 2701 1908 ne
2729 1852 2783 1907 id
2807 1852 3029 1923 quidem
3052 1890 3068 1915 ,
3101 1850 3147 1906 si
3177 1849 3480 1919 quidquam
3510 1861 3649 1917 prae-

2074 1945 2250 2014 ceptis
2276 1952 2425 1999 recte
2466 1952 2709 2015 geratur,
2757 1944 2831 1999 sit
2872 1944 3085 1998 lucrum
3111 1981 3126 2005 ,
3182 1955 3307 1996 cum
3356 1952 3551 2010 magna
3595 1945 3653 1993 et

2074 2037 2248 2107 prima
2282 2050 2407 2105 spes
2440 2050 2548 2089 non
2593 2035 2833 2105 amplius
2875 2034 2931 2089 in
2978 2032 3228 2090 seductis
3269 2045 3460 2086 errore
3500 2030 3653 2085 circa

2076 2128 2297 2183 decreta
2334 2126 2516 2182 inesse
2545 2125 2741 2196 possit.
2775 2124 3080 2181 Consilium
3115 2132 3407 2196 prepterea
3436 2120 3649 2192 prabe-

2077 2236 2233 2285 mus,
2264 2235 2333 2275 ne
2365 2234 2396 2273 a
2431 2219 2785 2289 simplicitate
2833 2218 3135 2288 primorum
3184 2216 3476 2271 verborum
3527 2211 3653 2267 ﬁdei

2078 2310 2379 2380 quidquam
2428 2309 2728 2365 abscedant
2765 2309 2830 2373 ii,
2863 2308 2954 2380 qui
2989 2322 3087 2377 pro
3115 2320 3214 2362 sua
3244 2316 3414 2377 agunt
3439 2305 3653 2370 salute;

2079 2399 2176 2455 sed
2205 2407 2263 2452 ut
2292 2399 2346 2452 in
2379 2397 2561 2451 anima
2591 2396 2810 2468 quidem
2838 2396 3208 2466 suscipientes
3236 2393 3454 2450 Patrem
3484 2402 3541 2449 et
3566 2392 3653 2448 Fi-

2081 2490 2211 2543 lium
2243 2496 2297 2543 et
2335 2488 2601 2559 Spiritum
2634 2497 2887 2545 sanctum
2910 2527 2925 2554 ,
2962 2502 3071 2541 non
3098 2500 3264 2541 unam
3315 2485 3658 2557 hypostasitn

2080 2580 2380 2633 multorum
2426 2577 2709 2632 nominum
2742 2593 2865 2632 esse
2896 2576 3218 2630 existiment
3248 2592 3264 2629 :
3300 2588 3479 2644 neque
3509 2572 3655 2627 enim

2084 2669 2198 2724 ﬁeri
2242 2677 2422 2739 potest
2463 2668 2682 2725 Patrem
2729 2670 2813 2725 sui
2864 2669 3038 2736 ipsius
3082 2668 3292 2722 Patrem
3335 2666 3488 2733 dici;
3532 2681 3660 2720 cum

2082 2774 2193 2813 non
2226 2773 2353 2814 vere
2382 2756 2535 2813 Patri
2566 2767 3019 2828 cognomentum.
3053 2757 3147 2826 qui
3197 2757 3268 2811 sit
3316 2757 3401 2812 sui
3443 2754 3617 2811 Filius
3640 2795 3657 2819 ,

2083 2865 2274 2904 verum
2331 2848 2577 2905 efﬁciat:
2632 2863 2811 2918 neque
2858 2857 2917 2902 ut
2967 2849 3327 2913 existiment,
3388 2845 3656 2917 Spiritum

2086 2954 2250 2993 unam
2281 2953 2395 2993 rem
2427 2954 2551 2993 esse
2579 2953 2645 2992 ex
2678 2938 2986 3007 praedictis,
3020 2938 3094 2993 ita
3132 2949 3190 2993 ut
3244 2939 3299 2992 in
3340 2936 3520 2993 Patris
3563 2947 3659 2991 aut

2085 3018 2212 3084 Filii
2248 3029 2615 3100 cognitionem
2649 3045 2746 3100 per
2786 3028 3028 3099 Spiritus
3066 3029 3523 3099 appellationem,
3563 3029 3659 3100 qui

2088 3119 2312 3185 audiat,
2345 3119 2657 3176 inducatur.
2695 3120 2765 3173 At
2797 3135 2927 3174 vero
2961 3121 3218 3190 proprie,
3254 3134 3318 3177 ac
3362 3127 3505 3174 stata
3538 3134 3661 3174 cer-

2086 3221 2251 3281 taque
2284 3213 2499 3267 ratione
2532 3213 2587 3266 in
2619 3212 2855 3281 singulis
2892 3214 3182 3268 nominum
3212 3228 3321 3267 una
3368 3213 3532 3267 simul
3572 3212 3660 3267 in-

2087 3304 2310 3357 auditur
2337 3303 2645 3373 signiﬁcata
2696 3303 2751 3357 in
2802 3304 3258 3372 appellationibus
3300 3303 3660 3373 ltypostasis;

2085 3396 2357 3468 Patreque
2415 3398 2643 3463 audito,
2703 3397 2949 3451 omnium
3015 3410 3241 3450 causam
3304 3394 3663 3456 audivimus;

2086 3489 2288 3545 Filium
2337 3500 2517 3544 auten:
2564 3491 2872 3553 discentes,
2926 3504 2993 3544 ex
3040 3491 3215 3557 prima
3268 3502 3435 3543 causa
3487 3486 3659 3542 reful-

2087 3587 2301 3651 gentem
2332 3589 2653 3650 potestatem
2685 3578 2751 3632 ad
2784 3579 3025 3633 universi
3056 3578 3501 3634 constitutionem
3528 3578 3662 3632 edo-

2086 3670 2162 3725 cti
2217 3686 2456 3735 sumus;
2518 3670 2729 3739 Spiritu
2789 3686 2921 3725 vero
2976 3670 3221 3739 cognito,
3279 3668 3664 3739 perfectriccm

2087 3759 2404 3814 facultatem
2439 3776 2627 3815 eorum
2659 3774 2777 3829 qua:
2807 3775 2903 3829 per
2942 3761 3280 3815 creationem
3314 3775 3342 3813 a
3376 3758 3533 3814 Patre
3565 3775 3663 3829 per

2088 3851 2287 3905 Filium
2319 3851 2371 3904 in
2400 3853 2782 3906 exsistentiam
2816 3853 3015 3906 tradita
3060 3860 3219 3916 sunt,
3264 3852 3662 3907 intelleximus.

2091 3943 2478 3998 Subsistentite
2508 3944 2675 4013 igitur
2701 3945 2857 4013 juxta
2888 3944 3094 3998 dictum
3121 3943 3342 3997 modum
3372 3942 3663 3998 inconfuse

2089 4035 2321 4088 invicem
2353 4043 2621 4104 separata:
2660 4043 2823 4098 sunt,
2857 4033 3038 4090 Patris
3061 4075 3077 4099 ,
3117 4035 3279 4097 dico,
3317 4043 3369 4089 et
3402 4033 3524 4087 Filii
3546 4075 3561 4098 ,
3606 4044 3665 4088 ct

2090 4127 2267 4181 sancti
2301 4125 2562 4196 Spiritus.
2600 4125 2852 4180 Essentia
2898 4138 3079 4181 autent
3126 4128 3370 4196 ipsorqu
3402 4140 3633 4195 quazcun

2089 4233 2195 4288 que
2241 4218 2359 4288 ipsa
2389 4232 2632 4288 unquam
2663 4219 2736 4273 sit
2768 4218 2957 4289 (dicto
2987 4219 3132 4273 enim
3168 4219 3278 4272 diei
3314 4218 3545 4287 nequit,
3580 4217 3665 4269 in-

2088 4309 2504 4378 telligentiaque
2528 4318 2613 4364 est
2646 4309 3173 4381 incomprehensa),
3210 4309 3262 4363 in
3286 4307 3664 4364 diversitatem

2090 4398 2327 4466 aliquam
2358 4409 2567 4452 uatum
2595 4400 2744 4454 nullo
2768 4408 2927 4473 pacto
2949 4401 3290 4471 dispertitur.
3315 4400 3665 4467 Quapropter

2019 4532 2060 4586 Β
2089 4489 2235 4561 quod
2282 4491 2800 4560 incomprehensum
2840 4500 2926 4547 est
2970 4506 3034 4545 ac
3084 4499 3267 4545 mente
3314 4505 3423 4543 non
3470 4504 3664 4559 perce-

2091 4593 2277 4652 ptum,
2310 4591 2362 4637 et
2394 4584 2539 4652 quod
2584 4585 3102 4639 ratiocinationibus
3141 4582 3520 4651 circumplecti
3568 4598 3665 4636 nco

2090 4673 2337 4742 quimus,
2391 4674 2598 4742 atquale
2648 4683 2733 4728 est
2788 4675 2841 4728 in
2900 4674 3132 4746 singulis
3190 4688 3548 4742 personarum
3609 4672 3663 4725 in

2091 4763 2365 4820 Trinitate
2395 4765 2754 4820 creditarum.
2787 4766 3162 4838 Interrogatus
3194 4766 3337 4820 enim
3363 4804 3376 4829 ,
3414 4763 3545 4835 quid
3594 4764 3665 4818 sit

2092 4856 2395 4911 secundum
2452 4858 2751 4911 essentiam
2806 4857 3010 4924 Pater,
3069 4867 3217 4913 recta
3279 4857 3553 4912 sententia
3612 4864 3667 4910 et

2093 4961 2220 4999 vere
2252 4946 2514 4999 fatebitur
2544 4947 2830 5015 qttznsitunt
2862 4962 2983 5001 esse
3004 4986 3018 5008 ,
3050 4946 3195 5016 quod
3233 4955 3317 5001 est
3358 4962 3525 5015 supra
3567 4962 3668 4999 no-

2097 5039 2323 5092 tionem.
2359 5036 2722 5092 Tanttimdem
2757 5040 2804 5092 is
2843 5045 2896 5093 et
2929 5038 2998 5093 de
3042 5037 3326 5107 unigenito
3367 5035 3506 5090 Filio
3556 5052 3666 5090 non

2099 5126 2215 5182 fieri
2259 5143 2457 5198 posse,
2506 5137 2563 5182 ut
2600 5129 2708 5182 ulla
2758 5128 2969 5183 ratione
3020 5128 3262 5182 essentia
3308 5127 3668 5197 comprehen-

2096 5218 2281 5281 datur.
2331 5220 2655 5274 constituet.
2712 5216 3105 5273 Generationem
3155 5218 3299 5273 enim
3362 5216 3510 5285 ejus,
3561 5216 3666 5279 ait,

2095 5314 2210 5381 quis
2242 5314 2515 5366 enarrabit
2546 5313 2633 5367 ὀἳ
2673 5312 2905 5368 Perinde
2948 5327 3080 5367 vero
3108 5321 3161 5367 et
3200 5312 3268 5366 de
3299 5309 3506 5380 Spiritu
3543 5325 3671 5364 san-

2098 5411 2188 5457 cto
2215 5403 2585 5473 aequalitatem
2635 5404 2833 5476 inopiae
2870 5404 3173 5460 secundum
3219 5401 3670 5472 comprehensio-

2100 5510 2224 5550 nem
2247 5494 2461 5551 Domini
2493 5512 2675 5553 sermo
2700 5504 3120 5565 commonstrat,
3154 5496 3366 5562 dicens,
3400 5493 3546 5565 quod
3574 5507 3669 5544 vo—

2102 5600 2218 5642 cem
2248 5586 2420 5657 ipsius
2452 5588 2644 5657 audis;
2669 5590 2811 5645 unde
2834 5597 3015 5645 autem
3036 5588 3182 5645 venit
3203 5594 3256 5644 et
3277 5600 3387 5659 quo
3411 5582 3665 5645 deducit,
