4092 6368
442 343 568 397 illi)!

437 561 537 609 eo,
568 545 715 615 quod
744 554 829 600 est
863 546 1026 600 triqu
1059 557 1420 614 personarum
1451 542 1971 611 incomprehensum
1991 579 2008 605 ,

438 635 824 705 intelligimus.
862 632 982 690 Non
1019 635 1166 688 enim
1199 634 1432 686 alterum
1464 632 1684 703 quidem
1720 631 1896 702 magis
1928 631 2012 683 in-

439 725 1061 800 currebant-est,
1097 724 1333 778 alterum
1368 737 1502 779 vero
1544 722 1729 779 minus
1759 737 1774 787 ;
1805 731 1862 775 at
1904 736 2012 775 una

441 830 669 883 prorsus
701 815 1173 885 incomprehensa:
1198 813 1279 869 rei
1311 814 1453 868 ratio
1478 815 1537 868 in
1560 813 1853 867 Trinitate.
1878 809 2014 865 Pro-

440 916 625 975 pterea
650 906 918 971 dicimus,
948 921 1014 959 eo
1043 906 1188 977 quod
1219 907 1424 977 percipi
1456 907 1647 977 nequit
1673 945 1688 969 ,
1720 913 2014 979 menteque

441 1000 591 1053 nullo
619 1008 779 1069 pacto
805 999 1071 1071 intelligi,
1103 1015 1204 1055 nos
1233 1015 1397 1054 manu
1424 999 1731 1055 deducente
1757 1041 1773 1066 ,
1805 999 2009 1054 nullam

437 1089 694 1145 essentia:
740 1090 796 1145 iu
842 1098 1033 1146 saneta
1063 1088 1334 1145 Triuitate
1372 1089 1692 1146 adinvenire
1725 1103 1826 1144 nos
1859 1088 2016 1143 dill‘e-

441 1181 671 1235 rentiam
701 1223 717 1247 ,
765 1189 962 1252 praeter
1000 1187 1184 1236 tamen
1221 1182 1472 1238 ordinem
1517 1196 1910 1252 personarum,
1957 1187 2013 1233 et

438 1271 925 1327 subsistentiarum
949 1272 1381 1329 confessionem.
1409 1271 1543 1327 Nam
1573 1281 1760 1329 certus
1787 1270 2011 1351 quidam

438 1361 578 1415 ordo
621 1362 677 1415 in
728 1360 1025 1433 Evangelio
1072 1364 1328 1434 proditus
1373 1374 1499 1430 est,
1548 1364 1707 1433 juxta
1746 1376 1908 1431 quem
1943 1375 2012 1416 ex

440 1449 600 1506 Patre
619 1451 754 1507 fides
788 1453 1059 1522 incipiens
1077 1471 1173 1525 per
1192 1454 1580 1510 intermedium
1599 1453 1794 1509 Filium
1814 1453 1869 1507 in
1887 1450 2014 1522 Spi-

438 1542 600 1597 ritum
633 1553 886 1599 sanctum
934 1546 1157 1600 desinit.
1179 1544 1497 1601 Dil'ferentia
1531 1552 1715 1600 autem
1745 1558 2014 1615 persona-

1668 337 1727 394 Β.
1767 334 2094 392 σκεροιιιι
2134 335 2427 391 NYSSENI

350 502 360 510 .
439 470 547 509 non
578 453 763 509 noscis
792 452 854 507 ".
891 453 1123 507 Proinde
1151 453 1319 523 igitur
1353 451 1564 506 nullum
1609 450 1909 505 discrimen
1953 448 2010 502 in

2114 448 2491 519 ἀκαταληψίας
2520 450 2698 518 λόγος,
2731 448 2819 502 διὰ
2857 448 3013 502 τοῦτό
3042 465 3238 518 φαμεν,
3271 445 3421 518 αὐτῷ
3451 448 3526 517 τῷ
3556 450 3696 518 ἀλή-

3555 337 3698 392 1092

2108 559 2226 612 πτῳ
2282 541 2377 594 καὶ
2413 542 2767 611 ἀκατανοήτῳ
2833 541 3334 612 χειραγωγούμενοι
3358 577 3373 603 ,
3421 540 3696 611 μηδεμίαν

2106 634 2207 702 τῆς
2237 633 2425 696 οὐσίας
2472 633 2564 687 ἐπὶ
2596 633 2694 701 τῆς
2729 632 2890 702 ἁγίας
2921 630 3151 703 Τριὰδος
3177 630 3442 701 διαφορὰν
3485 631 3696 702 ἐξευρί-

2109 745 2259 781 σκειν
2285 743 2299 756 ·
2346 727 2502 790 ἐκτὸς
2535 728 2632 796 τῆς
2686 725 2893 788 τάξεως
2928 725 3036 778 τῶν
3078 723 3421 796 προσώπων,
3459 727 3552 779 καὶ
3593 726 3696 796 τῆς

2107 816 2216 870 τῶν
2255 815 2603 869 ὐποστάσεων
2639 814 2949 885 ὁμολογίας.
2983 814 3149 878 Τάξις
3194 813 3293 884 μὲν
3321 815 3430 887 γάρ
3456 817 3604 869 ἐστιν
3636 817 3694 868 ἐν

2115 908 2197 977 τῷ
2221 906 2536 977 amat...
2564 905 2948 977 παραδοθεῖσα,
2976 904 3098 958 καθ’
3119 905 3184 976 ἣν
3209 906 3275 959 ὲκ
3310 907 3570 978 Πατρὸςή
3600 907 3696 960 πί·-

2117 1016 2233 1062 στις
2258 997 2557 1069 ἀρχομένη,
2585 996 2673 1051 διὰ
2701 995 2873 1066 μέσου
2897 995 2996 1050 τοῦ
3023 995 3152 1049 Υἰοῦ
3181 998 3258 1060 είς
3290 995 3352 1049 τὸ
3381 999 3606 1068 Πνεῦμα
3630 998 3694 1051 τὸ

2116 1087 2270 1155 ἀγιον
2291 1085 2606 1155 καταλήγει.
2641 1085 2702 1138 Ἢ
2727 1085 2784 1138 δὲ
2803 1084 3036 1156 διαφορά
3055 1086 3169 1140 τῶν
3193 1087 3521 1159 προσώπων,
3552 1088 3692 1160 αὐτῇ

2116 1178 2182 1247 τῇ
2210 1176 2360 1241 τάξει
2382 1176 2482 1246 τῆς
2501 1175 2608 1229 τῶν
2625 1175 2977 1231 ἀποστάσεων
2999 1177 3355 1248 παραδόσεως
3367 1178 3694 1250 φαινομένη.

2116 1266 2368 1337 οὐδεμίαν
2391 1266 2651 1337 σύγχυσιν
2681 1267 2897 1338 ἐμποιεῖ
2923 1269 3035 1332 τοῖς
3057 1269 3375 1340 δυναμένοις
3403 1270 3696 1324 ἐπακολου-

2118 1357 2230 1412 θεῖν
2262 1358 2383 1421 ταῖς
2412 1357 2710 1429 σημασίαις
2734 1356 2829 1411 τοῦ
2855 1357 3037 1427 λόγου,
3078 1358 3213 1413 ἰδίαν
3243 1359 3452 1415 ἔννοιαν
3478 1361 3575 1432 τῆς
3593 1361 3693 1415 τοῦ

2117 1448 2330 1521 Πατρὸς
2361 1448 2733 1520 προσηγορίας
2761 1449 3151 1519 ὲμφαινούσης,
3184 1451 3393 1505 καὶτοῦ
3420 1451 3549 1506 Υίοῦ
3582 1453 3691 1506 πά-

2115 1541 2201 1594 λιν
2227 1541 2323 1594 καὶ
2349 1540 2443 1593 τοῦ
2479 1540 2636 1609 ἁγίου
2674 1540 2989 1611 Πνεύματος
3018 1542 3176 1595 ἰδίανο
3207 1545 3330 1597 κατ’
3361 1543 3550 1598 οὐδένα
3576 1547 3696 1617 τρό-

437 1644 561 1683 rum
607 1630 728 1700 ipso
777 1633 873 1687 illo
920 1634 1124 1689 tradito
1171 1633 1367 1690 ordine
1408 1634 1799 1690 distantiarum
1844 1647 2013 1704 appa-

2118 1647 2217 1684 πον
2247 1629 2356 1683 τῶν
2385 1629 2796 1700 σημαινομένων
2833 1630 2892 1682 ὲν
2921 1629 3173 1701 ἀλλήλοις
3205 1633 3601 1704 συγχεομένων.

437 1739 598 1788 rens,
631 1726 837 1781 nullam
904 1743 1132 1798 prorsus
1179 1730 1563 1786 confusionem
1607 1729 1769 1785 efficit
1814 1729 1919 1793 iis,
1988 1727 2084 1797 qui
2122 1726 2398 1783 sermonis
2447 1726 2664 1796 insequi
2714 1734 2945 1796 possunt
3001 1726 3476 1798 significationes;
3536 1743 3694 1785 suam

436 1815 712 1885 propriam
765 1818 1184 1889 intelligentiam
1226 1819 1406 1877 Patris
1448 1821 1817 1892 appellatione
1859 1818 2265 1891 patefaciente,
2328 1816 2567 1887 Filiique
2599 1832 2833 1882 rursus,
2903 1824 2958 1870 et
3008 1816 3247 1888 Spiritus
3322 1821 3497 1876 sancti
3567 1836 3694 1891 prec

435 1908 612 1977 priam
640 1952 655 1976 ,
686 1910 991 1965 secundum
1042 1913 1255 1967 nullum
1293 1928 1522 1985 prorsus
1553 1914 1774 1970 modum
1811 1912 2249 1984 significatarum
2283 1926 2467 1966 rerum
2506 1910 2741 1966 invicem
2769 1908 3154 1965 confusorum.

505 1998 853 2070 Baptizamur
882 2003 1068 2075 igitur,
1098 2006 1263 2061 veluti
1302 2007 1635 2077 accepimus,
1662 2020 1761 2076 per
1793 2003 2004 2061 Patrem

432 2098 488 2147 et
519 2088 717 2146 Filiqu
755 2102 811 2149 et
856 2093 1121 2166 Spiritum
1160 2106 1433 2166 sanetum,
1461 2098 1740 2169 credimus
1782 2106 1963 2153 autem
1988 2137 2004 2161 ,

434 2184 600 2238 veluti
654 2184 1013 2254 baptizamur.
1069 2187 1379 2244 Consouam
1412 2190 1560 2245 enim
1610 2204 1732 2246 esse
1780 2187 2007 2245 addecet

432 2277 770 2333 confessioni
818 2278 995 2334 fidem.
1050 2279 1331 2335 Sentimus
1386 2295 1515 2336 vero
1573 2281 1649 2335 uti
1708 2279 2005 2335 credimus.

433 2367 552 2424 Non
577 2370 721 2425 enim
752 2378 1004 2425 naturain
1034 2372 1197 2427 habet
1229 2372 1414 2444 opinio
1451 2389 1573 2428 cum
1605 2372 1709 2429 fide
1741 2388 2003 2444 pugnare.

437 2458 541 2514 Sed
576 2459 629 2513 in
657 2476 780 2531 quae
814 2462 1113 2526 credimus,
1146 2463 1262 2516 hate
1309 2470 1364 2516 et
1404 2464 1691 2519 sentimus.
1738 2463 2008 2530 Quoniam

437 2552 602 2622 igitur
648 2553 701 2605 in
757 2551 969 2608 Patrem
1018 2564 1071 2608 et
1123 2553 1319 2608 Filium
1356 2563 1410 2609 et
1447 2553 1712 2625 Spiritum
1756 2564 2008 2609 sanctum

437 2641 572 2697 lides
605 2651 720 2707 est,
759 2642 1123 2713 insequuntur
1170 2653 1352 2700 autem
1383 2661 1443 2701 se
1486 2653 1676 2701 mutuo
1709 2644 1863 2710 lides,
1893 2647 2012 2715 epi-

437 2733 549 2798 nio,
581 2733 848 2802 baptisma
877 2752 891 2789 :
924 2742 1146 2805 prepter
1178 2738 1281 2791 hoc
1311 2746 1366 2791 et
1408 2737 1595 2805 opinio
1633 2750 1743 2789 non
1775 2737 2016 2792 secerni-

437 2832 548 2886 tur,
578 2840 642 2879 ea
671 2840 792 2894 qum
822 2826 889 2880 de
917 2825 1080 2881 Patre
1116 2836 1226 2889 est,
1260 2842 1323 2881 ea
1359 2842 1480 2897 qua:
1531 2827 1599 2882 de
1647 2825 1806 2891 Filio,
1853 2835 1907 2882 et
1949 2841 2014 2881 ea

435 2932 558 2987 quae
587 2918 652 2971 de
679 2915 889 2988 Spiritu
919 2927 1134 2974 sancto.
1171 2918 1296 2973 llaec
1325 2933 1451 2974 vere
1471 2918 1826 2985 existimatio,
1851 2934 2012 2988 quam

437 3009 673 3080 propriae
724 3017 933 3065 natura:
987 3010 1300 3074 referimus,
1351 3011 1428 3066 nil
1468 3011 1615 3066 aliud
1657 3018 1766 3074 est,
1811 3012 2014 3081 praeter

438 3115 602 3169 quam
650 3099 922 3155 bonorum
952 3115 1073 3170 qua:
1119 3101 1174 3156 in
1206 3101 1491 3172 majestate
1528 3111 1656 3157 sunt
1692 3100 1891 3157 divina:
1916 3117 2016 3156 na-

437 3200 574 3248 tura:
611 3193 907 3249 confessio.
951 3192 1067 3249 Non
1096 3195 1242 3249 enim
1281 3210 1346 3250 ex
1382 3203 1570 3249 nostra
1615 3194 1872 3250 facultate
1914 3194 2017 3248 ho-
2066 3220 2067 3223 η

437 3302 625 3343 norem
656 3287 983 3358 apponimus
1023 3286 1364 3342 inhonoratae
1407 3293 1655 3353 natum;
1702 3294 1758 3340 at
1785 3300 1850 3341 ea
1894 3300 2018 3355 quae

440 3373 687 3445 profecto
737 3374 939 3429 adsnut
995 3374 1335 3444 profitentes,
1380 3373 1642 3429 honorem
1694 3374 2013 3445 elargimur.

436 3462 706 3529 Quoniam
743 3461 907 3535 igitur
955 3462 1104 3518 inest
1140 3463 1374 3533 singulis
1419 3464 1474 3518 in
1522 3472 1710 3519 sancta
1750 3448 2019 3521 Trinitale

434 3554 769 3610 creditarum
794 3569 1150 3626 personarum
1174 3555 1689 3625 ineorruptibilitas,
1714 3556 2015 3622 aeternitas,

436 3645 841 3709 immortalitas.
870 3645 1115 3711 bonitas,
1148 3655 1411 3716 potestas,
1454 3648 1756 3711 sanctitas,
1796 3647 2017 3718 sapien-

436 3735 536 3798 tia,
567 3735 747 3790 omnis
788 3734 1185 3806 intelligentia,
1226 3737 1628 3809 magnificaque
1678 3746 1733 3792 ct
1773 3739 2013 3804 excelsa,

434 3827 565 3881 dum
598 3827 712 3881 hate
734 3825 874 3881 bona
901 3841 1022 3898 qua:
1042 3826 1255 3894 insunt,
1279 3827 1569 3885 dicuntur:
1597 3828 1805 3885 ideirco
1826 3831 2016 3887 existi-

438 3917 698 3974 mationis
726 3917 1041 3989 huiusmodi
1086 3917 1352 3975 elﬁcimur
1396 3919 1532 3989 ipsis
1567 3921 1908 3991 praebitores.
1950 3922 2017 3976 Et

436 4008 695 4080 quoniam
730 4007 914 4063 omnia
943 4008 1163 4077 quidem
1189 4024 1311 4080 quae
1334 4007 1514 4065 Patris
1555 4018 1704 4072 sunt.
1738 4011 1899 4067 habet
1927 4009 2017 4067 Fi-

436 4097 579 4165 lius;
607 4096 788 4152 omnia
811 4105 993 4153 autem
1034 4095 1152 4152 Filii
1193 4097 1334 4152 bona
1373 4097 1427 4151 in
1476 4096 1683 4168 Spiritu
1713 4099 2017 4169 inspiciun-

438 4194 567 4242 tur:
597 4188 801 4242 nullam
849 4188 906 4243 in
950 4196 1140 4244 sancta
1166 4185 1454 4253 Trinitate,
1501 4190 1803 4244 secundum
1849 4189 2009 4245 celsi-

438 4278 681 4334 tudinem
731 4280 1175 4345 existimationis,
1212 4281 1577 4337 dili‘erentiam
1636 4266 1827 4337 nuituo
1873 4283 2018 4338 inter

2186 2001 2567 2073 Βαπτιζόμεθα
2593 2000 2792 2065 τοίνυν,
2816 2001 2892 2065 ῶς
2921 2002 3325 2074 πρελάὗομεν,
3354 2007 3434 2068 εἰς
3476 2005 3696 2077 Πατέρα

2116 2095 2209 2147 καὶ
2236 2093 2362 2146 Υίδν
2384 2093 2478 2146 καὶ
2512 2091 2734 2163 Πνεῦμα
2759 2092 2933 2162 ἆγιον.
2966 2094 3301 2167 Πιστεύομεν
3325 2096 3382 2149 δὲ
3400 2096 3475 2160 ὡς
3502 2096 3696 2166 βαπτι·

2116 2182 2351 2254 ζόμεθαο
2388 2184 2675 2255 σύμφωνον
2708 2185 2817 2256 γὰρ
2848 2183 2987 2239 εἶναι
3030 2188 3299 2258 προσήκει
3327 2192 3393 2257 τῇ
3434 2188 3696 2260 ὁμολογίᾳ

2113 2277 2213 2348 τὴν
2251 2277 2453 2331 πίστιν.
2502 2276 2805 2348 Δοξὰζομεν
2833 2276 2889 2330 δὲ
2917 2277 2993 2342 ὡς
3036 2279 3384 2351 πιστεύομεν.
3421 2280 3555 2334 Οὐδὲ
3584 2283 3695 2351 γὰρ

2114 2370 2227 2441 ἔχει
2266 2370 2426 2439 φύσιν
2462 2368 2729 2440 μάχεσθαι
2755 2372 2822 2441 τῇ
2850 2370 3031 2424 πίστει
3078 2370 3176 2442 τὴν
3218 2371 3396 2437 δόξαν.
3444 2371 3582 2425 Ἀλλ’
3611 2374 3694 2436 είς

2113 2462 2151 2516 ἃ
2179 2460 2526 2532 πιστεύομεν,
2569 2459 2745 2515 ταῦτα
2774 2462 2870 2514 καὶ
2906 2460 3222 2532 δοξάζομεν.
3260 2463 3478 2533 Ἐπειδὴ
3516 2463 3694 2517 τοίνυν

2114 2555 2195 2617 εἰς
2214 2552 2434 2623 Πατέρα
2457 2553 2550 2606 καὶ
2576 2552 2702 2606 Υἱὺν
2723 2552 2818 2606 καὶ
2841 2553 3065 2624 Πνεῦμα
3089 2554 3242 2624 ἆγιον
3269 2557 3303 2626 ή
3324 2555 3505 2620 πίστις
3520 2556 3690 2609 ἐστίν·

2116 2641 2397 2696 ἀκολουθεῖ
2422 2642 2478 2695 δὲ
2498 2641 2745 2719 ἀλλήλοις
2772 2645 2805 2714 ἠ
2831 2643 3033 2709 πίστις,
3064 2646 3098 2716 ἡ
3120 2645 3269 2711 δόξα,
3292 2646 3355 2700 τὸ
3385 2646 3691 2717 βάπτισμα*

2114 2733 2203 2787 διά
2229 2734 2386 2786 τοῦτο
2416 2734 2512 2787 καὶ
2540 2734 2574 2803 ἡ
2622 2734 2749 2798 δόξα
2781 2734 2842 2786 οὐ
2885 2735 3223 2805 διακρίνεται
3259 2740 3293 2808 ἡ
3345 2738 3558 2808 Πατρὸς
3596 2740 3695 2793 καὶ

2117 2821 2247 2876 Υἱοῦ
2281 2822 2375 2875 καὶ
2404 2823 2562 2891 ἁγίου
2592 2820 2932 2893 Πνεύματος.
2958 2823 3108 2896 Αὐτη
3136 2826 3193 2878 δὲ
3227 2827 3261 2897 ἠ
3280 2825 3430 2892 δόξα,
3461 2828 3527 2899 ἢν
3559 2829 3693 2883 ἀνα-

2116 2913 2429 2984 πέμπομεν,
2450 2915 2517 2983 τῇ
2551 2912 2657 2984 ἰδίᾳ
2682 2912 2842 2983 φύσει
2865 2913 3019 2968 οὐδὲν
3043 2915 3173 2969 ἄλλο
3201 2917 3365 2981 ἐστὶν,
3397 2917 3555 2989 ἀλλ’ἢ
3585 2919 3694 2973 τῶν

2118 3003 2426 3075 προσόντων
2442 3006 2508 3074 τῇ
2542 3003 2923 3075 μεγαλειότητι
2946 3007 3048 3077 τῆς
3068 3004 3218 3069 θείας
3242 3006 3456 3075 φύσεως
3478 3009 3700 3077 ἀγαθῶν

2115 3093 2392 3164 ὁμολογία.
2423 3095 2498 3146 Ub
2532 3093 2639 3164 γὰρ
2663 3093 2723 3158 ἐξ
2742 3096 3015 3168 ἡμετέρας
3041 3095 3321 3167 δυνάμεως
3347 3099 3511 3169 τιμὴν
3527 3115 3694 3170 προσ-

2116 3184 2336 3256 τίθεμεν
2360 3187 2426 3257 τῇ
2475 3186 2726 3256 ἀτιμήτῳ
2774 3186 2968 3255 φύσει,
2994 3187 3128 3242 ἀλλά
3166 3188 3235 3242 τὰ
3268 3190 3533 3259 προσόντα
3564 3194 3698 3262 ὁμο-

2116 3276 2246 3348 λογή
2254 3293 2440 3340 σαντες
2457 3276 2554 3347 τὴν
2568 3276 2734 3347 τιμὴν
2760 3276 3224 3349 [ὲ]πληρώσαμεν.
3241 3279 3396 3334 Ἐπεὶ
3408 3277 3501 3336 οὖν
3527 3284 3698 3354 πρόσ-

2117 3384 2265 3420 εστιν
2293 3366 2508 3438 ὲκάστῳ
2541 3367 2651 3421 τῶν
2682 3369 2742 3422 ὲν
2778 3371 2844 3439 τῇ
2888 3369 3021 3440 ἁγίᾳ
3069 3368 3260 3439 Τριάδι
3292 3373 3695 3442 πιστευομένων

2118 3458 2424 3531 προσώπων
2451 3458 2755 3532 ἀφθαρσία,
2783 3460 3020 3531 ἀῖδιότης
3039 3501 3054 3526 ,
3080 3460 3369 3527 ἀθανασία,
3398 3462 3693 3533 ἀγαθότης,

2115 3549 2363 3620 δύναμις,
2393 3550 2687 3621 ἁγιασμὸς,
2719 3551 2901 3620 σοφία,
2937 3552 3048 3605 πᾶν
3068 3552 3247 3623 νόημα
3281 3553 3696 3624 μεγαλοπρεπές

2115 3658 2175 3694 τε
2199 3642 2294 3695 καὶ¹
2320 3641 2523 3712 ὑψηλὸν
2545 3642 2601 3694 ὲν
2621 3641 2700 3712 τῷ
2715 3641 2897 3711 λέγειν
2917 3642 2986 3696 τὰ
3005 3643 3275 3714 προσόντα
3293 3644 3492 3713 ἀγαθὰ⁶
3521 3645 3699 3717 τούτῳ

2116 3732 2214 3803 τῆς
2235 3732 2392 3803 δόξης
2424 3733 2724 3804 ποιούμεθα
2762 3735 2862 3805 τὴν
2893 3733 3166 3790 ἀπόδοσιν.
3203 3734 3315 3788 Καὶ
3355 3736 3477 3790 ἐπεὶ
3519 3737 3699 3792 πάντα.

2120 3826 2218 3895 μὲν
2238 3826 2306 3878 τὰ
2330 3824 2425 3878 τοῦ
2455 3825 2668 3896 Πατρὸς
2694 3826 2723 3878 ό
2754 3824 2881 3888 Υἱὸς
2907 3825 3043 3896 έχει,
3072 3825 3249 3880 πάντα
3268 3826 3325 3880 δὲ
3350 3826 3420 3880 τά
3443 3825 3536 3881 τοῦ
3559 3828 3696 3883 Υίοῦ

2115 3913 2297 3983 ἁγαθά
2328 3912 2672 3985 ὲνθεωρεῖται
2696 3913 2774 3985 τῷ
2812 3913 3092 3986 Πνεύματι
3111 3932 3127 3948 ·
3161 3915 3416 3987 οὐδεμίαν
3455 3917 3700 3990 εὑρίσκο-

2119 4021 2217 4074 μεν
2240 4004 2298 4058 έν
2320 4006 2387 4076 τῇ
2414 4003 2546 4075 ἁγίᾳ
2566 4003 2756 4075 Τριάδι
2782 4007 2924 4060 κατά
2947 4005 3039 4058 τοῦ
3068 4005 3235 4076 ὕψους
3256 4007 3354 4078 τῆς
3376 4006 3533 4079 δόξης
3556 4009 3695 4079 πρὸς

2115 4094 2314 4166 ἑαυτὴν
2357 4095 2640 4167 διαφοράν.
2694 4093 2834 4149 Οὔτε
2877 4097 2987 4169 γὰρ
3013 4099 3157 4153 κατά
3201 4115 3322 4153 τινα
3376 4100 3695 4171 σωματικὴν

2117 4190 2424 4263 σύγκρισιν,
2449 4190 2512 4243 τὸ
2543 4190 2643 4261 μὲν
2674 4188 3005 4262 ὐψηλότερόν
3033 4191 3171 4253 ἐστι,
3209 4191 3273 4245 τὸ
3299 4191 3358 4245 δὲ
3380 4192 3697 4247 ταπεινότε-

2118 4296 2230 4352 ρονο
2265 4279 2327 4333 τὸ
2374 4278 2481 4353 γάρ
2526 4280 2781 4350 ἀόρατον,
2816 4281 2911 4334 καὶ
2948 4281 3355 4353 ἀσχημάτιστον
3404 4266 3586 4354 μέτρῳ
3629 4283 3693 4337 οὐ

436 4368 612 4437 ipsam
658 4368 1047 4438 comperimus.
1089 4367 1209 4425 Non
1255 4369 1402 4425 enim
1451 4370 1756 4426 secundum
1811 4386 2007 4442 corpo.

2115 4363 2617 4441 καταλαμϐάνεταὶ.
2647 4370 2786 4425 Oli-rs
2808 4372 2951 4426 κατὰ
2975 4372 3203 4443 δύναμιν
3229 4373 3262 4444 ἢ
3292 4374 3605 4444 ἀγαθότητα
3632 4374 3697 4427 τὸ

438 4472 586 4511 ream
638 4458 926 4526 quamdam
983 4459 1450 4529 comparationem
1496 4459 1730 4515 alterum
1790 4460 2011 4530 quidem

439 4545 724 4616 procerius
762 4552 866 4611 est,
895 4547 1124 4602 alterum
1175 4562 1304 4603 vero
1355 4548 1637 4604 humilius.
1681 4548 1834 4616 Quod
1868 4550 2012 4604 enim

438 4635 588 4689 cerni
622 4634 812 4704 nequit
839 4635 1130 4704 omnisque
1179 4649 1374 4706 expers
1425 4644 1511 4691 est
1564 4635 2011 4706 ﬁgurae,dimen-

438 4726 596 4781 sione
629 4740 737 4779 non
768 4726 1268 4796 comprehenditur.
1295 4724 1481 4797 Neque
1526 4728 1831 4783 secundum
1859 4735 2014 4797 pote-

439 4823 639 4872 statem
676 4824 770 4869 aut
812 4815 1133 4879 bonitatem,
1164 4816 1462 4888 quidquam
1489 4816 1743 4873 dili'erens
1774 4831 2008 4888 compa-

440 4917 560 4962 rate
608 4907 662 4961 in
720 4916 911 4963 sancta
959 4905 1230 4963 Trinitate
1278 4909 1634 4978 comperitur,
1685 4916 1744 4962 ut
1794 4908 2010 4964 dicatur

436 5004 593 5073 juxta
626 5004 748 5073 plus
780 5012 834 5058 et
870 5003 1051 5059 minus
1095 5004 1149 5058 in
1184 5004 1319 5075 ipsis
1363 5018 1487 5059 esse
1531 5005 1868 5060 varietatem.
1904 5005 2009 5071 Qui

436 5093 583 5147 enim
616 5094 891 5163 potentius
919 5108 1084 5148 unum
1122 5093 1294 5149 altero
1320 5093 1497 5161 diea't,
1525 5094 1689 5149 tacite
1720 5094 1899 5150 fassus
1928 5102 2012 5150 est

442 5183 494 5236 id
530 5185 674 5253 quod
719 5185 773 5240 in
807 5193 1074 5255 potestate
1117 5186 1300 5241 minus
1334 5194 1441 5249 est,
1494 5186 1819 5242 imbecillius
1861 5187 2013 5241 infir-

441 5275 694 5344 miusque
730 5290 854 5331 esse
886 5276 1200 5346 potentiori.
1233 5274 1348 5331 lloe
1390 5285 1569 5331 autem
1620 5284 1878 5332 extrema:
1924 5284 2012 5333 est

439 5362 735 5432 impietatis
756 5403 772 5429 ,
805 5360 1065 5417 indicium
1097 5362 1319 5434 aliquod
1346 5362 1752 5430 imbecillitatis,
1784 5376 1877 5419 aut
1911 5365 2014 5420 im-

439 5451 765 5521 potentiam,
787 5452 902 5508 sive
927 5453 982 5508 in
1007 5468 1196 5524 parva,
1229 5454 1346 5509 sive
1375 5454 1429 5508 in
1453 5454 1651 5526 majori
1678 5470 1740 5512 re
1768 5457 1823 5512 in
1854 5458 2015 5513 unice

436 5541 624 5615 genito
688 5541 820 5608 Deo,
867 5550 922 5599 et
967 5544 1024 5600 in
1084 5543 1293 5617 Spiritu
1354 5544 1472 5614 Dei,
1527 5555 1707 5603 mente
1750 5549 2010 5621 cogitare.

514 5721 559 5753 "
595 5720 753 5778 Joau.
790 5740 849 5779 Ill
873 5763 888 5789 ,
921 5724 976 5782 8.

2108 4460 2362 4530 διάφορον
2396 4460 2764 4531 συγκριτικῶς
2810 4462 2905 4514 ἐπὶ
2937 4461 3037 4531 τῆς
3070 4462 3232 4530 ἁγίας
3267 4463 3495 4533 Τριάδος
3541 4465 3694 4535 εὐρε-

2111 4566 2320 4614 σκεται,
2350 4548 2427 4613 ὡς
2453 4551 2654 4615 εἰπεῖν,
2692 4550 2845 4621 παρά
2874 4550 2935 4602 τὸ
2964 4550 3147 4603 πλεῖον
3176 4552 3273 4605 καὶ
3294 4553 3511 4607 ἔλαττον
3553 4548 3696 4608 εἶναι

2107 4641 2164 4694 ὲν
2194 4640 2404 4704 τούτοις
2439 4640 2818 4712 παραλλαγήν.
2863 4639 2922 4693 '0
2967 4640 3077 4713 γὰρ
3127 4641 3478 4715 ἰσχυρότερον
3523 4644 3586 4697 τὸ
3632 4643 3694 4698 ἒν

2107 4731 2199 4786 τοῦ
2272 4732 2460 4804 ἑτέρου
2516 4731 2709 4798 εἰπὼν,
2754 4731 2896 4784 κατὰ
2949 4732 3011 4785 τὸ
3079 4732 3433 4804 σιωπώμενον
3489 4734 3697 4805 ὡμολό-

2107 4841 2245 4895 γησε
2293 4827 2356 4879 τὸ
2402 4822 2792 4893 ἐλαττούμενον
2818 4856 2819 4859 η
2843 4824 2901 4877 ὲν
2945 4825 3011 4895 τῇ
3056 4823 3281 4896 δυνάμει
3307 4825 3699 4898 ἀσθενέστερον

2109 4911 2248 4970 εἶναι
2284 4914 2377 4969 τοῦ
2417 4913 2805 4986 δυνατωτέρου.
2853 4914 3025 4968 Τοῦτο
3054 4914 3112 4968 δὲ
3152 4914 3252 4986 τῆς
3298 4914 3551 4988 ἐσχάτης·
3576 4918 3700 4970 ἀσε-

2111 5008 2263 5072 6είας
2308 5007 2474 5061 ἐστίν·
2529 5006 2767 5077 ἕμφασίν
2810 5024 2934 5061 τινα
2981 5007 3264 5071 ἀσθενείας
3319 5007 3354 5069 ἢ
3392 5008 3700 5079 ἀδυναμίαν

2111 5098 2222 5152 εἴτε
2263 5100 2319 5151 ὲν
2361 5098 2528 5167 ὀλίγῳ
2580 5098 2690 5151 εἴτε
2745 5098 2803 5151 ἐν
2846 5098 3051 5153 πλείονι
3095 5101 3226 5170 περὶ
3281 5100 3377 5155 τὸν
3429 5103 3697 5173 μονογενῆ

2113 5189 2264 5249 Θεὸν,
2297 5188 2394 5240 καὶ
2423 5188 2552 5259 περὶ⁵
2581 5188 2643 5241 τὸ
2674 5188 2897 5259 Πνεῦμα
2928 5187 3023 5242 τοῦ
3049 5188 3187 5242 Θεοῦ
3226 5192 3443 5245 ἐννοεῖν.
3477 5192 3698 5245 Τέλειον

2117 5280 2227 5350 γὰρ
2271 5281 2329 5333 ἐν
2372 5279 2601 5351 δυνὰμει
2649 5279 2744 5333 καὶ
2794 5279 3091 5351 ἀγαθότητι
3135 5281 3231 5335 καὶ
3271 5282 3552 5354 ἀφθαρσίᾳ
3599 5286 3698 5340 καὶ

2119 5371 2251 5424 πᾶσι
2301 5372 2413 5433 τοῖς
2446 5369 2669 5439 ὑψηλοῖς
2714 5370 2949 5441 νοήμασι
2972 5408 2989 5435 ,
3040 5372 3260 5427 καὶτὸν
3311 5372 3440 5429 Υίὺν
3488 5377 3580 5430 καὶ
3632 5377 3698 5430 τὸ

2119 5459 2341 5531 Πνεῦμα
2383 5460 2414 5513 ὁ
2460 5461 2561 5530 τῆς
2603 5460 2861 5531 ἀληθείας
2903 5462 3240 5533 παραδίδωσι
3273 5465 3449 5535 λόγος.
3503 5468 3564 5521 Εἰ
3598 5462 3697 5522 οῦν

2120 5550 2320 5616 παντὸς
2364 5550 2572 5621 ἀγαθοῦ
2612 5552 2646 5623 ἡ
2691 5550 2963 5625 τελειότης
2991 5553 3207 5626 ἑκάστῳ
3235 5556 3345 5611 τῶν
3377 5559 3436 5612 ὲν
3464 5560 3531 5629 τῇ
3559 5558 3697 5631 ἁγίᾳ
