4092 6368
387 308 522 361 1093

1518 299 1902 355 EPISTULA}.
1935 329 2000 338 —
2035 299 2250 355 EPISL.
2291 301 2452 357 XXV.

3145 242 3206 253 τι.

3493 317 3627 368 1031

379 424 570 493 Τριάδι
606 424 1005 494 πιστευομένων
1053 421 1358 492 προσώπων
1405 414 1644 483 εὐσεϐῶς
1672 420 1948 490 ὁμολογεῖ-

2051 417 2354 474 Perfectum
2379 423 2522 476 enim
2564 425 2614 476 iu
2645 433 2932 492 potestate,
2975 431 3029 478 et
3067 426 3334 487 bonitate.
3367 435 3420 481 et
3453 431 3630 482 incor-

378 531 499 575 ται,
534 515 632 565 οὑκ
665 513 774 584 ἔχει
805 515 964 582 φύσιν
1013 515 1072 566 τὸ
1111 513 1243 568 αὐτὸ
1268 513 1361 565 καὶ
1393 512 1612 577 τέλειον,
1649 512 1744 564 καὶ
1789 510 1950 562 πάλιν

378 603 464 655 διὰ
502 605 838 674 συγκρίσεως
884 606 1072 667 ἀτελὲς
1118 605 1424 674 ὀνομάζειν.
1470 603 1544 655 Τὸ
1580 604 1690 673 γὰρ
1733 601 1948 653 ἔλαττον

381 695 523 747 κατὰ
545 696 608 748 τὸ
635 695 863 766 μέγεθος
889 699 987 767 τῆς
1005 696 1306 767 δυνάμεως,
1325 696 1444 766 ἦτοι
1465 697 1566 766 τῆς
1589 693 1947 762 ἀγαθότητος,

383 785 530 837 οὐδὲν
559 785 684 840 ἄλλο
708 787 874 848 ἐστὶν,
905 785 938 856 ἢ
967 785 1154 849 ἀτελὲς
1179 785 1313 839 εἶναι
1347 785 1487 838 κατὰ
1513 784 1668 837 τοῦτο
1690 782 1954 852 διισχυρί-

382 873 589 938 ζεσθαι.
619 875 680 927 Εἰ
700 871 792 928 οὖν
816 875 1018 939 τέλειος
1047 878 1074 928 6
1101 876 1245 938 Υἱὸς,
1275 875 1475 927 τέλειον
1502 874 1595 927 καὶ
1626 874 1686 925 τὸ
1706 872 1948 940 Πνεῦμα,

381 962 586 1014 τελείου
603 963 825 1026 τέλειον,
846 963 968 1017 οὔτε
989 964 1238 1018 ἀτελέστε
1246 982 1339 1034 ρον
1351 964 1474 1017 οῦτε
1488 963 1816 1030 τελειότερον
1833 963 1922 1014 ὲπι
1933 988 1950 1000 ι

383 1055 492 1104 νοεῖ
512 1052 540 1102 6
573 1051 747 1120 λόγος·
783 1053 919 1106 ἀλλὰ
947 1056 1038 1107 καὶ
1073 1056 1138 1107 ὲκ
1161 1055 1268 1107 τῶν
1301 1055 1586 1125 ἐνεργειῶν
1620 1053 1681 1106 τὸ
1714 1052 1949 1122 ἀδιαίρε-

384 1160 473 1194 τον
506 1143 603 1212 τῆς
637 1143 795 1214 δόξης
835 1146 1344 1215 καταμανθάνομεν.
1393 1147 1654 1199 Ζωοποιεῖ
1679 1147 1708 1198 6
1739 1143 1949 1214 Πατὴρ,

386 1233 566 1295 καθὼς
595 1234 698 1304 ἔφη
727 1236 787 1288 τὸ
818 1236 1139 1305 Εὐαγγέλιον
1158 1252 1172 1266 ·
1195 1237 1446 1302 ζωοποιεί
1471 1239 1615 1291 καὶὸ
1641 1237 1769 1299 Υἱός
1786 1252 1800 1266 ⁸
1827 1235 1952 1300 ζωο-

385 1327 530 1377 ποιεῖ
553 1326 611 1378 δὲ
643 1327 734 1378 καὶ
761 1327 822 1380 τὸ
855 1329 1077 1398 Πνεῦμα
1107 1328 1246 1381 κατὰ
1271 1328 1368 1398 τὴν
1396 1327 1488 1382 τοῦ
1513 1328 1716 1398 Κυρίου
1749 1343 1952 1396 μαρτυ-

387 1419 508 1487 ρίαν
532 1418 625 1470 τοῦ
651 1419 916 1483 εἰπόντος,
947 1421 1027 1473 ὅτι
1058 1421 1119 1472 τὸ
1148 1420 1369 1489 Πνεῦμὰ
1396 1421 1512 1472 ἐστι
1543 1419 1603 1472 τὸ
1632 1416 1945 1482 ζωοποιοῦν.

387 1510 656 1581 Προσήκει
689 1509 782 1565 οῦν
808 1512 1032 1583 δύναμιν
1059 1515 1122 1566 ἐκ
1151 1511 1361 1581 Πατρὸς
1395 1512 1723 1582 ἀρχομένην,
1757 1510 1852 1563 καὶ
1884 1510 1948 1561 δι’

386 1601 517 1654 Υίοῦ
545 1603 856 1674 προϊοῦσαν,
892 1606 987 1656 καὶ
1018 1607 1073 1656 ἐν
1112 1603 1386 1672 Πνεῦματι
1413 1603 1552 1672 ἁγίῳ
1574 1601 1950 1671 τελειουμένην

384 1695 540 1746 νοεῖν.
580 1693 884 1764 Ἐμάοομεν
907 1695 1015 1765 γὰρ
1039 1694 1214 1746 πάντα
1247 1695 1308 1745 ἐκ
1329 1693 1463 1745 θεοῦ
1493 1690 1631 1745 εἶναι
1657 1692 1751 1745 καὶ
1772 1691 1949 1744 πάντα

382 1783 468 1835 διὰ
509 1783 601 1836 τοῦ
633 1786 968 1854 Μονογενοῦς
990 1828 1006 1849 ,
1056 1787 1148 1840 καὶ
1189 1788 1248 1838 ὲν
1289 1785 1437 1855 αὐτῷ
1467 1784 1780 1836 συνεστάναι
1813 1785 1948 1852 (l5)-

384 1877 479 1928 καὶ
521 1876 609 1929 διὰ
659 1879 878 1932 πάντων
924 1879 1132 1948 διήκειν
1177 1877 1274 1948 τὴν
1317 1877 1410 1929 τοῦ
1451 1877 1660 1946 [ἰατρὸς
1698 1875 1946 1944 δύναμιν,

382 1966 559 2019 πάντα
593 1969 651 2020 ἐν
682 1970 814 2021 πᾶσι
842 1959 1034 2031 καθὼξ
1049 1967 1292 2038 βούλεται
1316 1968 1398 2019 ὲνε
1409 1965 1656 2036 ργοῦσαν,
1684 1965 1758 2028 ὥς
1786 1983 1950 2036 φησιν

379 2057 409 2107 6
456 2057 790 2120 ’Λπόστολο;.

2053 514 2427 580 ruptihilitatc,
2469 523 2522 567 et
2575 515 2630 568 in
2677 516 2931 570 omnibus
2991 518 3263 584 praecelsis
3321 519 3630 586 intelligen-

2051 601 2142 653 tiis
2170 610 2227 677 et.
2260 601 2476 663 Filium,
2509 612 2564 655 et
2601 602 2891 672 Spiritum,
2921 621 3103 658 sermo
3143 608 3392 659 veritatis
3426 609 3629 676 prodit.

2054 688 2114 742 Si
2163 691 2330 759 igitur
2364 693 2547 747 omnis
2589 693 2715 746 boni
2758 694 3146 761 perfectionem
3196 697 3250 749 in
3299 699 3530 767 singulis
3574 702 3626 750 in

2017 819 2019 821 ι
2052 789 2240 834 sancta
2281 781 2548 836 Trinitatc
2589 783 2919 838 creditarum
2974 800 3330 852 personarum
3369 789 3452 856 pie
3495 805 3628 858 pro-

2052 873 2270 926 ﬁtentur
2305 889 2530 940 omnes,
2565 890 2673 928 non
2711 875 2871 928 habet
2899 884 3148 930 naturam
3187 893 3280 932 res
3320 878 3530 943 eadem,
3568 886 3629 934 ut

2051 972 2106 1018 et
2144 964 2381 1034 perfecta
2413 965 2648 1030 dicatur,
2687 975 2741 1020 et
2786 981 2979 1021 rursus
3020 980 3333 1035 comparate
3373 971 3629 1039 imperfe-

2051 1065 2138 1112 cta
2171 1058 2501 1113 nominetur.
2531 1057 2665 1112 Nam
2710 1059 2892 1112 minus
2914 1059 3069 1126 juxta
3095 1059 3161 1112 ad
3195 1060 3626 1128 magnitudinem

2050 1148 2336 1217 potestatis
2362 1156 2456 1202 aut
2483 1149 2770 1215 bonitatis,
2804 1149 2940 1202 nihil
2987 1149 3130 1202 aliud
3166 1159 3271 1212 est,
3315 1165 3379 1204 ac
3411 1166 3627 1206 asseve-

2053 1249 2238 1294 ranter
2254 1255 2380 1296 esse
2404 1239 2748 1303 alIirmatum,
2769 1241 2921 1310 juxta
2945 1241 3048 1296 hoc
3076 1257 3197 1297 esse
3226 1243 3623 1312 imperfectum.

2054 1329 2110 1382 Si
2144 1330 2312 1400 igitur
2342 1330 2618 1400 perfectus
2669 1329 2872 1396 Filius,
2924 1331 3201 1401 perfectus
3245 1342 3300 1387 et
3341 1333 3582 1403 Spiritus
3608 1378 3626 1401 ,

2053 1422 2279 1490 perfecti
2311 1421 2637 1490 perfectura,
2666 1438 2839 1490 neque
2875 1424 3267 1493 imperfectius,
3301 1440 3475 1494 neque
3505 1441 3626 1495 perv

2055 1515 2250 1567 I'cctius
2278 1511 2480 1580 cogitat
2523 1513 2681 1566 ratio.
2738 1512 2842 1567 Sed
2873 1523 2928 1566 ct
2957 1516 3118 1568 etiam
3163 1531 3227 1570 ex
3263 1518 3624 1584 potestatibus

2051 1603 2315 1658 alliciendi
2347 1603 2728 1659 iudivisionem
2764 1606 2922 1673 plane
2945 1605 3305 1674 perdiscimus
3331 1608 3622 1676 opinionis.

2057 1692 2306 1749 Viviﬁcat
2359 1693 2541 1759 Pater,
2574 1696 2737 1749 veluti
2776 1695 2852 1747 ait
2900 1695 3249 1765 Evangelium
3283 1699 3361 1763 ‘9;
3393 1698 3627 1752 vivitieat

2055 1794 2108 1840 et
2155 1785 2368 1852 Filius;
2402 1786 2638 1839 viviﬁcat
2680 1794 2857 1840 autem
2915 1797 2970 1841 et
3029 1785 3287 1856 Spiritus,
3325 1788 3482 1856 juxta
3526 1788 3629 1838 Dn—

2057 1879 2186 1931 miui
2227 1879 2598 1932 testimonium
2631 1877 2886 1943 dicentis,
2920 1878 3063 1948 quod
3104 1877 3340 1948 Spiritus
3377 1888 3463 1933 est
3497 1880 3630 1932 rivi-

2056 1970 2224 2022 lit-aus
2265 1970 2328 2020 ηδ.
2363 1969 2603 2023 Addecet
2645 1969 2810 2036 igitur
2845 1976 3168 2039 potestatem
3200 1985 3264 2023 ex
3299 1970 3458 2023 Patre
3497 1971 3632 2022 inei-

2056 2063 2312 2130 pientem,
2349 2069 2401 2114 et
2437 2075 2532 2130 per
2567 2059 2760 2114 Filium
2811 2062 3183 2130 prodeuntem,
3216 2078 3278 2115 ac
3324 2063 3376 2115 in
3425 2063 3630 2130 Spiritu

381 2143 572 2204 saucto
631 2152 846 2205 tandem
902 2149 1195 2220 perfectam
1268 2149 1588 2216 intelligere.
1650 2147 1951 2206 Didicimus
1987 2155 2131 2208 enim
2196 2156 2378 2209 omnia
2440 2171 2504 2208 cx
2536 2155 2646 2208 Deo
2673 2171 2817 2220 esse,
2847 2165 2901 2210 et
2927 2159 3108 2210 omnia
3134 2173 3228 2228 per
3253 2157 3629 2227 Unigcnituui,

379 2244 515 2299 etin
559 2243 677 2313 ipso
708 2242 998 2314 Uuigcnito
1065 2241 1404 2307 subsistere,
1475 2255 1676 2308 perque
1718 2244 1900 2296 omnia
1970 2245 2146 2302 Patris
2211 2247 2506 2316 pervadere
2567 2256 2933 2318 potestatem,
2991 2251 3173 2305 omnia
3233 2250 3290 2304 in
3351 2251 3638 2314 omnibus,

382 2345 544 2406 prout
573 2339 705 2401 ruit,
735 2345 1078 2407 operantem,
1102 2333 1265 2388 veluti
1296 2331 1430 2388 dicit
1462 2333 1755 2401 Apostolus
1786 2336 1852 2390 '°.

903 2649 1248 2704 ΕΠΙΣΤΟΛΙΙ
1283 2654 1410 2705 κει.

2563 2645 2903 2702 EPISTOLA
2943 2643 3107 2703 XXV.

380 2799 631 2876 Mariyrii
654 2805 990 2869 desiderium,
1032 2806 1136 2860 Deo
1165 2807 1399 2874 iuvante,
1425 2823 1663 2876 prospere
1684 2806 1860 2861 cedere
1885 2803 2070 2869 tradit,
2102 2813 2150 2856 et
2185 2803 2350 2876 Deum
2396 2801 2477 2876 illi
2505 2799 2896 2876 obsecundare._
2924 2796 3356 2876 Amphilochium
3385 2796 3636 2876 hortatur

450 2867 988 2947 utjidoneosopi/ices
1015 2876 1084 2928 ad
1120 2867 1179 2928 se
1206 2867 1397 2930 mittat
1425 2867 1522 2947 pro
1547 2867 1725 2945 'opere
1755 2876 2034 2947 cujusdam
2058 2867 2278 2947 sacelli,
2327 2872 2463 2947 quod
2496 2870 2830 2930 moliebatur,
2867 2868 3136 2947 faciundo.
3185 2867 3380 2947 ‘Qpe‘ris
3413 2869 3626 2947 _idrirro

450 2937 877 3012 ichnographiam
902 2956 951 2999 et
980 2956 1302 3000 structuram
1328 2937 1619 3000 unii-ersam
1641 2937 1886 3000 accurate
1907 2944 2151 2997 describit
2173 2959 2191 3004 ;
2213 2937 2674 3012 αἱηιρηκὲοηεεᾳμε
2698 2937 2876 2992 omnes
2899 2949 2945 3012 et
2970 2937 3252 3012 intervalla
3276 2938 3563 3012 fornicum.
3579 2946 3628 2987 et

450 3007 662 3077 ιι·άίῇὲἰὶ
689 3007 967 3068 strobilum
999 3032 1089 3068 seu
1119 3018 1451 3077 testudinem,
1482 3027 1530 3069 et
1560 3018 1700 3068 muri
1732 3012 2081 3067 circumducti
2112 3011 2538 3066 crassitudinem.
2583 3007 2834 3076 Deinceps
2867 3009 3134 3078 significat
3166 3007 3413 3078 opificum
3440 3021 3625 3078 operas

450 3075 779 3156 praistandas
806 3087 859 3138 in
884 3085 1139 3151 poliendis
1170 3075 1456 3156 lapidibus,
1487 3085 1842 3138 marmoribus
1856 3093 1919 3156 et
1949 3083 2208 3156 columnis
2227 3097 2244 3135 :
2266 3090 2314 3133 et
2327 3080 2602 3156 lignorum
2630 3075 2903 3146 penuriam
2919 3075 3282 3156 'snbjicit,qua
3306 3077 3448 3144 adigi
3485 3092 3539 3127 se
3561 3075 3629 3124 ad

453 3146 804 3207 adhibendam
839 3146 1073 3222 lapidum
1099 3146 1411 3210 materiem:
1447 3171 1608 3222 neque
1637 3157 1802 3207 aliam
1836 3153 2110 3222 ﬁguliaam
2150 3146 2450 3222 materiam,
2482 3165 2640 3217 quam
2669 3158 2948 3222 testaceam
2979 3146 3078 3199 sibi
3109 3155 3304 3222 prtrst‘o
3345 3161 3492 3222 esse:
3525 3162 3628 3222 stt-'1

446 3235 606 3289 peque
629 3235 799 3277 monet
828 3213 1180 3278 mercenaries
1208 3226 1440 3278 homines
1465 3213 1708 3294 benignos
1741 3225 1792 3275 iu
1827 3213 2058 3294 iniercede
2091 3218 2429 3294 paciscenda,
2485 3213 2534 3294 et
2564 3233 2783 3294 parcum
2814 3218 3040 3285 pretium
3071 3215 3214 3294 operi
3253 3214 3500 3294 facientes
3529 3213 3629 3294 sibi

449 3284 576 3362 opus
610 3307 742 3357 esse,
768 3294 830 3347 ob
863 3297 1219 3348 nummariam
1249 3297 1302 3348 in
1343 3310 1453 3362 qua
1492 3284 1626 3358 era't,
1654 3293 2048 3361 difﬁcultatem.
2087 3284 2159 3343 De
2186 3289 2436 3362 introitus
2461 3288 2644 3362 etiam,
2676 3299 2725 3340 et
2741 3284 3032 3362 ianuarum
3057 3284 3412 3362 aediﬁcatione
3445 3301 3506 3336 ac
3525 3285 3629 3362 _de-

452 3353 769 3434 lineatione;
791 3373 901 3416 tum
930 3364 995 3416 de
1020 3364 1294 3434 peristylio
1316 3353 1674 3434 quadraginta
1699 3353 2062 3415 columnarum
2111 3359 2353 3430 quwdam
2403 3359 2682 3411 subnectit.
2742 3353 2975 3412 Tandem
3022 3355 3068 3409 si
3103 3355 3361 3408 minutam
3393 3353 3626 3408 omnium

451 3429 758 3486 subduxerit
801 3429 1085 3497 rationein,
1111 3429 1344 3503 pecunia}
1369 3429 1602 3502 inopiam
1661 3440 1882 3490 excusat

982 3592 1354 3662 Ἀμφιλοχίφ.

461 3679 591 3753 Ἤδη
643 3699 729 3752 μοι
781 3699 1081 3753 πεπεισμαι
1123 3683 1570 3755 κατορθώσασοαι
1617 3682 1757 3735 κατὰ
1810 3680 1945 3733 Θεοῦ

378 3771 538 3842 χάριν
563 3772 661 3842 τὴν
692 3773 783 3824 ἐπὶ
804 3771 881 3842 τῷ
904 3773 1186 3843 μαρτυρίῳ
1211 3772 1322 3843 (l6)
1349 3773 1600 3843 σπουδήν.
1629 3769 1944 3838 Θελήσειαςί

380 3863 561 3933 Πέρας
597 3863 657 3916 τὸ
692 3863 1122 3933 σπουδαζόμενον
1159 3860 1270 3926 ἔξει
1301 3866 1368 3933 τῇ
1402 3863 1630 3932 δυνάμει
1657 3861 1751 3914 τοῦ
1777 3860 1946 3922 Θεοῦ,

379 3952 540 4023 ἔργον
586 3953 852 4006 ποιεῖσθαι
884 3952 1183 4022 δυναμένου
1214 3953 1304 4005 τὸν
1351 3953 1530 4021 λόγον,
1677 3952 1743 4004 ἂν
1795 3951 1944 4020 εἴπῃ.

393 4044 630 4114 Ἐπειδὴ,
659 4043 839 4107 καθώς
866 4060 1027 4114 φησιν
1055 4045 1083 4095 6
1132 4041 1450 4106 Ἀπὸστολος
1472 4082 1488 4106 ,
1527 4043 1556 4094 6
1586 4041 1949 4111 ἐναρξάμενος

379 4135 538 4203 ἔργον
571 4135 795 4203 ἀγαθον,
844 4135 934 4187 καὶ
969 4133 1298 4186 ἐπιτελέσει·
1344 4133 1726 4204 παρακλήοητι
1757 4131 1851 4185 καὶ
1894 4131 1952 4183 ἒν

377 4223 551 4293 τούτῳ
583 4224 824 4295 μιμητὴς
866 4223 1182 4293 γεγενέσθαι
1215 4222 1328 4292 (Π)
1361 4224 1454 4277 τοῦ
1507 4223 1743 4294 μεγάλου
1801 4221 1952 4274 Παύ-

378 4315 492 4383 λου,
525 4315 620 4369 καὶ
647 4317 725 4379 είς
751 4316 908 4386 ἔργον
934 4317 1064 4386 ἡμῖν
1091 4318 1424 4386 προαγαγεῖν
1441 4315 1539 4377 τὰς
1565 4314 1784 4376 ἐλπίδας
1800 4354 1816 4378 ,
1850 4315 1946 4366 καὶ

377 4407 621 4476 τεχνίτας
651 4408 780 4477 ἡμῖν
806 4407 1091 4469 τοσούτους
1122 4406 1356 4476 πέμψαι,
1390 4405 1528 4458 ὥστε
1562 4405 1779 4467 ἱκανοὺς
1809 4404 1945 4473 πρὸς

375 4497 436 4549 τὸ
465 4498 622 4568 ἔργον
654 4493 818 4549 εἶναι.
851 4497 1064 4550 Γένοιτο
1091 4497 1136 4550 δ’
1165 4497 1231 4551 ἂν
1259 4498 1323 4550 ἐκ
1363 4495 1722 4565 συλλογισμοῦ
1755 4497 1822 4564 τῇ
1853 4512 1943 4546 τε-

377 4588 610 4659 λειότητί
634 4605 725 4640 σου
747 4588 1041 4660 γνώριμον,
1068 4591 1145 4653 εἰς
1159 4590 1279 4643 ὅσον
1309 4589 1504 4659 μέτρον
1526 4589 1670 4642 ἆπαν
1693 4586 1754 4639 τὸ
1784 4587 1945 4658 ἔργον

452 4775 496 4808 ⁸⁸
530 4774 689 4830 Joan.
713 4791 768 4840 ν,
799 4774 892 4829 ιιι.

449 4933 565 5004 (l5)
588 4931 693 4984 Kal
721 4932 790 4985 ἐν
815 4931 895 4998 τῷ
918 4929 1306 5004 συὴεστὰναι.
1332 4930 1672 4992 Συνιστάναι,
1693 4945 1795 5004 seu
1829 4947 1952 4982 συν-

376 5001 660 5057 εστακέναι
694 5018 819 5057 vere
853 5017 976 5057 esse
1007 5001 1271 5055 deberet:
1305 5011 1358 5053 et
1398 5009 1584 5069 posset
1632 5001 1796 5052 etiam
1828 5015 1951 5054 esse

378 5073 643 5142 συστῆσαι
692 5080 783 5142 aut
823 5071 1086 5142 συστῆναι
1122 5085 1138 5100 ο
1180 5069 1276 5142 sed
1319 5071 1436 5123 lucc
1471 5071 1580 5123 duo
1617 5069 1832 5142 longius
1864 5069 1948 5142 di-

377 5139 577 5198 stauta
609 5141 821 5197 codicis
841 5139 1025 5196 verbo.
1044 5140 1398 5195 Occurrimus
1423 5149 1602 5191 tamen
1632 5139 1946 5206 aliquando,

377 5213 501 5266 licet
565 5213 719 5265 valde
767 5227 917 5281 raro,
953 5210 1030 5281 τῷ
1074 5209 1442 5281 συνεστάναιῇ
1472 5209 1614 5278 quod
1664 5210 1769 5281 erit
1808 5209 1947 5281 κατᾲ

378 5282 655 5350 συγκοπήν
681 5321 695 5344 ,
741 5297 769 5334 a
820 5280 898 5350 τῷ
942 5277 1324 5332 συνεστακέναι
1354 5295 1367 5309 ·
1401 5277 1838 5332 εἰθίσυνεστάναι
1886 5278 1947 5330 τὸ

376 5351 595 5421 ζήτημα
628 5352 865 5421 dicitur;
901 5350 950 5404 id
985 5358 1070 5421 est
1102 5350 1458 5421 qumstionem
1493 5363 1586 5421 seu
1616 5356 1947 5421 controver-

375 5417 878 5484 siani‘consistere,
917 5417 1245 5482 subsistere,
1272 5433 1394 5473 cum
1437 5417 1492 5472 in
1533 5417 1804 5486 judicium
1854 5431 1950 5488 po-

377 5496 481 5541 test
510 5489 626 5557 ipsa
653 5489 869 5542 deduci.

448 5556 558 5626 (lli)
592 5560 920 5626 Μαρτυρίῳ.
945 5558 1098 5612 lianc
1134 5572 1322 5612 vocem
1367 5556 1635 5624 interpres
1671 5571 1767 5624 pro
1805 5571 1951 5626 πιανέ

378 5631 514 5696 tyrio
542 5625 736 5681 ’strietc
765 5639 983 5698 sumpto
1015 5629 1246 5698 accepit,
1277 5636 1334 5680 ut
1359 5633 1780 5698 exjargutnento
1800 5625 1946 5694 quod

377 5694 618 5768 epistola:
671 5694 986 5768 praeposuit,
1036 5694 1373 5768 compertum
1428 5694 1724 5754 litﬁAhter
1764 5702 1946 5749 tamen

969 4774 1012 4807 ‘9
1041 4771 1199 4829 Joan.
1232 4789 1308 4839 Vl,
1340 4775 1428 4829 65.
1507 4774 1554 4807 ’θ
1578 4774 1594 4827 l
1621 4774 1751 4828 Cor.
1782 4786 1878 4835 xit,
1917 4771 1981 4839 6;
2018 4771 2218 4843 Ephes.
2245 4786 2285 4836 ι,
2320 4772 2405 4825 ll.

2653 3583 3038 3653 Amphilochia.

2118 3699 2237 3738 eam
2270 3693 2568 3753 persuasus
2599 3693 2719 3732 sum
2762 3691 2858 3746 per
2898 3674 2988 3728 Dei
3027 3675 3253 3744 gratiam
3310 3687 3455 3726 recte
3502 3686 3628 3725 ces-

2049 3788 2238 3829 surum
2293 3769 2542 3840 martyrii
2584 3765 2844 3822 studium.
2897 3765 2941 3818 Ο
2973 3766 3179 3818 utinam
3216 3762 3413 3817 velles!
3464 3763 3625 3814 linem

2048 3864 2348 3934 expetitum
2398 3860 2532 3914 illud
2573 3857 2813 3921 habebit,
2847 3855 2940 3909 Dei
2987 3855 3261 3924 potentia,
3301 3854 3394 3924 qui
3424 3860 3622 3922 potest,

2051 3953 2140 4006 ubi
2187 3952 2463 4021 loquatur,
2489 3962 2796 4003 sermonem
2845 3945 3055 4000 elliccre
3085 3960 3259 4014 opus:
3283 3945 3629 4014 quandoqui-

2049 4041 2193 4106 dem,
2221 4040 2388 4096 veluti
2410 4039 2544 4094 dicit
2573 4037 2886 4107 Apostolus,
2906 4037 3000 4105 qui
3023 4035 3212 4104 incipit
3232 4049 3368 4102 opus
3399 4035 3623 4095 bonum,

2048 4132 2183 4186 illttd
2211 4133 2374 4187 etiam
2403 4130 2655 4185 conﬁciet
2676 4131 2740 4183 ²¹.
2766 4128 3014 4183 Excitarc
3053 4134 3233 4180 autem
3266 4133 3322 4179 ut
3359 4135 3410 4180 et
3446 4126 3498 4178 in
3525 4125 3627 4179 bac

2050 4238 2110 4278 re
2139 4237 2356 4293 quoque
2391 4222 2630 4276 imitator
2652 4221 2749 4276 lias
2773 4219 2951 4291 magni
2983 4219 3134 4273 Pauli
3162 4238 3180 4284 ;
3207 4227 3374 4288 utque
3403 4218 3459 4271 in
3487 4232 3624 4287 opus

2050 4315 2211 4370 nobis
2246 4329 2372 4383 spes
2399 4314 2668 4383 provehas
2702 4331 2716 4368 :
2749 4312 3098 4382 artiﬁcesque
3143 4310 3302 4365 nobis
3348 4317 3428 4363 tot
3472 4308 3624 4362 mitte

2050 4413 2112 4460 ut
2137 4405 2202 4459 ad
2229 4419 2367 4474 opus
2391 4405 2503 4460 sint
2529 4405 2726 4459 idonei.
2754 4401 2876 4458 Fiat
2907 4412 3086 4458 autem
3120 4418 3183 4457 ex
3217 4401 3625 4471 computatione

2051 4494 2376 4566 perfectioni
2450 4503 2557 4548 tua:
2624 4501 2838 4559 notum,
2897 4499 3155 4562 quantam
3225 4491 3624 4545 dimensionem
3713 4515 3716 4518 -

2055 4588 2378 4642 universum
2414 4601 2554 4656 Opus
2589 4585 3018 4655 computabitur.
3057 4585 3227 4666 Cujus
3263 4583 3436 4654 gratia
3481 4589 3626 4636 stru-

2484 4771 2528 4801 ¹¹
2567 4770 2799 4840 Philipp.
2832 4785 2870 4834 ι,
2895 4771 2949 4824 6.

2057 4931 2288 4986 suadere
2314 4929 2530 4983 videtur
2561 4935 2872 4982 contextus.
2912 4925 3202 4990 Nimirmn,
3242 4941 3354 4980 mea
3401 4925 3622 4994 quidem

2058 5001 2350 5058 sententia,
2405 4998 2647 5067 loquitur
2687 4998 2784 5067 hic,
2827 4995 3106 5066 Nyssenus
3152 4999 3218 5050 de
3271 5000 3459 5062 templo
3511 4999 3625 5049 sire

2053 5070 2244 5123 sacello
2302 5066 2695 5122 construendo.
2763 5066 2876 5120 Sub
2937 5067 3036 5118 hac
3093 5067 3238 5120 enim
3310 5067 3626 5134 acceptione

2053 5155 2240 5208 vocem
2272 5137 2568 5208 μαρτύριον
2585 5137 2722 5191 sumi
2750 5137 2898 5208 haud
2911 5136 3009 5208 inf
3012 5143 3294 5208 requcnter
3304 5142 3458 5208 _apud
3485 5136 3627 5188 Grae-

2051 5223 2147 5263 cos
2194 5204 2464 5277 Ecclesiae
2489 5208 2805 5277 scriptores,
2847 5205 2985 5277 nihil
3029 5204 3255 5277 certius.
3295 5204 3623 5277 Chrysosto-

2051 5294 2176 5332 mus
2227 5286 2364 5331 tom.
2410 5275 2426 5328 Ι
2473 5277 2550 5328 Ad
2607 5275 2724 5346 pop.
2772 5275 3152 5329 Antiochenam
3185 5291 3203 5328 :
3248 5276 3304 5328 Ὀ
3347 5276 3492 5328 δεῖνα
3544 5277 3624 5338 εἰς

2053 5346 2350 5418 μαρτῦριον
2382 5346 2765 5418 ἀπεδήμησενν
2799 5345 2877 5418 ad
2905 5348 3226 5418 martyfium
3263 5347 3623 5418 peregrinatus

2047 5413 2148 5470 est:
2184 5413 2368 5485 Neque
2405 5413 2572 5485 aliter
2593 5413 2792 5469 Latini.
2822 5414 3034 5471 Videsis
3061 5413 3353 5485 ’Suicerum
3378 5413 3431 5469 in
3466 5413 3620 5468 This.

2048 5487 2175 5540 eccl.
2209 5484 2608 5556 νζΜαρτῦριον
2645 5502 2717 5556 tr,
2746 5494 2876 5538 tom.
2911 5485 2972 5549 ll,
3005 5501 3125 5555 pag.
3163 5484 3287 5542 519.

2121 5557 2168 5654 (1
2182 5557 2238 5680 ’ῖέ
2257 5553 2634 5623 Γετένέὰθαι.
2681 5555 2933 5613 Fortasse
2963 5553 3237 5626 γενέσθαι,
3263 5569 3390 5610 nam
3427 5553 3487 5607 τὺ
3529 5566 3626 5622 γι-

2121 5643 2208 5680 νςσ
2243 5643 2298 5680 αι
2339 5641 2445 5680 non
2481 5626 2651 5680 adest.

2046 5626 2298 5695 γενέσθαι
2339 5641 2445 5682 nou
2481 5626 2651 5682 adest.
