4092 6368
451 306 592 365 1093

1697 310 1756 366 S.
1796 311 2127 370 GREGORII
2165 310 2459 373 NYSSENI

3601 325 3752 382 1096

441 432 657 480 cturam
702 438 922 479 onmem
979 424 1252 480 orationis
1294 420 1674 494 descriptione
1718 428 1816 483 tibi
1871 429 2020 483 mani

2155 432 2638 505 συλλογισοήσεται
2658 449 2671 462 ο
2702 425 2764 487 οὗ
2793 434 2954 505 χάριν
2986 435 3220 507 φανερόν
3247 453 3331 491 σοι
3359 439 3580 511 ποιῆσαι
3623 459 3752 497 πει-

443 519 640 572 festam
703 515 888 572 facere
943 516 1209 572 conabor.
1238 516 1392 571 Crux
1450 526 1536 572 est
1593 520 1786 574 saeclli
1846 519 2043 590 ﬁgura;

439 620 704 680 quatuor,
733 610 815 665 uti
847 619 1088 679 oportet,
1122 609 1334 664 rudibus
1362 624 1430 664 ex
1475 611 1625 664 omni
1665 620 1820 681 parte
1866 613 2048 682 reple-

440 711 516 756 ta.
554 701 624 757 At
653 701 1131 773 comprehendunt
1187 717 1312 756 sese
1369 709 1565 756 mutuo
1607 702 1808 757 :edium
1847 719 2044 772 nexus,

439 795 911 864 quemadmodum
946 796 1002 849 in
1023 795 1348 850 cruciformi
1391 796 1566 866 ﬁgura
1597 795 1806 866 ubique
1836 796 2044 852 factum

440 887 716 942 videmus.
752 887 918 940 Cruci
953 897 1134 941 autem
1170 887 1416 943 circulus
1445 896 1573 943 octo
1617 888 1835 959 angulis
1872 888 2046 945 inter-

441 990 636 1051 ceptus
667 981 937 1051 injicitur.
973 981 1036 1035 Et
1065 981 1336 1037 circulum
1381 989 1607 1053 propter
1638 982 2046 1039 circumferen-

441 1068 600 1131 tiam,
633 1077 945 1139 octagonon
1007 1070 1289 1124 nominavi
1356 1070 1630 1143 ﬁguram;
1686 1071 1762 1126 ita
1814 1082 1876 1127 ut
1913 1073 2044 1130 hina

441 1161 701 1230 octogeni
753 1161 926 1216 latera
971 1171 1166 1217 mutuo
1217 1172 1410 1219 contra
1446 1179 1544 1234 per
1587 1162 1924 1220 diametrum
1955 1166 2046 1236 ja-

441 1253 650 1315 centia,
685 1269 781 1323 per
822 1253 1096 1308 fornicum
1127 1263 1460 1310 curvaturas
1493 1255 1767 1310 circulum
1797 1257 1938 1326 ipsis
1986 1259 2042 1312 in

442 1351 685 1413 quatuor
715 1353 899 1414 partes
929 1345 1312 1415 adiacentibus
1351 1346 1562 1402 aedibus
1604 1348 1659 1402 in
1696 1348 1877 1404 medio
1908 1364 2044 1405 cono

445 1442 687 1488 nectant.
748 1437 867 1490 Alia
924 1452 1055 1491 vero
1114 1449 1358 1508 quatuor
1412 1439 1669 1509 octogeni
1723 1439 1897 1493 latera
1962 1440 2044 1494 in~

441 1535 526 1582 ter
553 1529 856 1599 quadratas
911 1531 1057 1585 :edes
1094 1530 1452 1600 pertinentia,
1510 1545 1618 1584 non
1666 1532 1785 1601 ipsa
1820 1533 2041 1601 quidem

438 1622 793 1677 continenter
839 1627 893 1678 iu
945 1624 1093 1679 aedes
1124 1623 1569 1694 protendentur:
1605 1639 1798 1678 verum
1835 1625 1892 1678 in
1929 1623 2042 1679 sin-

439 1715 585 1785 gulis
651 1716 896 1785 ipsarum
964 1715 1356 1787 hemicyclium
1424 1716 1845 1784 circumjacebit
1905 1731 2041 1770 con~

2155 524 2394 596 ράσομαι
2422 528 2604 580 πᾶσαν
2652 527 2752 597 τὴν
2792 527 3141 600 κατασκευὴν
3172 530 3262 584 διὰ
3307 532 3409 603 τῆς
3439 531 3537 587 τοῦ
3581 531 3747 603 λόγου

2150 617 2391 686 γραφῆς.
2420 617 2664 687 Σταυρός
2695 618 2812 671 ἐστι
2841 619 2936 673 τοῦ
2969 619 3263 692 εὐκτηρίου
3292 622 3355 675 τὸ
3381 623 3591 694 σχῆμα,
3615 625 3749 679 τέσ-

2150 719 2310 774 caput.
2334 743 2348 766 ,
2383 703 2458 767 ὡς
2483 704 2652 768 εἰκὸς,
2697 705 2869 770 οἴκοις
2901 708 3278 779 ἁπανταχόθεν
3323 711 3750 785 ἀναπληρούμε-

2148 810 2257 858 νος.
2294 793 2448 848 Ἀλλά
2475 794 2991 866 καταλαμϐάνουσιν
3012 798 3249 870 ἀλλήλας
3267 801 3324 856 αἱ
3349 803 3620 874 συμϐολαὶ
3634 805 3750 858 τῶν

2146 884 2335 946 οἴκων,
2377 884 2568 957 ὥσπερ
2615 887 2834 959 ὁρῶμεν
2867 889 3146 962 πανταχοῦ
3179 893 3239 946 ὲν
3287 893 3366 964 τῷ
3409 896 3753 966 σταυροειδεί

2146 975 2302 1046 τύπῳ
2332 977 2643 1046 γενόμενον.
2709 979 2848 1033 Ἀλλ’
2894 980 3141 1049 ἔγκειται
3169 982 3248 1053 τῷ
3279 985 3498 1058 σταυρῷ
3544 986 3750 1049 κύκλος

2145 1067 2292 1122 ὀκτὼ
2314 1069 2540 1138 γωνίαις
2583 1070 2986 1142 διειλημμένος.
3022 1073 3238 1130 Κύκλον
3272 1075 3329 1129 δὲ
3371 1076 3460 1130 διὰ
3490 1077 3552 1130 τὸ
3583 1095 3748 1149 περι-

2147 1162 2310 1232 φερὲς
2347 1162 2609 1232 ὼνόμασα
2639 1163 2702 1216 τὸ
2726 1164 3037 1234 ὀκτάγωνον
3070 1167 3278 1238 σχῆμα.
3312 1166 3456 1222 ὥστε
3511 1169 3612 1233 τὰς
3645 1169 3748 1223 δύο

2145 1252 2238 1305 τοῦ
2267 1253 2581 1322 όκταγώνου
2611 1255 2853 1326 πλευρὰς
2878 1297 2894 1325 ,
2925 1257 3023 1321 τὰς
3047 1260 3112 1312 ὲκ
3148 1259 3442 1332 διαμέτρου
3476 1261 3746 1333 ἀλλήλαις

2147 1346 2564 1417 ἀντικειμένας,
2609 1349 2674 1400 δι’
2710 1348 2914 1418 ἀψίδων
2960 1353 3073 1413 τοῖς
3109 1350 3347 1422 τετραχῆ
3390 1354 3743 1423 παρακειμέ-

2144 1455 2258 1501 νοις
2279 1438 2450 1502 οἴκοις
2481 1439 2573 1493 τδν
2602 1442 2661 1495 ἐν
2689 1441 2766 1512 τῷ
2803 1443 2956 1514 μέσῳ
2992 1445 3287 1498 συνάπτειν
3329 1444 3552 1498 κύκλον·
3589 1447 3646 1499 αἱ
3677 1446 3741 1498 δὲ

2144 1529 2300 1584 ἄλλαι
2347 1531 2610 1603 τέσσαρες
2652 1534 2746 1587 τοῦ
2789 1534 3102 1604 ὀκταγώνου
3152 1535 3404 1608 πλευραὶ,
3439 1539 3496 1590 αἱ
3529 1537 3737 1607 μεταξὺ

2144 1619 2252 1674 τῶν
2295 1623 2652 1694 τετραγώνων
2691 1624 2856 1678 οἴκων
2889 1626 3194 1696 διήκουσαι,
3230 1626 3348 1682 οὐδὲ
3391 1626 3553 1680 αὐταὶ
3590 1626 3737 1681 κατὰ

2143 1709 2204 1762 τὸ
2250 1712 2474 1782 συνεχὲς
2520 1713 2600 1776 εἰς
2639 1712 2821 1778 οἴκους
2865 1715 3326 1788 ἀποταοήσονται·
3375 1715 3489 1770 ἀλλ’
3525 1716 3735 1789 ἑκάστῃ

438 1807 697 1863 chiformi
768 1808 942 1879 ﬁgura
1023 1823 1246 1864 sursum
1325 1824 1520 1864 versus
1590 1809 1741 1861 circa
1812 1807 2024 1862 fornici:

2147 1801 2353 1856 τούτων
2401 1804 2724 1874 ἡμικύκλιον
2783 1806 3159 1876 περικείσεται
3215 1805 3571 1877 κογχ).οειδῶς
3621 1806 3737 1876 (18)

441 1899 800 1968 perimetrutn
851 1900 1114 1956 desinens
1161 1918 1176 1956 :
1229 1907 1290 1955 ut
1351 1909 1406 1954 ct
1456 1909 1582 1957 octo
1636 1900 1750 1954 sint
1803 1898 2042 1957 fornices

439 2007 667 2057 omnes,
727 2009 822 2063 per
876 2008 1018 2064 quos
1076 1994 1210 2064 ipsas
1265 2001 1460 2048 mutuo
1513 1992 1804 2063 quadrata:
1868 1994 2037 2060 aedes,

437 2093 494 2138 et
537 2085 863 2156 hemicyclia
895 2084 961 2140 ad
1004 2085 1248 2140 medium
1285 2084 1529 2140 habeant
1583 2081 2039 2155 contiguilatcm.

438 2175 693 2231 interiori
745 2185 901 2246 parte
927 2191 1060 2232 vero
1105 2178 1339 2232 laterum
1381 2176 1758 2247 diagonalium
1793 2173 2040 2245 quadra-

439 2275 620 2321 torum
665 2267 907 2336 requales
957 2283 1194 2324 numero
1224 2268 1489 2324 astabunt
1537 2268 1834 2333 columnas,
1869 2280 2037 2319 orna-

438 2361 610 2415 menti
643 2368 697 2415 ct
734 2360 954 2415 roboris
979 2362 1178 2430 gratia.
1217 2361 1585 2417 Sustinebunt
1612 2367 1795 2415 autem
1819 2367 1874 2414 et
1902 2359 2038 2429 ipsa:

437 2465 605 2518 super
627 2466 686 2506 se
716 2450 986 2516 fornices,
1013 2468 1170 2522 aeque
1197 2461 1365 2523 atque
1396 2453 1434 2506 ii
1463 2452 1557 2522 qui
1589 2453 1759 2514 intus,
1785 2458 2036 2506 constru-

435 2552 577 2600 ctos.
615 2543 793 2614 Supra
829 2546 933 2601 hos
979 2553 1160 2601 autem
1212 2554 1339 2602 octo
1382 2544 1626 2601 fornices
1675 2544 2034 2616 proportione

436 2636 826 2706 superiniectis
854 2637 1137 2702 fenestris,
1164 2647 1434 2705 octngona
1465 2636 1666 2692 domus
1693 2636 1760 2690 ad
1793 2645 2034 2705 quatuor

433 2727 651 2783 cubitos
673 2735 961 2783 excrescet
986 2745 1000 2793 ;
1032 2743 1095 2782 ex
1133 2741 1197 2782 ea
1224 2741 1354 2781 vero
1379 2726 1622 2780 exstabit
1648 2724 1811 2781 turbo
1832 2727 2023 2779 conoi-

433 2814 555 2877 des.
603 2815 833 2885 ﬁguram
872 2815 1081 2872 habens
1118 2815 1484 2871 involutiouis
1537 2814 1670 2869 tecti
1707 2830 1771 2870 ex
1818 2814 1932 2869 lato
1964 2813 2023 2871 in

435 2915 663 2964 acutum
682 2922 919 2964 cuneum
942 2907 1198 2966 occlusae.
1223 2906 1506 2964 bist-antire
1523 2920 1656 2962 vero
1678 2905 2020 2977 singularum

2147 1894 2286 1948 κατά
2315 1895 2374 1948 τὸ
2413 1896 2526 1949 ἀνω
2555 1897 2685 1968 περὶ
2711 1898 2900 1967 ἀψίδος
2931 1898 3370 1968 ἀναπαυόμενον’
3415 1898 3558 1952 ὥστε
3588 1898 3736 1956 ὀκτὼ

2143 1986 2397 2054 γενέσθαι
2443 1987 2640 2058 ἀψίδας
2670 1989 2771 2054 τὰς
2819 1991 3020 2056 πάσας,
3057 1981 3122 2044 δι’
3155 1984 3232 2044 ὧν
3274 1993 3339 2045 ὲκ
3381 1990 3733 2062 παραλλήλου

2141 2077 2211 2130 τά
2243 2079 2564 2150 τετράγωνά
2598 2096 2656 2133 τε
2695 2080 2789 2134 καὶ
2835 2081 3140 2152 ἡμικύκλια
3183 2081 3321 2153 πρὸς
3352 2082 3414 2135 τὸ
3447 2082 3608 2152 μέσον
3632 2082 3734 2152 τὴν

2144 2166 2440 2235 συνάφειαν
2472 2168 2607 2239 ἔχει.
2642 2168 2885 2222 Ἐσωθεν
2920 2169 2977 2224 δὲ
3013 2169 3124 2225 τῶν
3164 2170 3466 2239 διαγωνίων
3512 2171 3735 2226 πεσσῶν

2145 2259 2424 2332 ίσάριθμοι
2459 2263 2906 2334 παραστήσονται
2953 2264 3133 2328 κίονες
3154 2303 3168 2328 ,
3198 2265 3500 2335 εὐκοσμίας
3530 2283 3591 2319 τε
3633 2265 3733 2321 καὶ

2143 2352 2328 2422 ἰσχύος
2360 2351 2540 2425 χάριν.
2596 2353 2874 2420 Ἀνέξουσι
2919 2354 2975 2408 δὲ
3019 2356 3114 2409 καὶ
3157 2349 3305 2410 οὗτοι
3343 2356 3484 2428 ὑπὲρ
3515 2356 3731 2412 ἑαυτῶν

2140 2445 2336 2515 ἀψίδας
2372 2448 2493 2509 ταῖς
2539 2445 2750 2500 ἔνδοθεν
2797 2446 2865 2500 δι’
2919 2447 3034 2500 τσου
3086 2449 3725 2521 συγκατεσκευασμὲνας.

2141 2539 2288 2593 Ἀνω
2316 2537 2372 2591 δὲ
2397 2538 2505 2592 τῶν
2529 2537 2673 2592 ὀκτὼ
2695 2537 2900 2594 τούτων
2925 2538 3130 2609 ἀψίδων
3151 2539 3238 2594 διὰ
3259 2540 3360 2612 τὴν
3381 2543 3730 2613 συμμετρίαν

2135 2625 2244 2680 τῶν
2274 2627 2688 2698 ὑπερκειμένων
2738 2626 2992 2698 θυρίδων,
3032 2630 3061 2682 6
3092 2627 3402 2697 ὀκτάγωνος
3437 2627 3585 2694 οἶκος
3631 2632 3728 2685 ἐπὶ

2129 2717 2402 2788 τέσσαρας
2433 2717 2804 2787 αὐξηθήσεται
2854 2720 3089 2788 πήχεις·
3137 2722 3198 2773 τδ
3251 2721 3310 2774 δὲ
3359 2721 3455 2774 ἀπ’
3509 2721 3727 2776 ἐκείνου

2129 2809 2410 2882 στρόϐιλος
2460 2809 2615 2864 ἔσται
2665 2809 2956 2882 κωνοειδὴς
3011 2809 3148 2880 (l9),
3197 2811 3300 2882 τῆς
3348 2812 3607 2885 είλήσεως
3657 2815 3724 2869 τὸ

2131 2903 2317 2974 σχῆμα
2356 2901 2451 2955 τοῦ
2481 2901 2677 2972 ὀρόφου
2718 2903 2782 2956 ὲκ
2809 2901 3041 2966 πλατέος
3078 2903 3160 2965 είς
3186 2902 3314 2968 ὀξὺν
3343 2904 3521 2976 σφῆνα
3553 2923 3726 2961 κατα-

503 3114 617 3187 (l8)
649 3109 1056 3187 Κργχλρειδῷς
1087 3111 1450 3187 ﬁguram/Isz
1481 3114 1900 3187 περικείσεται.
1933 3115 2023 3187 Τῷ

2128 3127 2216 3171 tur
2242 3116 2501 3171 utrolibet
2540 3117 2704 3171 tnodo
2750 3117 2855 3186 legi
2900 3123 3106 3187 posset,
3147 3115 3241 3187 sed
3283 3115 3718 3170 convenientiori

433 3182 756 3256 κογχοειδῶς
778 3182 862 3238 vel
884 3182 1226 3256 κυκλοειδῶς,
1253 3182 1592 3256 emendanda
1619 3199 1724 3237 vox
1751 3184 1866 3256 inec
1897 3193 1980 3240 est
1995 3182 2018 3240 ἐ

430 3252 647 3312 diversa
677 3261 860 3310 autem
902 3252 1218 3322 signiﬁcant
1256 3253 1373 3307 hate
1401 3252 1510 3306 duo
1537 3255 1826 3317 vocabula,
1868 3256 1912 3309 si
1955 3256 2024 3310 de

434 3326 654 3397 prepria
702 3325 1000 3397 loquamur
1040 3323 1302 3397 dictionis
1340 3322 1763 3397 significatione.
1805 3323 2020 3378 Etenim

433 3393 660 3474 omnino
690 3393 911 3474 diversa
957 3401 1182 3474 τρε-(εει
1227 3393 1256 3444 6
1286 3393 1509 3474 κόγχος,
1533 3393 1764 3474 conclia,
1792 3410 1954 3464 quam
1994 3397 2024 3449 6

432 3467 644 3537 κόχλος,
671 3464 933 3537 cochlea.
973 3461 1079 3517 Sed
1104 3461 1558 3537 llesychio’idem
1592 3461 1834 3537 indicare
1859 3479 2023 3537 posse

432 3533 610 3591 visunt
664 3534 765 3590 fuit
821 3543 1050 3604 propter
1096 3533 1304 3604 figurte,
1338 3533 1557 3603 opinor,
1601 3534 2019 3589 similitudinem

431 3606 774 3660 nonnullam.
825 3603 1060 3659 Cochlea
1101 3603 1324 3672 proprie
1356 3611 1442 3658 est
1493 3610 1635 3656 testa
1675 3604 1924 3668 limacis,
1967 3614 2023 3660 et

433 3675 828 3746 μετωνυμικῶς
857 3675 1020 3727 limax
1051 3673 1190 3744 ipse.
1225 3672 1449 3727 Concha
1493 3688 1622 3727 vero
1649 3684 1734 3728 est
1777 3676 2022 3746 conchy-

429 3744 612 3800 lium:
649 3744 811 3799 Sicuti
868 3758 1144 3814 purpura,
1193 3758 1414 3806 murex,
1469 3749 1742 3807 ostreum,
1792 3744 2018 3814 κόγχος,

429 3815 735 3887 κογχύλιον,
762 3813 1038 3884 πορφύρα,
1065 3813 1289 3884 ὄστρεον
1307 3855 1325 3887 _,
1345 3815 1607 3887 piscium
1620 3827 1822 3882 genera
1868 3813 2018 3876 sunt,

429 3882 849 3957 qtti"scabratn,
889 3882 1139 3954 asperam
1168 3882 1253 3939 ‘et
1306 3882 1766 3957 ideoﬁrtniorem
1821 3891 2018 3940 testam

431 3953 654 4011 habent.
695 3953 1006 4024 Utrumque
1047 3962 1228 4008 autem
1262 3954 1464 4024 animal
1506 3953 1682 4024 tortili
1729 3953 1907 4007 forma
1935 3963 2022 4009 est

428 4036 483 4080 et
517 4027 815 4088 turbinata,
852 4024 1005 4095 gyris
1037 4023 1370 4093 quibusdam
1426 4023 1736 4087 inductum.
1768 4025 1873 4078 etsi
1906 4024 2021 4080 dis-

429 4098 698 4152 similiter.
733 4095 873 4150 llinc
907 4096 1129 4149 cochlea
1160 4102 1245 4150 est
1276 4108 1447 4164 unum
1490 4108 1555 4147 ex
1603 4095 1893 4164 prtrcipttis
1933 4096 2018 4149 in-

429 4167 752 4222 strumentis
817 4165 1155 4220 tuechanicis
1211 4163 1415 4218 virium
1470 4163 1749 4218 momento
1807 4173 2016 4234 aptum.

431 4235 668 4302 Vitruvi,
719 4237 814 4290 lib.
865 4251 941 4299 Vl;
1002 4235 1129 4290 item
1180 4234 1610 4288 instrumentum
1652 4249 1824 4303 aquas
1876 4235 2014 4289 Itauo

430 4308 604 4362 riendi
631 4346 646 4370 ,
676 4307 821 4376 quod
854 4305 1089 4361 barbare
1119 4319 1316 4376 pompa
1348 4321 1376 4358 a
1403 4306 1592 4357 Graeca
1624 4320 1754 4376 voce
1787 4315 2016 4376 accepta

430 4375 740 4432 \ocaretur.
768 4375 888 4430 Non
927 4382 1013 4431 est
1045 4385 1225 4430 autem
1264 4375 1407 4429 idem
1450 4383 1615 4442 atque
1672 4375 1828 4436 illud,
1871 4375 2016 4445 (μιοά

2127 3187 2193 3240 ad
2241 3203 2352 3240 rent
2402 3187 2635 3252 ratione,
2685 3188 2853 3242 totius
2893 3186 3110 3239 aedilicii
3165 3186 3231 3254 τῇ
3277 3188 3608 3254 κατασκευῇ,
3662 3194 3722 3240 et

2128 3257 2300 3328 forma
2345 3264 2611 3328 spectata,
2647 3267 2819 3328 prout
2859 3256 3143 3328 Nyssenus
3190 3255 3494 3328 describit,
3541 3256 3721 3311 satius

2124 3337 2209 3381 est
2240 3326 2474 3398 tlcligere
2497 3327 2558 3378 τὸ
2586 3325 2930 3398 κογχοειδῶςζ
2968 3326 3143 3398 unius
3167 3334 3348 3398 autem
3377 3326 3570 3398 litterae
3604 3343 3720 3398 tuu-

2126 3398 2260 3451 tatio
2288 3394 2564 3467 infit-areo
2595 3394 2805 3467 scripto
2852 3396 3066 3451 utrovis
3120 3396 3286 3450 modo
3313 3403 3400 3467 est
3444 3394 3714 3451 facienda.

2198 3467 2310 3535 (l9)
2357 3465 2426 3520 T6
2472 3465 2541 3518 δὲ
2566 3467 2683 3520 ἀπὸ
2713 3465 2959 3521 ’ἐκείνου
3011 3467 3331 3534 στρόϐιλος
3377 3466 3554 3519 ἐσται
3601 3483 3717 3519 κω-

2125 3535 2382 3607 νοειδής.
2422 3536 2726 3607 Στρόϐιλος,
2779 3537 2920 3591 idem
2963 3551 3035 3598 ac,
3063 3535 3290 3607 στρόϐος
3317 3578 3331 3601 ,
3378 3543 3464 3589 est
3499 3545 3710 3590 vortex.

2124 3606 2309 3672 Quare
2359 3606 2596 3675 procella
2644 3608 2789 3663 venti
2834 3606 3141 3664 vorticosa.’
3187 3622 3282 3661 seu
3320 3615 3508 3675 vortex
3565 3608 3713 3660 venti

2126 3677 2199 3732 ita
2225 3674 2456 3740 dicitur;
2477 3677 2570 3745 qui
2602 3677 2764 3732 etiam
2795 3676 3014 3744 λαῖλαψ.
3047 3675 3332 3731 Aristotel.
3369 3674 3445 3727 De
3476 3677 3670 3728 mundo
3691 3691 3712 3728 :

2123 3745 2322 3817 λαῖλαψ
2345 3745 2401 3799 δὲ
2426 3747 2520 3799 καὶ
2546 3747 2844 3817 στρόϐιλος,
2874 3746 3093 3817 πνεῦμα
3120 3746 3430 3817 εἰλούμενον
3467 3745 3714 3799 κάτωθεν

2122 3817 2254 3870 ἄνω.
2287 3815 2381 3872 Est
2411 3817 2576 3870 etiam
2614 3814 2803 3880 turbo,
2853 3814 3029 3886 quem
3047 3817 3170 3870 coni
3204 3814 3376 3885 figura
3406 3814 3612 3886 ferrum
3653 3819 3709 3870 in

2123 3886 2330 3941 vertice
2369 3896 2705 3954 praeacutam
2760 3885 3050 3943 habentem
3079 3888 3288 3942 scutica
3331 3885 3487 3955 pueri
3527 3899 3558 3955 a
3587 3901 3710 3941 rer-

2123 3957 2229 4018 tice
2255 3956 2336 4011 cis
2375 3955 2580 4011 ferrum
2615 3959 2920 4021 involvunt,
2951 3966 3006 4012 et
3038 3957 3091 4011 in
3121 3972 3252 4012 aera
3285 3954 3359 4010 ita
3396 3954 3707 4011 involutum

2123 4041 2289 4096 manu
2323 4035 2469 4082 retro
2499 4038 2618 4080 acta
2647 4027 3026 4096 ejaculantur;
3059 4028 3153 4096 qui
3186 4029 3317 4082 fune
3354 4025 3704 4093 displicatus,

2126 4095 2254 4148 ferri
2281 4097 2398 4149 acie
2429 4096 2485 4149 in
2527 4108 2732 4164 puncto
2763 4100 2864 4151 fixa
2909 4095 3117 4165 jugiter
3156 4098 3506 4164 persistente,
3538 4110 3704 4163 quant

2123 4165 2391 4238 citissime
2419 4175 2743 4223 constanter
2771 4183 2927 4238 aequo
2951 4175 3099 4238 motu
3127 4167 3543 4238 circumagitur.
3565 4165 3706 4238 Tro-

2122 4235 2288 4308 chum
2320 4243 2502 4292 autem
2527 4251 2810 4308 nunquam
2833 4234 3144 4307 signiﬁcare
3172 4245 3352 4306 potest
3379 4234 3658 4308 στρόϐιλος
3683 4281 3698 4303 ,

2124 4306 2171 4360 si
2212 4321 2316 4362 suo
2347 4310 2572 4380 proprio
2603 4305 2768 4364 sensu
2821 4305 3049 4380 trochus
3081 4305 3421 4380 accipiatur;
3465 4305 3556 4375 qui
3592 4323 3699 4380 non

2123 4383 2231 4439 est,
2263 4385 2322 4430 ut
2349 4376 2710 4434 'sit’trochus
2760 4379 2962 4442 turbo;
3017 4376 3112 4432 sed
3148 4376 3287 4439 rota,
3339 4384 3434 4430 aut
3467 4378 3700 4445 quodvis

427 4448 653 4528 antliam
724 4445 1266 4528 nominanturccenti
1327 4446 1551 4528 invento
1617 4445 2012 4528 excogitatum.
2051 4473 2094 4528 υ
2125 4447 2273 4528 aliud
2311 4448 2732 4528 instrumentum
2774 4449 2952 4528 figura
2987 4461 3121 4528 rosa}
3166 4457 3465 4528 toruatttm.
3499 4447 3701 4528 ξξςιξιιοι

428 4518 667 4571 Tandem
701 4525 755 4570 et
801 4523 889 4570 est
937 4515 1066 4569 ostii
1112 4529 1290 4585 genus
1327 4521 1668 4585 tortuosum.
1693 4526 1747 4569 et
1794 4517 2020 4584 oblique

429 4588 626 4641 dctum
686 4589 760 4640 ita
816 4583 1212 4654 nuncupatum.
1247 4583 1375 4638 Var.
1410 4583 1489 4638 De
1523 4583 1590 4637 R.
1641 4584 1731 4649 IL,
1781 4587 1878 4640 lib.
1929 4583 2014 4642 ιιι.

425 4657 678 4710 Profecto
711 4657 1000 4710 diversitas
1033 4655 1185 4710 verbi
1213 4656 1319 4727 _vel
1360 4671 1441 4727 ex_
1481 4657 1770 4724 proverbio
1809 4658 2017 4727 κόγχην

421 4727 614 4780 διελεῖν
643 4728 925 4780 evidenter
969 4725 1360 4795 cognoscitur;
1410 4725 1479 4795 de
1537 4741 1647 4795 quo
1699 4741 1882 4780 sermo
1914 4725 2018 4782 ’ἀει

422 4799 564 4867 apud
594 4797 844 4851 eumdem
867 4793 1213 4867 rllesyc’hium
1245 4805 1316 4867 et~_
1335 4793 1601 4867 Suidaui;
1629 4797 1838 4850 concha
1867 4798 2015 4852 enim

423 4865 582 4922 unica
617 4876 754 4922 testa
792 4865 1164 4920 voluminibus
1206 4865 1535 4934 quibusdam
1597 4867 2017 4923 circumvolutis

420 4947 705 5001 constans,
736 4945 983 5008 nontam
1008 4935 1165 4990 facile
1187 4936 1241 4988 in
1265 4935 1405 4990 duas
1436 4943 1618 5008 partes
1640 4936 2012 5008 diffringetur,

421 5020 516 5062 aut
548 5009 709 5062 etiam
739 5007 1116 5073 tliscludetur;
1149 5021 1310 5061 secus
1345 5007 1588 5076 cochlea,
1628 5023 1750 5076 qua:
1795 5007 2015 5064 duabus

421 5079 589 5132 veluti
625 5078 862 5132 scutulis
898 5078 1284 5143 concluditur;
1315 5091 1436 5200 (pne
1482 5075 1886 5140 facili’negotio
1927 5081 2014 5134 di-

421 5150 713 5200 velluntur.
749 5148 904 5200 Sicut
927 5162 1147 5200 auoaue
1196 5163 1263 5200 ex
1313 5149 1406 5200 ilo
1454 5148 1658 5200 κόγντις
1708 5147 1857 5200 ἄξιον
1909 5165 2013 5200 pro

421 5150 717 5218 velluntur.
749 5148 904 5202 Sicut
927 5162 1263 5218 quoqueAex
1313 5147 1406 5200 illo
1454 5148 1658 5218 κόγχης
1703 5147 1857 5218 ἀξιον
1909 5165 2013 5216 pro

419 5218 631 5281 οὐδενὸς
667 5217 838 5283 ἄξιον,
879 5215 1116 5282 εὐτελές.
1152 5215 1257 5272 Setl
1308 5232 1417 5271 non
1468 5215 1647 5272 solum
1702 5215 2011 5288 Hesychius

418 5289 610 5342 eodem
645 5303 810 5344 sensu
847 5298 1134 5358 utramque
1170 5303 1356 5342 VOCcttI
1393 5288 1712 5343 sumendam
1745 5290 2005 5344 censuit:

421 5371 608 5413 rerum
656 5365 712 5411 et
763 5362 926 5427 vulgo
975 5360 1274 5427 scriptores
1324 5358 1503 5413 caueri
1555 5358 1868 5426 promiscue
1918 5361 2008 5414 usi

417 5440 570 5493 Sunt,
603 5428 768 5481 veluti
798 5430 1118 5495 ostendunt,
1147 5445 1268 5498 qum
1316 5429 1470 5484 affert
1513 5427 1845 5497 Stephanus.
1882 5428 2009 5484 Uno

418 5502 605 5560 verbo,
636 5499 859 5554 cochlea
889 5511 974 5554 est
1002 5507 1181 5553 terrea
1204 5503 1435 5566 concha,
1458 5507 1512 5552 et
1539 5498 1749 5554 concha
1777 5502 2006 5556 cochlea

417 5573 665 5632 marina,
700 5577 944 5641 prepterr
980 5570 1395 5625 similitudinem
1461 5568 1651 5623 formae
1692 5585 1704 5621 :
1745 5571 2005 5627 animaiis

413 5643 562 5694 enim
609 5655 782 5705 genus
805 5640 988 5697 idubio
1025 5649 1080 5695 et
1118 5641 1491 5695 controversia
1537 5641 1726 5710 procul
1777 5649 1864 5695 est
1902 5658 2004 5695 va-

414 5715 578 5766 riant.
617 5711 858 5782 Utraque
891 5727 1024 5767 vero
1058 5710 1129 5782 ad
1164 5726 1258 5765 vas
1289 5711 1340 5764 in
1377 5711 1753 5782 eumutodum
1779 5725 2001 5782 cavum,

411 5789 471 5840 et
502 5779 834 5843 scutulatu’m
866 5781 1169 5840 notandum
1195 5781 1480 5852 accipitur.
1515 5779 1628 5837 iloc
1660 5782 1712 5836 iu
1745 5783 1864 5838 loco
1894 5781 2002 5854 igi-

2123 4519 2241 4571 haec
2285 4517 2564 4589 evidenter
2612 4520 2729 4589 ipsa
2769 4515 2955 4587 ﬁgura:
3009 4521 3168 4589 ratio.
3219 4518 3347 4587 quia
3393 4515 3695 4589 στρόῧιλος.

2119 4587 2327 4657 aliquid
2359 4605 2483 4644 esse
2512 4587 2674 4644 debet
2699 4589 3001 4653 κωνοειδές,
3051 4588 3280 4645 fortnam
3313 4587 3570 4641 nimirutn
3599 4603 3696 4654 ge-

2120 4673 2248 4729 rens
2277 4660 2438 4722 coni;
2469 4675 2588 4728 qua:
2633 4662 2686 4713 in
2721 4660 2998 4729 fastigium
3039 4660 3400 4714 convolvatur
3425 4671 3455 4710 a
3502 4665 3696 4710 rotun-

2118 4727 2288 4783 ditate
2318 4729 2371 4782 in
2398 4727 2654 4783 verticem
2679 4727 2944 4785 exacuata
2974 4746 2986 4782 :
3029 4733 3075 4782 οἱ
3105 4728 3288 4798 τροχοὶ
3316 4742 3463 4793 vero,
3491 4735 3546 4780 et
3574 4741 3696 4795 qntc

2115 4797 2194 4868 τῷ
2220 4799 2401 4869 τροχῷ
2439 4800 2638 4853 similia
2673 4808 2824 4863 sunt,
2858 4797 3532 4869 rotunditatenecessario
3556 4813 3696 4869 prte-

2117 4869 2231 4922 dita
2258 4867 2402 4924 esse
2442 4869 2663 4926 debent.
2718 4870 3136 4924 l-lalluciuantnr
3183 4869 3350 4938 igitur
3392 4869 3441 4918 οἱ
3485 4867 3696 4933 λεξικο-

2117 4940 2316 5009 γράφοι
2374 4941 2579 5009 (neque
2636 4941 2735 4995 hoc
2789 4956 2979 4996 errore
3031 4940 3292 4994 immunis
3345 4945 3431 4993 est
3476 4945 3531 4991 ct
3579 4941 3695 5008 ipse

2119 5010 2457 5078 Stephanus)
2487 5026 2611 5064 cum
2648 5027 2815 5067 unum
2857 5025 2981 5063 cum
3025 5011 3199 5067 altero
3231 5021 3514 5078 perperam
3543 5022 3696 5061 com-

2115 5080 2366 5133 miscent.
2418 5079 2518 5134 Ubi
2566 5097 2695 5135 vero
2737 5083 2805 5135 de
2849 5080 3391 5134 denominationibus
3447 5093 3626 5131 rerutn
3663 5094 3693 5132 a

2116 5148 2300 5218 figuris
2333 5152 2573 5220 acceptis
2595 5152 2798 5218 agitur,
2826 5150 3227 5213 difficillimum,
3255 5157 3310 5204 et
3340 5147 3692 5220 rarissimum

2111 5217 2198 5275 est
2224 5217 2562 5276 mutationes
2605 5217 2740 5276 effici
2772 5238 2786 5286 ;
2836 5231 2930 5275 aut
2975 5220 3114 5272 κατά
3147 5217 3495 5291 μετωνυμίαν
3532 5217 3696 5288 quid-

2112 5305 2276 5355 quam
2321 5291 2465 5356 dici;
2529 5292 2606 5345 ttti
2650 5293 2897 5346 noverint
2950 5291 3117 5344 docti.
3154 5291 3232 5344 Ab
3263 5290 3457 5344 horum
3508 5299 3690 5356 autem

2111 5357 2287 5413 forma
2323 5355 2600 5431 στρόϐιλος
2637 5364 2840 5416 dicitur
2874 5377 2982 5415 nux
3019 5362 3199 5429 pinea,
3255 5375 3377 5428 qua:
3427 5365 3480 5412 et
3518 5355 3691 5431 κῶνος

2109 5432 2275 5484 etiam
2306 5430 2574 5498 vocatur;
2623 5442 2677 5486 et
2719 5433 2897 5487 nuclei
2952 5433 3054 5500 ipsi
3118 5431 3276 5484 nucis
3311 5431 3521 5500 pateas;
3578 5430 3690 5481 into

2109 5509 2163 5555 et
2207 5503 2324 5570 ipsa
2370 5507 2534 5556 arbor
2570 5505 2752 5572 pinus.
2791 5502 2918 5558 lude
2967 5499 3170 5554 factum
3207 5499 3563 5559 esttandem,
3630 5505 3692 5550 ttt

2101 5586 2214 5624 vox
2246 5574 2312 5625 ad
2343 5574 2766 5627 architecturam
2793 5573 2956 5626 etiam
2992 5578 3389 5635 transmearet;
3424 5577 3690 5636 uotalque

2109 5643 2396 5695 incurvum
2430 5659 2590 5712 opus,
2639 5652 2695 5698 et
2739 5649 3208 5712 concameratutn,
3264 5639 3359 5695 sed
3389 5639 3539 5712 coni,
3587 5653 3687 5712 seu

2106 5712 2347 5768 turbinis
2387 5708 2614 5783 figuram
2665 5712 3046 5783 prmsefercns.
3079 5710 3195 5766 Hoc
3233 5725 3398 5783 sensu
3431 5709 3518 5762 hic
3540 5708 3689 5761 acci-

2108 5783 2275 5851 pitur,
2334 5791 2386 5839 ct
2430 5780 2711 5854 profertur
2745 5798 2775 5837 a
2816 5781 3104 5855 Nysscno;
3150 5780 3554 5849 vcrtendusque
3600 5786 3689 5833 cst
