4092 6368
516 343 654 401 1899

1766 328 1823 383 Β.
1857 325 2188 383 GREGORII
2227 323 2521 382 NYSSENI
2561 319 2586 327 ”

3597 315 3799 392 ἰιοο

513 461 675 516 istinc
706 466 854 520 sunt,
889 453 998 508 illis
1027 453 1122 523 qui
1163 453 1254 507 hic
1299 447 1615 520 hujusmodi
1657 453 1828 517 agunt
1882 458 2090 498 merea-

2207 461 2316 508 rou;
2341 439 2608 498 εἶναιτῶν
2631 441 2866 499 ἐνταῦθα
2888 463 3017 501 κατε
3025 448 3450 518 μπορευομένων
3469 450 3566 522 τῆς
3588 454 3795 522 χρείας

473 560 684 605 -turas.
724 547 874 617 Opus
907 561 1034 601 vero
1071 543 1451 615 poliendorum
1489 540 1732 612 lapidum
1773 553 1885 594 non
1913 537 2090 592 solum

510 649 597 695 est
630 641 685 693 in
716 639 990 694 columnis
1021 652 1143 706 qua:
1171 644 1297 690 octo
1325 643 1494 696 sunt;
1529 647 1669 703 quas
1701 637 1917 701 oportet
1945 629 2095 700 ipsos

512 739 744 786 venuste
775 732 830 783 in
853 729 1131 784 meliorem
1157 725 1387 782 reddere
1414 725 1684 791 fortnam;
1715 739 1904 779 verum
1928 722 2092 778 etiam

513 821 698 890 spiras
726 821 968 887 speciem
1001 816 1197 872 altaris
1225 816 1526 872 referentes
1561 814 1694 870 illud
1731 811 1993 884 postulat,
2040 818 2095 866 et

513 913 754 982 capitula
786 911 852 965 ad
890 910 1231 964 Cerinthiam
1266 909 1493 980 ﬁguram
1535 907 1746 962 caelata.
1780 905 2097 976 Ingressus-

513 1017 622 1070 que
648 1017 712 1056 ex
759 999 1130 1055 marmoribus
1174 998 1281 1054 erit
1315 999 1520 1054 decoro
1551 1006 1750 1053 ornatu
1803 995 2093 1051 confectis.

516 1091 802 1160 Superque
833 1090 950 1158 ipsa
977 1089 1125 1146 fores
1159 1088 1614 1159 superjacebunt,
1649 1088 1788 1142 tales
1827 1084 2095 1156 quasdam

514 1181 756 1251 picturas
784 1179 1014 1244 alfabre,
1040 1181 1118 1235 uti
1148 1195 1266 1235 mos
1294 1189 1400 1244 est,
1449 1179 1621 1234 factas
1651 1180 1719 1232 ad
1755 1183 2096 1232 venustatem

515 1288 676 1328 serus
707 1273 1028 1342 suggrundii
1073 1271 1500 1342 prominentiam
1531 1270 1818 1325 habentes.
1847 1267 2096 1334 Quorum

514 1363 738 1430 quidem
776 1364 1021 1416 omnium
1064 1362 1323 1416 materias
1359 1359 1714 1416 manifestum
1759 1365 1903 1414 esta
1936 1357 2097 1412 nobis

515 1463 894 1523 comparatum
925 1455 1014 1510 iri.
1041 1455 1148 1510 Sed
1175 1454 1420 1509 materia:
1442 1468 1534 1507 ars
1557 1451 1788 1506 formam
1812 1448 2096 1520 praebebit.

515 1550 595 1602 Ad
634 1549 747 1602 haec
795 1549 850 1601 in
891 1548 1158 1618 peristylo
1187 1547 1353 1602 etiam
1399 1546 1673 1600 columnae
1716 1559 1827 1599 non
1857 1543 2098 1598 minores

515 1639 880 1708 quadraginta
903 1647 1070 1693 erunt
1095 1656 1110 1693 :
1136 1639 1364 1707 istaeque
1385 1651 1606 1706 quoque
1628 1635 1789 1706 plane
1828 1635 2100 1704 pertinent

516 1731 584 1784 ad
631 1748 771 1799 opus
815 1729 1063 1800 lapidum
1113 1727 1521 1799 poliendorum.
1558 1725 1701 1797 Ergo
1731 1725 1777 1780 si
1808 1723 2098 1795 diligenter

481 1821 777 1891 _patefecit
829 1835 969 1890 opus
1027 1817 1230 1879 oratio,
1293 1816 1554 1886 possibile
1603 1817 1698 1868 tiat
1744 1814 1934 1885 pietati
1972 1822 2100 1878 tuae,
2133 1813 2177 1869 Β

517 1912 665 1983 quod
699 1928 840 1981 opus
869 1918 976 1974 est,
999 1907 1388 1979 conspicienti,
1419 1917 1682 1977 praestare
1710 1905 1869 1961 nobis
1895 1905 1948 1959 in
1981 1919 2100 1958 om-

517 2006 683 2059 nibus
721 2004 872 2058 circa
905 2001 1151 2057 artitices
1188 2001 1565 2057 securitatem.
1603 1998 1662 2054 Si
1700 2013 1831 2054 vero
1870 2013 1902 2051 a
1939 1996 2099 2053 nobis

497 2113 645 2153 .cum
676 2096 888 2151 artitice
920 2102 1077 2164 pacta
1119 2091 1507 2149 constituenda
1556 2092 1690 2156 sint,
1735 2097 2098 2160 proponatur,

515 2191 566 2244 si
594 2188 814 2259 quidem
855 2194 940 2240 est
970 2184 1252 2254 possibile,
1288 2181 1583 2238 manifesta
1603 2214 1606 2217 -
1628 2195 1890 2236 mensura
1915 2181 2101 2252 operis

527 2279 734 2342 diurni,
770 2292 838 2333 ne
880 2276 1075 2331 cumis
1098 2275 1176 2330 nil
1203 2273 1484 2332 elﬁciendo
1509 2272 1833 2344 praeterierit
1861 2279 2096 2342 tempus,

521 2378 732 2440 postea,
763 2385 903 2438 opus
934 2367 1082 2436 quod
1111 2365 1369 2422 ostendat
1405 2379 1514 2419 non
1567 2363 1797 2429 habens,
1839 2372 2098 2434 tanquam

517 2471 602 2518 tot
642 2461 836 2516 diebus
862 2458 1024 2514 nobis
1056 2466 1346 2529 operatus,
1377 2471 1543 2526 super
1569 2471 1635 2511 ea
1665 2463 1878 2526 repetat
1903 2467 2104 2510 merce-

516 2553 664 2608 dem.
693 2551 828 2607 Novi
867 2551 1120 2622 equidem
1158 2551 1345 2604 multis
1385 2565 1486 2604 nos
1519 2547 1788 2620 quosdam
1827 2547 2004 2602 visum
2036 2546 2102 2600 iri

524 2642 785 2696 minutam
818 2642 1088 2694 rationem
1134 2639 1355 2694 sordide
1389 2646 1443 2694 et
1495 2653 1772 2708 praeparce
1823 2638 2099 2702 ineuntes,

522 2732 615 2802 qui
636 2740 744 2784 tam
769 2730 1046 2800 exquisita
1067 2729 1353 2800 diligentia
1376 2730 1661 2799 pactiones
1685 2731 2099 2801 persequimur:

524 2832 762 2878 attamen
807 2822 1156 2878 exhortatum
1191 2831 1243 2875 te
1270 2835 1393 2876 esse
1422 2820 1548 2874 volo
1599 2821 1668 2876 ad
1701 2821 1916 2876 veniam
1965 2822 2106 2877 dan-

515 2917 668 2972 dant.
705 2915 953 2970 Ilamona
987 2914 1133 2970 enim
1180 2914 1292 2981 ille,
1349 2901 1540 2970 multis
1569 2915 1853 2971 multoties
1882 2929 1911 2968 a
1942 2915 2105 2972 nobis

525 3011 666 3064 male
717 3009 786 3064 de
835 3023 894 3064 se
943 3007 1188 3070 auditis,
1239 3006 1459 3061 demum
1508 3023 1538 3060 a
1571 3007 1732 3062 nobis
1779 3007 1915 3077 ipsis
1941 3023 2104 3076 quam

517 3103 844 3174 longissime
871 3098 1178 3170 emigravit,
1223 3098 1348 3154 odio
1385 3098 1614 3158 habens.
1648 3112 1792 3162 reor,
1826 3113 1946 3168 qua:
1967 3114 2108 3153 sem-

2197 533 2371 604 ἡμῶν.
2421 534 2496 588 Τὸ
2537 534 2596 588 δὲ
2634 533 2742 588 τῶν
2769 535 3004 600 λαοξόων
3042 537 3202 608 ἔργον
3248 539 3309 592 ού
3355 541 3515 610 μόνον
3562 544 3620 595 ὲν
3664 544 3794 603 τοῖς

2195 627 2368 680 κίοσίν
2390 629 2505 680 ἐστι
2531 631 2643 692 τοῖς
2667 627 2812 682 ὀκτὼ
2837 626 2931 692 οὒς
2950 627 3058 700 χρὴ
3086 629 3283 694 αὐτοὺς
3307 631 3385 703 τῷ
3406 632 3792 704 καλλωπισμῷ

2199 717 2485 787 βελτιῶσαι
2505 759 2519 781 ,
2556 720 2695 772 ἀλλὰ
2733 719 3046 790 βωμοειδείς
3093 721 3324 794 σπείρας
3353 725 3576 778 ἀπαιτεῖ
3603 724 3664 777 τὸ
3689 724 3792 795 ἕρ-

2197 827 2316 878 γον,
2371 813 2466 864 καὶ
2504 811 2796 880 κεφαλίδας
2844 812 3173 881 διαγλύφους
3218 814 3362 869 κατὰ
3389 815 3451 869 τὸ
3495 816 3792 887 Κορίνθιον

2197 898 2357 966 εἶδος.
2376 904 2486 956 Καὶ
2507 903 2711 967 εἴσοδος
2735 905 2798 956 ὲκ
2823 903 3126 975 μαρμάρων
3147 906 3255 958 τῶν
3274 907 3567 978 καθήκοντι
3588 907 3791 978 κόσμῳ

2199 995 2698 1066 κατειργασμένων.
2729 993 3224 1066 Καθυπερκείμενα
3244 997 3449 1052 τούτων
3481 998 3793 1070 θυρώματα

2199 1085 2472 1148 τοιαύταις
2501 1089 2738 1156 γραφαῖς
2766 1103 2908 1151 τισι,
2932 1086 3114 1150 καθὼς
3139 1088 3258 1151 ἔθος
3281 1089 3450 1154 ἐστὶν,
3476 1091 3557 1154 είς
3586 1091 3790 1154 κάλλος

2199 1176 2342 1229 κατὰ
2367 1177 2467 1248 τὴν
2506 1178 2600 1230 τοῦ
2633 1178 2841 1246 γεισίου
2887 1179 3159 1249 προϐολὴν
3201 1180 3624 1251 ὲξησκημέναις.
3679 1177 3790 1236 Ὧν

2202 1269 2418 1322 πάντων
2446 1270 2502 1321 al
2534 1269 2633 1340 μὲν
2655 1268 2780 1322 ὗλαι
2801 1269 2957 1340 δῆλον
2979 1271 3062 1323 ὅτι
3091 1270 3221 1341 παρ’
3243 1272 3400 1342 ήμῶν
3424 1273 3793 1344 πορισθήσον-

2200 1377 2311 1426 ται,
2339 1361 2400 1414 τὸ
2427 1360 2484 1413 δὲ
2517 1362 2610 1414 ἐπὶ
2631 1363 2697 1432 τῇ
2729 1360 2828 1432 ὕλῃ
2861 1357 2998 1426 εἶδος
3027 1364 3060 1433 ἡ
3095 1361 3256 1434 τέχνη
3285 1362 3466 1417 δώσει.
3490 1365 3632 1437 Πρὸς
3654 1367 3792 1419 τού-

2199 1469 2314 1516 τοις
2335 1452 2391 1506 δὲ
2419 1453 2520 1506 καὶ
2537 1453 2678 1508 κατὰ
2703 1452 2762 1505 τὸ
2785 1452 3086 1524 περίστωω
3105 1453 3281 1517 κίονες
3297 1455 3397 1524 οὐχ
3415 1456 3612 1526 ἥττους
3629 1457 3794 1521 ὅντες

2200 1546 2309 1599 τῶν
2335 1545 2760 1615 τεσσαράκοντα.
2793 1545 3056 1612 Λαοξικὸν
3087 1545 3246 1616 ἔργον
3272 1548 3367 1600 καὶ
3397 1543 3540 1602 οὗτοι
3566 1550 3794 1614 πάντως

2203 1641 2357 1696 εἰσίν.
2404 1641 2468 1694 Εἰ
2507 1639 2684 1693 τοίνυν
2716 1639 2972 1710 ἐνέφηνεν
3013 1641 3041 1693 ὀ
3077 1639 3235 1705 λόγος
3281 1640 3347 1694 δι’
3397 1641 3680 1712 ἀκριϐείας
3727 1645 3794 1697 τὸ

2205 1731 2384 1803 ἔργον,
2415 1729 2637 1784 δυνατὸν
2668 1729 2734 1784 ἂν
2756 1729 2965 1798 γένοιτό
2999 1746 3092 1784 σου
3122 1731 3186 1800 τῇ
3213 1730 3450 1800 ὁσιότητι
3480 1732 3783 1804 κατιδούσῃ

2205 1822 2302 1893 τὴν
2335 1821 2542 1892 χρείαν,
2573 1819 2663 1874 διὰ
2698 1821 2914 1874 πάντων
2947 1821 3078 1891 ἡμῖν
3111 1823 3414 1892 παρασχεῖν
3443 1821 3505 1875 τὸ
3541 1824 3634 1876 ἐπὶ
3671 1829 3792 1888 τοῖς

2204 1915 2474 1985 τεχνίταις
2522 1913 2847 1984 ἀμέριμνον.
2893 1913 2955 1966 El
2987 1912 3044 1966 δὲ
3091 1910 3336 1983 μέλλοιτο
3381 1911 3519 1982 πρὸς
3561 1912 3720 1984 ἡμῶν
3761 1916 3793 1967 ό

2205 2007 2452 2076 τεχνίτης
2472 2003 2845 2066 συντίθεσθαι,
2877 2003 3186 2074 προκείσθω
3213 2002 3373 2074 εἴπερ
3401 1999 3510 2057 οἷόν
3531 2021 3589 2057 τε
3620 2022 3792 2074 φανε-
3837 1997 3844 1999 ’

2211 2095 2302 2166 ρὸν
2333 2095 2530 2166 μέτρον
2571 2093 2664 2148 τοῦ
2710 2090 2874 2165 ἔργου
2908 2096 2975 2166 τῇ
3011 2093 3217 2165 ἡμέρᾳ,
3263 2093 3349 2145 ἵνα
3390 2093 3464 2164 μὴ
3508 2092 3796 2162 ἄπρακτος

2209 2185 2494 2258 παρελθὼν
2519 2186 2610 2239 τὸν
2646 2187 2859 2257 χρόνον,
2898 2184 3036 2256 μετὰ
3061 2184 3234 2238 ταῦτα
3257 2183 3332 2254 μὴ
3361 2184 3498 2254 έχων
3524 2184 3794 2248 ἐπιδεῖξαι

2208 2277 2268 2328 re
2315 2275 2496 2347 ἔργον,
2537 2276 2614 2340 ὡς
2637 2275 2926 2340 τοσαύταις
2967 2275 3204 2346 ἡμέραις
3235 2277 3370 2345 ἡμῖν
3409 2275 3791 2348 ἐργασάμενος

2209 2367 2298 2420 τὸν
2327 2367 2468 2438 ὑπὲρ
2497 2368 2676 2422 αὐτῶν
2702 2367 2892 2439 μισθὸν
2913 2367 3140 2438 ἀπαιτῇ.
3174 2362 3304 2420 Οἶδα
3335 2367 3392 2420 δὲ
3422 2368 3503 2420 ὅτι
3535 2367 3797 2438 μικρολό-

2209 2475 2294 2527 γοι
2316 2459 2428 2528 (25)
2465 2459 2608 2521 τινὲς
2648 2460 2760 2521 τοῖς
2803 2457 3019 2520 πολλοῖς
3053 2455 3301 2525 δόξομεν,
3335 2454 3482 2508 οὕτω
3525 2455 3654 2524 περὶ
3689 2455 3796 2519 τὰς

2210 2551 2481 2622 συνθήκας
2522 2548 2984 2620 διακριῦούμενοι.
3043 2547 3206 2601 Ἀλλὰ
3240 2546 3618 2618 παρακλήθητι
3661 2563 3796 2615 σύγε

2210 2643 2435 2714 γνώμην
2459 2641 2620 2712 ἔχειν.
2660 2642 2720 2695 '0
2747 2641 2857 2712 γὰρ
2880 2641 3145 2712 μαμωνᾶς
3171 2641 3376 2702 ἐκεῖνος
3404 2638 3574 2692 πολλὰ
3595 2640 3795 2694 πολλά-

2211 2753 2296 2798 κις
2323 2736 2454 2804 παρ’
2483 2733 2640 2804 ἡμῶν
2662 2733 2902 2796 ἀκούσας
2927 2731 3134 2796 κακῶς,
3173 2731 3327 2794 τέλος
3353 2731 3648 2802 ἀπῴκησεν
3671 2733 3795 2784 ἑαυ-

2211 2827 2299 2880 τὸν
2328 2827 2484 2897 ἡμῶν
2528 2825 2605 2888 ὡς
2647 2824 2984 2895 πορρωτάτω
3004 2839 3018 2853 °
3067 2828 3300 2892 μισήσας
3323 2860 3338 2886 ,
3367 2819 3550 2894 οἶμαι,
3581 2820 3678 2891 τὴν
3703 2821 3796 2873 ἀεὶ

2213 2919 2502 2988 γινομένην
2547 2915 2862 2974 κατ’,αύτοῢ
2908 2913 3200 2984 φλυαρίαν.
3245 2913 3356 2967 Καί
3397 2930 3506 2966 τινι
3549 2911 3794 2983 χάσματι

2214 3008 2516 3077 ἀδιαϐάτῳ,
2543 3009 2610 3078 τῇ
2640 3007 2804 3076 πενίᾳ
2827 3005 3004 3073 λέγω,
3037 3004 3228 3057 ἑαυτὸν
3259 3002 3415 3074 ἡμῶν
3448 3002 3795 3072 διετείχισεν,

2213 3103 2288 3166 ὼς
2319 3103 2456 3172 μήτε
2489 3101 2697 3152 ἐκεῖνον
2728 3097 2864 3169 πρὸς
2896 3097 3042 3168 ἡμᾶς
3072 3095 3266 3157 ἐλθεῖν.
3304 3097 3440 3168 μήτε
3478 3096 3624 3166 ἡμᾶς
3657 3094 3800 3165 πρὸς

519 3209 623 3264 per
647 3192 914 3248 adversus
940 3191 1119 3260 ipsum
1151 3197 1280 3246 sunt
1306 3189 1574 3244 blaterata
1601 3207 1617 3255 ;
1649 3203 1713 3244 ac
1741 3188 1981 3259 quodam
2011 3190 2105 3243 im-

2213 3163 2419 3247 ἐκείνον
2439 3163 2787 3263 διαπερᾶσαιί
2825 3163 3028 3243 Τούτου
3050 3188 3210 3260 χάριν
3233 3163 3581 3260 περι-πολλοῦ
3614 3163 3800 3240 ποιού-

519 3283 843 3355 permeabili
874 3283 1023 3339 hiatu
1058 3280 1421 3351 (paupertate
1459 3279 1615 3351 dico)
1650 3279 1792 3336 inter
1823 3294 1882 3336 se
1925 3280 2105 3350 ipsum

513 3383 580 3429 .et
611 3389 711 3430 nos
741 3389 960 3428 murum
994 3372 1268 3429 obstruxit
1295 3411 1310 3436 ,
1359 3379 1418 3425 ιιι
1448 3386 1623 3441 neque
1654 3370 1743 3426 ille
1773 3371 1837 3425 ad
1879 3387 1980 3426 nos
2008 3388 2104 3426 ve-

512 3466 647 3538 nire
678 3464 874 3536 possit,
913 3477 1090 3533 neque
1118 3477 1222 3518 nos
1266 3463 1334 3518 ad
1381 3463 1536 3517 illum
1561 3463 1928 3533 pertransire.
1960 3465 2109 3530 Quo-

517 3558 674 3612 circa
698 3555 923 3627 plurimi
955 3553 1098 3610 facio
1123 3555 1380 3624 opilieum
1406 3554 1834 3624 benignitatem,
1867 3563 1926 3608 ut
1947 3554 2108 3609 nobis

526 3650 593 3700 a;l
628 3647 972 3718 propositum
1008 3645 1320 3700 institutum
1369 3644 1549 3700 facere
1583 3645 1719 3699 satis
1761 3645 1798 3698 ii
1847 3647 2104 3716 possint,

517 3738 604 3793 .nil
647 3752 874 3806 prorsus
904 3737 973 3792 ab
1017 3737 1202 3807 inopia
1237 3736 1554 3803 (laudabili,
1593 3736 1959 3806 precibusque
2008 3753 2107 3792 ex-

517 3827 766 3897 petendo
795 3828 977 3897 malo)
1010 3828 1290 3898 prohibiti.
1328 3826 1437 3884 Sed
1471 3829 1539 3882 'in
1577 3828 1664 3883 his
1691 3827 1913 3898 quidem
1948 3828 2110 3898 quid-

527 3933 691 3992 quam
719 3917 828 3987 joci
865 3917 1215 3974 eommistum
1245 3925 1352 3972 est.
1389 3916 1467 3970 Tu
1503 3928 1699 3982 autem,
1737 3918 1892 3973 homo
1921 3917 2017 3973 Dei
2039 3920 2107 3984 τί,

530 4009 609 4066 uti
644 4010 908 4080 possibile
950 4019 1005 4066 et
1042 4010 1346 4081 legitimum
1392 4009 1483 4075 sit,
1527 4011 1599 4065 ita
1631 4027 1757 4066 cum
1797 4011 2112 4068 hominibus

519 4103 837 4173 pacisceris,
888 4103 1080 4157 nuntia
1112 4102 1452 4159 confidenter
1479 4103 1739 4159 omnibus
1782 4104 1916 4174 ipsis
1945 4105 2112 4160 bene-

528 4195 844 4258 volentiam,
875 4209 998 4263 qua:
1031 4209 1060 4247 a
1086 4194 1244 4250 nobis
1269 4194 1639 4265 praestabitur,
1665 4196 2111 4267 mercediumque

2219 3302 2318 3356 μαι
2345 3285 2444 3356 τὴν
2473 3281 2892 3353 εὐγνωμοσύνην
2931 3281 3040 3334 τῶν
3073 3279 3351 3351 τεχνιτῶν,
3391 3279 3533 3334 ὥστε
3566 3277 3800 3349 δυνηθῆο

2216 3395 2305 3431 ναι
2335 3376 2472 3446 πρὸς
2512 3375 2611 3446 τὴν
2647 3373 3015 3446 προκειμένην
3046 3374 3191 3444 ἡμᾶς
3218 3371 3506 3445 ἐξαρκέσαι
3536 3371 3775 3442 σπουδήν

2220 3468 2294 3539 μὴ
2328 3467 2668 3530 κωλυθέντας
2705 3468 2773 3537 τῇ
2803 3465 2987 3536 πενίᾳ,
3017 3463 3096 3534 τῷ
3125 3463 3396 3534 ὲπαινετῷ
3436 3463 3529 3517 καὶ
3561 3461 3799 3531 εύκταίῳ

2216 3558 2391 3630 κακῷ.
2438 3557 2600 3612 Ἀλλὰ
2627 3557 2839 3620 τούτοις
2883 3556 2982 3627 μέν
3011 3573 3063 3610 τι
3107 3555 3202 3609 καὶ
3231 3555 3447 3618 παιδιᾶς
3491 3553 3802 3624 καταμέμι-

2201 3668 2359 3704 πται.
2394 3650 2476 3704 Σὺ
2518 3649 2584 3703 δέ
2616 3666 2740 3719 μοι,
2776 3647 2824 3700 ὦ
2852 3648 3126 3716 ἄνθρωπε
3167 3647 3274 3702 τοῦ
3323 3646 3492 3711 Θεοῦ,
3539 3647 3683 3710 ὅπως
3733 3646 3802 3700 ἂν

2193 3742 2440 3795 ’δυνατὸν
2471 3742 2566 3796 καὶ
2609 3739 2996 3812 νενομισμένον
3025 3736 3090 3814 ᾖ,
3138 3739 3281 3792 οὕτω
3320 3741 3435 3802 τοῖς
3488 3737 3801 3808 ἀνθρώποις

2217 3830 2539 3902 συνθέμενος
2565 3828 2784 3900 θαρρῶν
2811 3829 3111 3898 ὲπάγγειλε
3141 3829 3308 3881 πᾶσιν
3333 3828 3517 3890 αὐτοῖς
3539 3825 3635 3897 τὴν
3666 3827 3802 3896 παρ’

2215 3920 2374 3993 ἡμῶν
2417 3915 2855 3988 εὐγνωμοσύνην,
2895 3917 2989 3969 καὶ
3019 3915 3120 3985 τὴν
3152 3913 3258 3967 τῶν
3310 3912 3516 3985 μισθῶν
3551 3909 3803 3980 ἁ-ποπλήο

2219 4027 2406 4084 ρωσιν.
2454 4007 2705 4078 Δώσομεν
2733 4007 2842 4077 γὰρ
2866 4005 3164 4068 ἀνελλιπῶς
3197 4003 3266 4057 τὰ
3295 4003 3492 4066 πάντα,
3521 4000 3614 4055 τοῦ
3661 3999 3800 4052 Θεοῦ

2215 4102 2303 4156 διὰ
2328 4100 2438 4154 τῶν
2467 4098 2576 4151 σῶν
2601 4097 2778 4167 εὐχῶν
2813 4097 2908 4150 καὶ
2928 4164 2930 4166 τ
2947 4098 3078 4166 ἡμῖν
3103 4095 3201 4164 τὴν
3237 4097 3396 4174 χεῖρα
3420 4092 3518 4171 τῇς
3547 4091 3801 4169 εύλογίας

2217 4194 2543 4261 ἀνοίγοντος.

530 4285 746 4355 plenam
796 4285 1032 4355 copiam.
1105 4284 1409 4343 Trademus
1457 4287 1606 4342 enim
1673 4286 1859 4341 omnia
1913 4288 2061 4342 nulla
2102 4305 2160 4346 re
2200 4291 2554 4350 deﬁcientes;
2617 4282 2748 4346 Deo,
2802 4296 2898 4350 per
2941 4287 3065 4335 tuas
3119 4292 3334 4350 preces,
3389 4274 3802 4333 benedicaionis

523 4393 755 4434 manum
789 4379 948 4435 nobis
974 4381 1140 4435 etiam
1175 4389 1475 4436 reserante.

603 4503 650 4532 ”
679 4499 702 4552 ι
728 4498 868 4553 Tim.
895 4516 965 4566 IV,
994 4499 1044 4556 'l.

608 4657 719 4723 (25)
749 4657 1122 4726 Μικρολόγα.
1154 4654 1269 4710 Hoc
1301 4656 1353 4726 in
1386 4658 1489 4711 hoe
1524 4655 1646 4711 loco
1674 4655 1815 4726 valet
1851 4654 2107 4725 μικρολό-

537 4744 650 4795 γος.
679 4727 743 4779 Ει
770 4724 1017 4796 quamvis
1046 4727 1171 4781 huic
1202 4725 1590 4796 significationi
1645 4724 1882 4796 addatur
1913 4726 2106 4788 etiam,

537 4804 597 4850 ut
637 4795 1024 4851 ratio’ineatur
1050 4797 1117 4851 de
1145 4811 1205 4850 re
1234 4795 1564 4866 eontempta,
1594 4795 1790 4864 pusilla
1818 4813 1834 4862 ;
1865 4802 2108 4866 attamen

2216 4664 2324 4708 stat
2347 4654 2492 4709 enim
2525 4668 2619 4724 per
2642 4660 2810 4724 totam
2836 4651 3125 4723 epistolam
3165 4645 3457 4724 aediﬁcium
3487 4662 3594 4701 non
3620 4647 3804 4724 solum

2218 4725 2378 4780 vilem
2427 4716 2818 4804 aut'exiguam
2865 4716 2980 4776 rem
3039 4733 3148 4776 non
3191 4716 3347 4787 fore,
3397 4731 3587 4773 verum
3642 4718 3802 4788 longe

2219 4805 2779 4865 sumptuOSISSImum.

536 4882 688 4931 cave,
722 4875 779 4920 ut
814 4867 902 4921 hic
936 4868 1011 4922 ita
1054 4867 1297 4936 erplices
1327 4874 1382 4920 et
1412 4863 1685 4937 intelligas
1715 4879 1928 4924 vocem.
1959 4863 2109 4919 Con-
2207 4939 2214 4946 ‘
