4092 6368
289 381 423 438 1191

816 487 1163 543 summa
1194 489 1334 556 κε’.

289 644 375 701 Ex
404 645 635 700 editione
662 642 914 696 Maurina
947 661 1158 712 operum
1193 643 1246 697 S.
1275 643 1514 713 Gregorii
1551 643 2054 703 Nazianzeni,tom.
2085 643 2152 713 ll,

359 717 471 771 hac
508 714 661 768 ltubet
689 729 706 766 :
740 714 983 782 Epistolu
1009 717 1077 766 ad
1104 712 1410 783 l'Iva-griuni,
1441 731 1558 784 qua:
1591 715 1726 768 inter
1765 715 2033 768 orationes

1420 370 1803 428 EPISTOLE.
1843 402 1912 413 -—-
1945 371 2164 428 EPIST.
2208 369 2394 426 XXVI.

3397 371 3536 428 1102

2478 484 2815 542 EPISTOLA
2847 483 3037 541 XXVI.

2233 684 2246 696 .
2274 642 2395 698 196.
2437 640 2513 711 De
2546 643 2644 695 hac
2665 642 2890 711 epistola
2921 641 3147 698 domnus
3183 642 3540 700 Clemencetus

2210 714 2401 782 regorii
2429 710 2700 766 Nazianz.’
2733 712 2862 764 olim
2896 713 2984 777 45,
3013 731 3113 766 non
3139 717 3414 784 genuinus.
3449 717 3541 770 sed

356 786 725 855 supposititius
761 796 838 838 est
870 786 1027 854 fetus.
1061 784 1168 838 Fas
1207 787 1276 836 sit
1307 782 1481 837 dicere
1505 801 1622 837 cum
1677 784 2022 853 Patavio“):
2069 782 2137 837 llt
2168 785 2313 855 enim
2345 797 2659 855 germanam
2687 798 2811 855 esse
2845 797 2952 855 non
2974 782 3200 855 putem.
3239 787 3385 855 cogit
3424 795 3540 840 tum

359 850 487 927 styli
527 850 1092 927 dissimilitudoLtum
1125 855 1398 927 pedestris
1435 855 1680 927 illinsac
1713 850 1956 927 plebeius
1987 869 2190 915 sermo,
2226 850 2562 927 minimeque
2577 850 2904 927 liazianzeni
2937 850 3262 927 elegantiam
3288 850 3344 908 ei
3372 871 3542 927 graue

357 919 586 980 diiatem
618 926 890 978 redolens.
930 919 1299 977 Tillemt'uuius
1347 940 1549 992 quoque
1588 919 1726 976 hanc
1755 923 2034 990 epistolam
2083 938 2186 975 non
2233 937 2348 975 esse
2383 919 2627 992 Gregorii
2665 921 2960 992 existimat,
2997 919 3088 975 nco
3126 919 3542 992 eloquentissimi
3610 926 3616 933 '

357 996 554 1065 stylum
596 994 1118 1065 oratorispredolere,
1153 997 1262 1065 imp
1292 989 1480 1065 ineptis
1520 989 1815 1065 rationibus
1841 989 2553 1065 cocjbusquejpsoindignis
2579 1001 2823 1065 ποιεί-θη
2853 989 3110 1065 Obseruat
3141 989 3327 1065 doctus
3353 991 3539 1065 _(_Iotel.

359 1060 436 1135 (2')
477 1065 759 1133 epistolam
785 1063 855 1135 ad
893 1064 1176 1135 Evagrium
1204 1060 1464 1135 Theologo
1499 1064 1660 1135 tribui
1691 1064 1747 1135 in
1775 1079 1878 1135 ms.
1903 1060 2072 1135 Regio
2095 1060 2232 1135 i789
2263 1063 2404 1135 circa
2430 1063 2588 1130 finem
2613 1060 2983 1135 ‘Quu'stionum
3019 1063 3314 1135 Anastasii.
3353 1061 3546 1135 Verum

354 1134 408 1190 et
437 1137 491 1189 in
513 1135 672 1188 editis
691 1134 930 1203 ejusdem
963 1134 1241 1203 Anastasii

1267 1129 1659 1199 Quazitionibus
1683 1132 1888 1187 Basilio
1917 1129 2099 1186 eadem
2129 1131 2470 1194 adscribitur,
2512 1129 2779 1199 multoque
2812 1132 2971 1182 etiam
3001 1131 3325 1199 probabilius
3354 1133 3409 1187 in
3440 1151 3543 1189 ms.

357 1206 539 1258 itidem
571 1199 729 1273 Regio
761 1204 918 1265 M72,
941 1205 1166 1274 itemque
1196 1202 1440 1258 Cazsareo
1479 1203 1618 1269 apud
1648 1201 1988 1256 Lambecium
2030 1201 2162 1274 706._
2185 1199 2437 1272 Gregorio
2463 1199 2702 1270 Nysseno
2747 1199 3021 1265 tribuitur,
3046 1212 3096 1256 et
3119 1211 3373 1274 tanquam
3398 1203 3545 1260 illius

357 1276 615 1330 laudatur
645 1271 710 1327 ab
747 1275 1052 1344 Euthymio,
1080 1273 1352 1344 Panoplize
1379 1275 1554 1342 prima
1578 1282 1750 1342 parte,
1785 1274 1939 1327 titulo
1969 1271 2215 1325 secundo.

393 1435 549 1502 Πρὸς
574 1433 868 1502 Εὐάγριον
898 1433 1182 1502 μοναχὸν,
1215 1433 1344 1501 περὶ
1382 1435 1669 1503 Θεότητος
1693 1437 1791 1506 (5).

357 1574 569 1642 Σφόδρα
622 1589 681 1624 τε
736 1570 999 1641 θαυμάζω
1049 1572 1142 1624 καὶ
1191 1571 1311 1624 λίαν
1357 1573 1725 1645 ἐκπλήττομαι
1769 1577 1873 1648 τῆς

287 1663 696 1734 νηφαλιότητος,
739 1663 886 1724 ὅπως
930 1663 1184 1715 τοιούτων
1229 1663 1602 1735 θεωρημάτων
1634 1667 1728 1719 καὶ
1777 1683 1869 1737 τη-

285 1753 546 1807 λικούτων
580 1752 858 1824 ζητήσεων
888 1752 962 1823 (4)
989 1753 1161 1817 αῖτιος
1187 1754 1530 1821 καθίστασαι,
1567 1759 1684 1820 ταῖς
1709 1758 1870 1828 ἀκρι-

286 1845 434 1897 ϐέσιν
464 1845 540 1914 (ὅ)
567 1846 918 1914 ἐρωτήσεσιν,
955 1845 1035 1907 εἰς
1078 1844 1320 1916 ἀνάγκην
1370 1848 1517 1917 ἡμᾶς
1562 1847 1656 1901 τοῦ
1694 1847 1872 1917 λέγειν

285 1938 380 1988 καὶ
404 1935 642 2004 ἀγωνίαν
671 1935 995 2001 ἀποδείξεως
1031 1937 1336 2008 περιιστάς,
1367 1940 1665 2010 ἐρωτήσεις
1701 1941 1870 2010 ἀναγ-

285 2028 446 2092 καίας
495 2029 587 2082 καὶ
637 2028 940 2099 χρησίμους
980 2031 1112 2100 ήμῖν
1155 2030 1398 2097 ἐπάγων.
1447 2032 1604 2084 Πᾶσα
1634 2031 1874 2102 δηλονότι

284 2119 471 2173 λοιπὸν
524 2120 760 2188 ἀνάγκη,
804 2120 1032 2173 κατόπιν
1070 2119 1179 2173 τῶν
1227 2121 1546 2192 ἐρωτήσεων
1583 2124 1732 2192 ήμᾶς
1783 2123 1873 2176 ἐν·

285 2212 478 2280 αργεῖς
507 2209 775 2262 ποιεῖσθαι
813 2210 910 2272 τὰς
953 2209 1290 2281 ἀποκρίσεις.
1325 2211 1436 2264 Καὶ
1476 2210 1570 2264 νῦν
1604 2212 1784 2265 τοίνυν
1813 2212 1876 2266 τὸ

286 2301 646 2371 προσενεχθὲν
693 2299 955 2372 ἐρώτημα
1009 2301 1159 2371 παρά
1207 2299 1300 2354 σού
1342 2301 1542 2354 τοιόνδε
1609 2302 1702 2355 καὶ
1747 2305 1876 2374 περὶ

285 2391 439 2444 τοῦδε
469 2386 558 2461 ἦν.
587 2390 662 2455 ὥς
697 2408 818 2444 τινα
850 2391 1049 2462 τρόπον
1076 2391 1142 2444 ἂν
1169 2392 1254 2462 εἴη
1292 2393 1502 2464 Πατρός
1539 2411 1596 2446 τε
1628 2395 1722 2448 καὶ
1743 2395 1874 2448 Υἱοῦ

287 2483 382 2536 καὶ
413 2482 568 2549 ἁγίου
603 2480 917 2551 Πνεύματος
947 2483 980 2551 ή
1017 2481 1178 2549 φύσις
1209 2483 1297 2552 (ἣν
1331 2482 1394 2535 ἀν
1428 2500 1511 2547 τις
1560 2483 1736 2554 ὀρθῶς
1781 2485 1874 2538 ού-

291 2577 412 2630 σίαν
439 2574 636 2646 μᾶλλον
661 2573 693 2644 ἢ
717 2574 877 2642 φύσιν
907 2573 1140 2644 καλοίη),
1169 2573 1297 2626 πότε
1308 2591 1400 2645 ρον
1422 2575 1568 2646 άπλῆ
1591 2593 1676 2640 τις
1699 2576 1732 2647 ἢ
1759 2577 1878 2632 σύν-

289 2667 474 2731 θετοςς
497 2665 560 2718 Ei
587 2667 683 2736 μὲν
701 2665 808 2735 γὰρ
835 2666 1001 2734 ἁπλῆ,
1028 2665 1143 2729 πῶς
1159 2667 1251 2718 τὸν
1271 2667 1418 2735 τρεῖς
1438 2666 1744 2732 amatam:
1767 2669 1874 2724 τῶν

289 2759 705 2830 προειρημένων
747 2757 1016 2829 aptam;
1067 2757 1140 2809 Τὸ
1183 2757 1292 2828 γὰρ
1339 2757 1566 2821 ἁπλοῦν,
1602 2760 1871 2830 μονοειδὲς
1904 2803 1944 2856 Β

290 2854 382 2905 καὶ
427 2850 749 2921 ἀνάριθμον.
777 2851 853 2904 Τὸ
888 2850 946 2904 δὲ
982 2848 1235 2921 ἀριθμοῖς
1277 2850 1604 2913 ύποπίπτον,
1655 2852 1868 2922 ἀνάγκη

287 2941 601 3012 τέμνεσθαι,
649 2943 754 2996 κᾶν
790 2941 866 3012 μὴ
895 2939 1150 3010 ἀριθμοῖς
1191 2939 1529 3009 ὑποϐάληται
1556 2939 1670 3009 (6)·
1714 2940 1775 2992 τὺ
1813 2941 1871 2993 δὲ

289 3033 644 3103 τεμνόμενον,
672 3031 943 3104 ἐμπαθές·
978 3030 1149 3093 πάθος
1178 3029 1288 3100 γὰρ
1327 3031 1360 3099 ἡ
1399 3031 1561 3100 τομή.
1605 3031 1668 3084 Εἰ
1693 3030 1871 3083 τοίνυν

291 3127 436 3197 ἁπλῆ
466 3125 561 3179 τού
591 3125 912 3196 Κρεῖττονος
955 3125 987 3192 ἡ
1028 3122 1189 3191 φύσις
1218 3122 1322 3192 (7),
1351 3121 1578 3194 περιττὴ
1609 3122 1716 3175 τῶν
1751 3122 1870 3175 ὀνο-

292 3218 480 3288 μάτων
512 3219 546 3288 ή
567 3216 720 3279 «θέσις
745 3215 822 3286 (8)
840 3233 852 3245 ⁸
879 3215 925 3266 εἰ
960 3213 1016 3266 δὲ
1047 3211 1154 3264 τῶν
1179 3211 1460 3281 ὀνομάτων
1485 3209 1690 3282 ἀληθὴς
1716 3212 1750 3281 ή
1783 3208 1871 3262 θέο

293 3327 396 3368 τις.
428 3310 520 3362 καὶ
547 3309 628 3362 δεῖ
659 3309 771 3367 τοῖς
805 3305 1031 3376 ὀνόμασι
1069 3302 1368 3366 πείθεσθαι,
1401 3303 1462 3356 τὸ
1492 3302 1762 3372 μονοειδις
1793 3302 1870 3372 (9)

291 3402 383 3454 καὶ
405 3398 606 3454 ἁπλοῦν
626 3399 785 3461 εὐθὺς
809 3396 1048 3451 ἐκποδὼν
1078 3395 1303 3465 οἴχεται.
1336 3393 1432 3456 Τίς
1457 3388 1548 3447 οὖν
1571 3394 1637 3448 ἂν
1660 3395 1746 3463 εἴη
1774 3391 1872 3447 τοῦ

292 3493 615 3563 πράγματος
644 3493 678 3562 ἡ
713 3489 904 3559 φύσιςς
939 3487 1123 3542 Ταῦτα
1155 3484 1290 3554 πρὸς
1309 3486 1456 3554 ἡμᾶς
1486 3484 1740 3554 ἔφασκες.
1771 3478 1870 3538 Ὧν

289 3584 391 3647 τὰς
431 3583 732 3648 ἀποδείξεις
771 3583 801 3635 ό
837 3582 936 3651 τῆς
974 3579 1228 3653 ἀληθείας
1255 3578 1500 3652 ἀκριϐῶς
1529 3577 1870 3649 παραστήσει

287 3674 468 3741 λόγος,
512 3673 573 3724 οὐ
611 3672 846 3733 πίστεως
889 3670 1276 3724 ἀναποδείκτου
1329 3666 1631 3738 φαντασίαν
1668 3663 1872 3736 ἀπορία

291 3768 390 3836 τῆς
434 3763 758 3830 ἀποδείξεως
801 3761 1012 3830 ἀλόγως
1045 3761 1458 3833 προῖσχόμενος,
1507 3757 1628 3810 οὐδὲ
1679 3755 1863 3827 μύθων

289 3856 536 3910 παλαιῶν
567 3852 890 3924 μαρτυρίαις
915 3850 976 3904 τὸ
1006 3849 1201 3920 σαθρὸν
1224 3850 1322 3919 τῆς
1349 3845 1723 3917 πεποιθήσεως
1747 3846 1870 3898 ὲαυ-

288 3947 384 4001 τοῦ
414 3947 708 4002 καλύπτειν
735 3942 1091 4015 πειρώμενος,
1131 3940 1266 3994 ἀλλά
1298 3941 1578 4012 ζητήσεως
1610 3936 1869 4008 ἀκριϐοῦς

289 4041 614 4111 κατανοήσει
662 4038 754 4091 καὶ
796 4033 1072 4104 λογισμῶν
1111 4032 1361 4104 ὀρθότητι
1399 4031 1499 4101 τὴν
1539 4030 1632 4084 τοῦ
1662 4029 1870 4101 θεωρής

292 4149 460 4204 ματος
503 4131 766 4184 πίστωσιν
802 4129 879 4190 εἰς
904 4125 1210 4196 τούμφανὲς
1248 4122 1656 4196 προτιθέμενος.

1898 1445 1945 1500 Α

2167 1435 2248 1487 Ad
2287 1433 2566 1504 Evagrium
2599 1437 2929 1500 monachum,
2954 1435 3018 1490 de
3053 1435 3356 1494 Divinitate.

2042 1565 2410 1622 Vehementer
2443 1576 2496 1623 te
2537 1570 2802 1640 suspicio,
2836 1583 2900 1624 ac
2930 1585 3281 1641 summopere
3307 1570 3548 1640 pruden-

1973 1659 2105 1713 tiam
2148 1666 2298 1714 tuam
2351 1659 2618 1724 admiror,
2676 1662 2770 1732 qui
2836 1662 3040 1718 talibus
3077 1663 3548 1734 speculationibus

1973 1752 2254 1822 tantisque
2285 1753 2687 1822 quaestionibus
2715 1769 2940 1810 causam
2981 1756 3216 1825 praebes,
3245 1772 3345 1827 per
3382 1773 3550 1815 accu-

1973 1852 2125 1896 ratas
2161 1842 2622 1914 interrogationes
2679 1844 2840 1900 nobis
2879 1845 3098 1900 dicendi
3155 1849 3546 1904 necessitatem

1973 1947 2035 1988 ac
2065 1934 2409 2004 probationis
2434 1934 2678 1991 laborem
2702 1937 3012 2008 imponens.
3043 1937 3174 1992 dum
3207 1942 3548 1998 necessarias

1973 2032 2138 2094 atque
2166 2023 2327 2079 utiles
2355 2025 2686 2094 quaestiones
2718 2025 2775 2080 in
2803 2025 3044 2082 medium
3086 2025 3269 2084 aﬂ‘ers.
3307 2029 3549 2085 Proinde

1973 2115 2134 2170 nobis
2157 2116 2384 2170 omnino
2424 2115 2740 2171 faciendum
2769 2126 2877 2182 est,
2913 2124 2974 2172 ut
3001 2118 3371 2189 quaestionum
3421 2131 3547 2176 tua-

1972 2220 2094 2259 rum
2125 2206 2374 2278 vestigiis
2396 2207 2727 2273 htereamus,
2759 2223 2966 2279 easque
2989 2212 3143 2266 claro
3167 2219 3222 2266 et
3251 2214 3548 2284 perspicuo

1973 2312 2244 2367 responso
2266 2299 2629 2369 explicemus.
2656 2300 2898 2366 Quaestio
2929 2302 3096 2372 igitur
3125 2319 3154 2357 a
3178 2311 3232 2359 te
3267 2305 3546 2374 proposita

1972 2399 2092 2448 erat
2127 2391 2444 2461 hujusmodi
2473 2411 2488 2449 :
2529 2392 2780 2459 Quonam
2804 2395 2969 2451 modo
2997 2411 3122 2452 esse
3155 2405 3322 2468 queat
3366 2397 3548 2454 Patris

1973 2489 2026 2534 et
2073 2477 2198 2534 Filii
2257 2489 2313 2536 et
2354 2479 2598 2550 Spiritus
2643 2483 2820 2538 sancti
2875 2492 3073 2540 natura
3111 2486 3317 2557 (quam
3363 2496 3548 2544 tamen

1973 2570 2274 2625 essentiam
2306 2571 2534 2637 rectius,
2565 2587 2732 2644 quam
2762 2582 3036 2642 naturam,
3069 2578 3345 2649 quispiam
3379 2594 3549 2636 voca-

1974 2663 2192 2735 verit),
2221 2663 2456 2734 simplex
2504 2680 2573 2720 an
2623 2667 2975 2736 composita?
3006 2667 3063 2723 Si
3109 2668 3256 2724 enim
3291 2671 3548 2741 simplex,

1974 2753 2250 2822 quomodo
2279 2755 2578 2810 ternarium
2602 2770 2817 2820 eorum,
2839 2772 2963 2826 quae
2997 2765 3124 2812 ante
3149 2759 3413 2823 diximus,
3445 2777 3550 2815 nu-

1975 2862 2187 2902 merum
2240 2847 2516 2918 recipiet?
2555 2846 2690 2902 Nam
2749 2848 2896 2918 quod
2952 2848 3182 2920 simplex
3227 2860 3333 2915 est,
3380 2853 3549 2909 unius

1972 2937 2120 2992 modi
2148 2945 2251 2994 est.
2289 2937 2616 3007 numerique
2643 2953 2841 3009 expers
2872 2955 2886 2993 :
2941 2940 3087 3010 quod
3135 2948 3320 2997 autem
3356 2942 3413 2998 in
3442 2958 3549 2998 nu-

1976 3043 2161 3084 meros
2199 3029 2365 3093 cadit,
2403 3029 2576 3084 scindi
2616 3043 2844 3084 necesse
2888 3037 2996 3093 est,
3040 3031 3258 3088 etiamsi
3300 3035 3549 3088 numeris

1973 3119 2198 3174 minime
2227 3119 2574 3187 subjiciatur.
2603 3120 2758 3186 Quod
2786 3135 2949 3189 porro
2975 3122 3274 3188 scinditur,
3302 3124 3546 3193 passioni

1974 3210 2165 3279 utique
2195 3211 2492 3265 obnoxium
2520 3231 2534 3266 :
2560 3211 2732 3266 sectio
2753 3211 2898 3266 enim
2923 3215 3108 3282 passio
3133 3222 3234 3270 cst.
3276 3215 3548 3282 Quocirca

1973 3299 2018 3356 si
2039 3299 2266 3370 simplex
2292 3299 2601 3356 Deinatnra
2633 3311 2736 3369 est,
2767 3319 3175 3374 supervacanea
3195 3304 3357 3361 fuerit
3379 3308 3550 3361 nomi-

1973 3406 2104 3445 num
2133 3392 2483 3459 cmnstitutio;
2513 3393 2598 3446 sin
2621 3402 2799 3448 autem
2829 3410 2956 3450 vera
2971 3405 3057 3450 est
3078 3396 3362 3452 nominum
3399 3399 3555 3470 pusio;

1975 3481 2075 3544 tio,
2104 3481 2528 3552 nominibusque
2556 3483 2692 3553 ipsis
2729 3485 3027 3555 parendum
3058 3496 3163 3549 est,
3206 3489 3372 3544 unius
3399 3490 3545 3546 modi

1973 3575 2112 3628 ratio
2129 3589 2194 3630 ae
2209 3575 2535 3646 simplicitas
2552 3577 2736 3633 statim
2767 3593 2799 3634 e
2825 3580 3004 3634 medio
3023 3580 3264 3636 tolletur.
3281 3581 3544 3647 Quasnam

1973 3666 2138 3738 igitur
2155 3667 2322 3738 hujus
2337 3669 2414 3726 rei
2428 3676 2622 3725 natura
2638 3677 2724 3726 est
2741 3670 2765 3725 ?
2781 3669 2906 3727 Haec
2922 3672 2989 3728 ad
3008 3687 3108 3728 nos
3125 3671 3370 3730 dicebas.
3393 3673 3547 3740 Quo-

1971 3774 2094 3816 rum
2152 3759 2655 3820 demonstrationes
2709 3765 2960 3822 veritatis
3017 3765 3270 3821 doctrina
3349 3777 3545 3824 exacte

1973 3851 2254 3917 ostendet,
2307 3867 2418 3906 non
2457 3851 2606 3916 ﬁdei,
2643 3868 2766 3923 qua:
2815 3855 3286 3912 demonstratione
3334 3865 3543 3923 careat,

1973 3943 2193 3998 inanem
2219 3943 2512 4014 quamdam
2555 3946 2793 4014 speciem
2837 3955 3063 4016 propter
3095 3956 3542 4019 argumentorum

1972 4034 2214 4104 inopiam
2242 4036 2411 4090 stulte
2440 4035 2812 4107 praetendens,
2843 4052 2946 4092 nec
2961 4046 3207 4094 veterum
3231 4037 3542 4094 fabularum

1976 4128 2312 4182 testimoniis
2332 4127 2709 4198 persuasionis
2741 4143 2854 4183 suae
2890 4129 3322 4186 imbecillitatem
3352 4131 3544 4186 occul-

289 4238 407 4282 tare
447 4226 696 4289 studens,
725 4237 916 4277 verum
947 4237 1047 4291 per
1079 4233 1352 4275 accurata:
1377 4233 1442 4272 ac
1482 4218 1741 4288 perfectae
1774 4219 2152 4290 inquisitionis
2212 4223 2624 4295 perceptionem
2686 4232 2743 4279 et
2799 4225 3069 4281 rationum
3131 4227 3540 4292 rectitudinem,

287 4318 674 4374 theorematis”
708 4315 876 4384 hujus
933 4314 1408 4368 conﬁrmationem
1475 4311 1530 4364 in
1601 4319 1853 4380 apertum
1895 4315 2207 4384 proferens.

363 4414 493 4478 Ἀγε
553 4411 616 4481 δὴ
678 4409 861 4461 λοιπὸν
925 4408 1055 4478 ήμίν
1121 4407 1148 4458 ὀ
1218 4405 1372 4474 λόγος
1431 4403 1678 4457 ἐντεῦθεν
1738 4405 1870 4458 θια-

2042 4411 2156 4483 Age
2195 4412 2382 4484 igitur,
2427 4413 2558 4468 hinc
2603 4412 3031 4484 disputationem
3071 4413 3542 4482 auspicemurret

289 4503 493 4558 σευέτω
538 4502 672 4571 (l0),
719 4500 817 4553 καὶ
865 4499 981 4558 πῶς
1048 4497 1222 4550 δεῖτὸ
1265 4497 1417 4549 Θεῖον
1462 4496 1862 4568 ὑπολαμϐάνειν

288 4597 561 4666 φασκὲτω,
602 4593 828 4664 πότερον
876 4589 1100 4653 ἀπλούν,
1140 4591 1172 4660 ἢ
1215 4589 1523 4660 τριπλεκές.
1559 4589 1715 4642 Οὕτω
1752 4591 1859 4661 γὰρ

286 4690 436 4758 ἡμᾶς
481 4687 575 4740 καὶ
619 4685 796 4753 λέγειν
845 4685 880 4754 ή
926 4683 1033 4736 τῶν
1067 4683 1344 4752 ὀνομάτων
1381 4682 1596 4753 τριττὺς
1639 4682 1732 4734 κα)⁸
1770 4698 1860 4734 πι-

289 4781 498 4835 στεύειν
545 4778 819 4850 βιάζεται,
879 4775 973 4829 καὶ
1027 4774 1234 4839 τούτοις
1274 4773 1715 4846 ἀποχρησάμενοί
1745 4772 1857 4844 (Η)

361 4980 437 5049 (Ι)
477 4981 661 5034 Petav.
693 4977 901 5049 tom._l.
933 4976 1117 5045 Dogm.
1148 4975 1380 5049 tItgol._c.
1415 4973 1518 5049 6._§
1557 4975 1611 5034 5,
1645 4990 1698 5049 p.
1727 4974 1847 5028 157.

360 5043 634 5148 (ᾒῆτοηι.
679 5047 766 5111 Ill,
820 5043 1148 5101 Monument.
1188 5044 1390 5098 Eccles.
1445 5043 1615 5098 ϐιαιο.
1653 5046 1706 5096 in
1737 5054 1852 5097 not.

289 5121 943 5257 ῐὶ’(ΞῗοίΐεερὶΘιεότητος.
984 5183 1139 5238 Colb.
1183 5185 1218 5237 5
1275 5184 1423 5238 addit
1481 5183 1724 5254 μαθητὴν
1769 5183 1856 5235 αὐ.

284 5261 402 5313 τοῦ.
438 5259 752 5326 discipulum
793 5272 969 5326 suum.

357 5328 434 5397 (4)
481 5322 856 5397 Τηλικοῦτωνί
920 5325 1243 5394 ζητήσεων.
1307 5322 1464 5394 Apud
1514 5322 1750 5376 Montac.
1803 5331 1856 5376 ct

289 5395 476 5451 Morel.
518 5395 800 5465 ζητήσεων
830 5396 1002 5450 deest.

296 5536 301 5544 '
357 5466 432 5548 (5.)
479 5461 614 5531 Ταῖς
641 5461 968 5534 ἀκριϐέσιν.
1015 5464 1139 5519 Par.
1192 5481 1231 5527 ι,
1272 5466 1390 5525 ταῖς
1436 5461 1710 5524 ἀσεϐέσιν,
1765 5478 1855 5526 per

287 5551 896 5674 ""fé‘)”.'r306ci.2ntat.
925 5603 1055 5670 Reg.
1087 5601 1476 5674 ὑποϐάλληῗαι’

360 5669 438 5744 (7)
471 5673 580 5727 Τοῦ
603 5673 949 5740 Κρείττονος
982 5669 1250 5744 ἡφύσις.
1276 5669 1850 5744 Heliori_s,_prt_rstan-

1957 5679 2075 5727 cet,
2112 5671 2287 5738 inquit
2329 5669 2446 5724 Bill.
2473 5710 2486 5729 ,
2521 5671 2614 5739 qui
2664 5673 2734 5722 ob

1970 4501 2251 4569 quomodo
2279 4501 2527 4556 divinum
2559 4517 2766 4558 numen
2813 4501 2990 4573 accipi
3042 4502 3256 4567 debeat,
3295 4519 3542 4574 expona-

1969 4607 2114 4652 mus,
2141 4593 2449 4663 simplexne
2479 4609 2549 4649 an
2582 4594 2806 4664 triplex.
2844 4593 2938 4649 Sic
2967 4595 3113 4649 enim
3161 4611 3264 4650 nos
3295 4605 3350 4651 et
3390 4598 3538 4667 loqui

1967 4691 2021 4738 et
2055 4683 2286 4739 credere
2319 4685 2605 4739 nominum
2638 4685 2816 4740 ternio
2845 4686 3008 4758 cegit,
3050 4694 3214 4756 atque
3256 4687 3344 4742 his
3381 4690 3538 4746 abusi

1967 4774 2218 4829 nonnulli
2258 4775 2511 4830 homines
2540 4776 2754 4834 inﬁrma
2788 4776 3056 4849 planeque
3080 4777 3304 4834 rancida
3350 4791 3402 4835 et
3437 4782 3540 4836 ob-

1960 4988 2066 5044 qne
2104 4989 2303 5044 numen
2346 4973 2639 5044 signiﬁcat,
2671 4974 3083 5044 principemque
3126 4974 3537 5044 etiprimariam

1960 5043 2276 5112 essentiam.
2315 5043 2776 5112 quemadmodum
2817 5043 3090 5112 plerisque
3121 5043 3245 5096 aliis
3271 5044 3407 5098 locis
3437 5045 3541 5099 hu-

1955 5111 2049 5182 jus
2077 5111 2368 5168 tractatus.

2034 5182 2111 5251 (8)
2146 5181 2395 5250 Περιττὴ
2439 5181 2559 5236 τῶν
2608 5179 2915 5250 ὀνομάτων
2958 5183 2997 5248 ἡ
3045 5181 3233 5246 θέσις.
3274 5181 3538 5251 ἅψητα-

1962 5249 2125 5322 canea
2173 5251 2332 5319 fuerit
2384 5249 2676 5313 nominum,
2716 5249 2898 5306 Patris
2944 5253 3144 5306 scilicet
3189 5259 3239 5304 et
3294 5249 3430 5322 Filii
3475 5264 3546 5318 ac

1962 5320 2195 5389 Spiritus
2220 5322 2392 5373 sancti
2413 5323 2740 5374 constitutio.

2026 5391 2104 5456 (9)
2143 5391 2211 5443 Τὸ
2223 5390 2552 5459 μονοειδές.
2609 5391 2768 5444 Bill.:
2804 5388 3174 5456 Uniformitas.

2029 5461 2141 5527 (10)
2166 5459 2528 5534 gtaaevétw,
2575 5460 2751 5529 inquit
2785 5459 3055 5534 Combef.,
3089 5463 3245 5533 quasi
3262 5477 3358 5533 pro
3379 5462 3538 5534 ἐξαρ-

1959 5529 2129 5601 χὲτω,
2164 5529 2363 5583 Budare
2403 5539 2628 5601 auctore
2659 5532 2954 5601 pompatice
2981 5529 3253 5601 procedat.

2030 5599 2140 5668 (Η)
2177 5601 2410 5662 Τούτοις
2454 5599 2990 5723 ἀποχρησάμενοίί
3014 5601 3307 5658 Sabelliani
3339 5599 3531 5656 videli-

2030 5679 2075 5723 ι.
2112 5671 2287 5723 innuit
2329 5669 2446 5723 Bill.
2473 5710 2486 5723 .
2521 5671 2614 5723 nni
2664 5673 2734 5722 ob
2786 5686 2909 5723 tunc
2944 5686 3167 5723 causam
3218 5668 3528 5723 divinitatis

2808 5686 2909 5725 anc
2944 5686 3167 5729 causam
3218 5668 3528 5727 divinitatis

290 5741 465 5803 tiaris,
498 5744 752 5811 dignioris
781 5752 996 5795 natura.
1034 5743 1252 5800 Verum,
1276 5743 1452 5808 inquit
1483 5741 1598 5793 Bill.
1621 5781 1635 5803 ,
1663 5741 1765 5794 hoc
1797 5741 1850 5794 in
1958 5745 2386 5794 contractionem
2424 5741 2764 5796 invexerttnt.

289 5815 414 5871 loco
439 5813 526 5866 τοῦ
557 5814 872 5886 Κρείττονος
906 5814 1124 5867 nomine
1164 5812 1502 5865 divinitatem
1551 5827 1850 5866 summum-
