4092 6368
279 359 422 422 i235

1439 369 1821 426 EPISTOLAE.
1853 404 1919 413 —-
1956 374 2170 434 EPIST.
2229 380 2417 438 XXVI.

3408 383 3554 440 ΗΡΘ

279 485 478 550 ἀνάξια
509 488 822 542 παντάπασι
872 487 979 540 τῶν
1027 488 1185 543 θείων
1230 490 1350 552 ταῖς
1394 489 1602 543 ἑαυτῶν
1644 493 1840 546 ὲννοίαι

1979 517 2098 555 nem
2131 504 2446 559 necessario
2478 520 2578 560 nos
2615 505 2939 578 provvehens.
2971 504 3173 560 Verum
3206 503 3429 574 quidam
3467 519 3562 560 es-

278 579 610 644 δοξάζουσιν.

355 854 564 907 Εἰδέναι
594 854 650 907 δὲ
677 855 966 908 ἀκόλουθον
995 858 1140 925 ἡμᾶς
1166 857 1291 920 τοὺς
1324 857 1419 924 τῆς
1462 859 1719 929 ἀληθείας
1749 863 1866 913 ἐπι-

278 947 582 1014 γνώμονας,
616 947 690 1010 ὼς
730 946 1034 1018 ἀδιαίρετός
1077 951 1193 1001 ἐστι
1236 951 1330 1003 καὶ
1367 952 1702 1022 μονοειδὴςὴ
1747 953 1865 1005 θεία

277 1053 336 1087 τε
387 1037 480 1089 καὶ¹
525 1037 736 1108 ἀμερὴς
776 1037 870 1089 τοῦ
919 1039 1239 1108 Κρείττονος
1280 1041 1466 1094 οὑσία·
1519 1043 1655 1114 πρὸς
1705 1043 1760 1097 δὲ
1805 1043 1866 1096 τὸ

279 1130 544 1198 χρήσιμον
582 1129 683 1198 τῆς
728 1128 999 1199 ἡμετέρας
1047 1130 1155 1184 τῶν
1203 1131 1389 1202 ψυχῶν
1435 1134 1725 1205 σωτηρίας,
1770 1134 1866 1188 καὶ

279 1219 596 1290 μερίζεσθαι
645 1223 765 1284 ταῖς
811 1223 1124 1290 ὀνομασίαις
1175 1223 1356 1287 δοκεῖ,
1406 1226 1501 1278 καὶ
1548 1226 1864 1297 διαιρέσεως

274 1312 484 1380 ἀνάγκη
526 1311 848 1379 ὑφίστασθαι
881 1313 1014 1382 (22),
1044 1315 1225 1378 καθὼς
1263 1315 1490 1388 ἔφαμεν.
1529 1320 1624 1371 Ὃν
1664 1318 1866 1388 τρόπον

272 1403 380 1472 γὰρ
410 1405 442 1471 ἠ
469 1402 612 1474 ψυχὴ
637 1407 799 1474 νοητή
830 1423 912 1468 τις
945 1407 1282 1478 ὑπάρχουσα,
1308 1411 1593 1480 νοημάτων
1622 1414 1864 1488 ἀπείρων

273 1493 598 1544 ἁποκυϊσκει
639 1493 859 1564 πλῆθος,
893 1496 1041 1564 ὅμως
1083 1496 1204 1550 οὔτε
1260 1502 1528 1570 νοήματος
1574 1502 1864 1575 διαιρεῖται

273 1582 454 1645 πάθει,
482 1583 604 1637 οὔτε
643 1585 735 1638 τοῦ
783 1586 1021 1656 πλήθους
1049 1589 1156 1642 τῶν
1184 1592 1472 1661 νοημάτων
1505 1593 1651 1666 ψυχὴ
1682 1596 1770 1649 διά
1797 1597 1864 1651 τὰ

271 1674 551 1738 φθάσαντα
602 1677 871 1747 πτωχεύει
922 1681 1072 1744 ποτὲ,
1119 1681 1490 1754 πλουσιωτέρα
1543 1685 1598 1739 δὲ
1643 1688 1861 1757 μᾶλλον,

270 1769 301 1836 ἣ
343 1771 642 1841 πενεστέρα
666 1771 873 1838 γίνεται
892 1791 905 1804 ν
935 1773 994 1824 ὃν
1021 1776 1219 1843 τρόπον
1246 1775 1302 1828 δὲ
1347 1776 1438 1828 καὶ
1473 1776 1500 1827 ὁ
1531 1781 1863 1850 προφορικδς

1979 594 2211 648 sentiam
2246 596 2410 650 simul
2444 611 2570 651 cum
2612 597 2928 652 nominibus
2960 613 3151 652 crasse
3188 596 3358 651 dividi
3392 603 3558 665 atque

1977 683 2240 754 distingui
2264 685 2665 754 existimantes,
2697 685 2920 757 indigna
2946 702 3174 758 prorsus
3210 687 3375 742 rebus
3413 685 3557 741 divi-

1979 775 2062 828 nis
2098 774 2155 829 in
2185 776 2384 831 animis
2417 777 2530 832 suis
2556 779 2824 832 sentiunt.

2049 865 2343 922 Sciendum
2363 877 2447 924 est
2463 869 2726 939 deinceps
2750 871 2925 933 nobis,
2951 871 3046 942 qui
3073 869 3353 925 veritatem
3380 885 3554 940 agno-

1975 957 2203 1025 scimus,
2234 959 2382 1028 quod
2421 961 2608 1016 divina
2639 970 2692 1016 et
2725 963 2960 1032 simplex
3003 961 3096 1017 Dei
3130 963 3367 1018 essentia
3405 963 3552 1016 indi-

1975 1050 2137 1104 vidua
2177 1051 2449 1120 uniusque
2479 1051 2623 1106 modi
2655 1059 2778 1115 est;
2825 1060 3081 1107 cancrum
3110 1049 3178 1105 ad
3208 1051 3402 1107 salutis
3436 1053 3555 1104 ani-

1974 1156 2184 1194 marum
2229 1151 2544 1196 nostrarum
2586 1142 2900 1208 utilitatem,
2935 1142 3284 1212 partitionem
3333 1157 3553 1214 quoque

1971 1240 2192 1301 propter
2222 1232 2616 1301 appellationes
2647 1235 2834 1289 subire
2875 1234 3115 1299 videtur,
3150 1233 3552 1304 divisionisque

1972 1322 2281 1377 necessitati
2313 1322 2535 1392 subjici,
2563 1330 2620 1376 ut
2639 1323 2751 1391 jam
2768 1338 2796 1376 a
2817 1323 2979 1379 nobis
2995 1324 3202 1378 dictum
3223 1333 3325 1378 est.
3345 1323 3550 1388 Quem-

1972 1414 2264 1468 admodum
2296 1414 2440 1468 enim
2495 1414 2699 1480 anima,
2751 1408 2970 1484 quae'de
2998 1431 3188 1469 eorum
3218 1429 3414 1485 genere
3439 1421 3545 1478 est,

1972 1518 2096 1572 quae
2143 1502 2503 1574 intelligentia
2543 1505 2944 1574 percipiuntur,
2981 1505 3240 1578 quamvis
3279 1505 3548 1559 inﬁnitam

1972 1594 2365 1665 cogitationum
2398 1594 2804 1648 multitudinem
2833 1597 3032 1666 pariat,
3066 1604 3246 1650 tamen
3273 1611 3374 1650 nec
3397 1595 3549 1665 cogi-

1973 1684 2238 1739 tationum
2281 1685 2536 1756 passione
2566 1686 2850 1753 dividitur,
2885 1702 2984 1740 nec
3032 1687 3424 1758 cogitationum
3452 1703 3548 1756 pe-

1975 1777 2152 1842 nuria,
2174 1786 2398 1846 promer
2416 1792 2479 1832 ea
2501 1793 2619 1847 quae
2640 1788 3061 1850 prmcessernnt,
3083 1796 3319 1850 unquam
3347 1778 3549 1849 prorni-

267 1861 450 1912 οὑτοσὶ
485 1862 578 1913 καὶ
610 1863 786 1926 κοινὸς
817 1865 1018 1916 ἅπασιν
1051 1867 1180 1936 ἡμῖν
1213 1866 1390 1934 λόγος,
1418 1868 1723 1938 ἀδιαίρετος
1757 1876 1846 1940 μέπ.

1962 1879 2070 1932 tur,
2103 1871 2235 1939 quin
2267 1870 2434 1925 ditior
2468 1872 2668 1940 potius,
2702 1887 2865 1936 quam
2919 1871 3213 1942 pauperior
3255 1871 3493 1924 efﬁcitur
3527 1888 3542 1924 :

270 1952 383 2003 ἐστι
423 1953 524 2022 τῆς
553 1957 1064 2025 προσενεγκαμένης
1093 1958 1202 2027 (25)
1239 1958 1434 2029 ψυχῆς,
1467 1961 1560 2013 καὶ
1609 1965 1728 2024 ταῖς
1756 1963 1858 2031 ψυ-

268 2045 388 2108 χαῖς
416 2042 471 2094 δὲ
501 2042 608 2094 τῶν
634 2044 997 2114 ἀκροωμένων
1029 2046 1182 2098 οὐδὲν
1217 2042 1379 2117 ἦττον
1406 2050 1463 2100 ὲν
1498 2049 1680 2121 ταὺτῷ
1718 2051 1852 2105 καθ-

270 2132 498 2196 ίσταται,
553 2136 809 2205 κάκείνης
861 2136 934 2206 μὴ
977 2138 1343 2209 χωριζόμενος
1375 2141 1486 2209 (21)
1529 2143 1622 2194 καὶ
1648 2143 1856 2208 τούτοις

267 2224 672 2296 εὑρισκόμενος,
707 2228 898 2282 ἕνωσιν
923 2230 980 2282 δὲ
1012 2230 1213 2300 μᾶλλον
1241 2233 1273 2302 ἢ
1297 2233 1557 2305 διαίρεσιν
1587 2235 1765 2288 αὑτῶν
1792 2252 1853 2288 τε

267 2317 358 2368 καὶ
405 2317 512 2369 τῶν
555 2320 836 2390 ἡμετέρων
879 2323 1066 2394 ψυχῶν
1113 2325 1506 2396 ἐργαζόμενος
1559 2327 1700 2381 οὕτω
1758 2346 1848 2399 μοι

265 2407 374 2458 νόει
415 2408 507 2461 καὶ
552 2409 642 2462 τὸν
697 2411 822 2464 Υίὸν
869 2413 961 2466 τοῦ
1009 2414 1219 2485 Πατρός
1254 2416 1328 2486 μὴ
1369 2417 1703 2488 χωρισθέντα
1737 2417 1850 2470 πώ-

265 2515 417 2559 ποτε,
472 2502 564 2553 καὶ
609 2501 796 2555 τούτου
839 2505 896 2556 δὲ
947 2505 1106 2558 πάλιν
1156 2506 1216 2559 τὸ
1278 2507 1500 2578 Πνεῦμα
1552 2510 1613 2562 τὸ
1668 2510 1844 2574 ἅγιον,

263 2591 461 2661 ὁμοίως
487 2595 542 2645 ὲν
568 2594 643 2663 τῷ
671 2596 746 2665 νῳ
777 2597 872 2667 τὴν
895 2597 1208 2668 ἐνθύμησιν.

345 2777 433 2840 Ὠς
465 2776 572 2847 γὰρ
614 2777 713 2830 οὑκ
745 2777 858 2831 ἔστι
893 2780 1092 2850 μεταξὺ
1123 2777 1220 2833 νοῦ
1252 2782 1345 2834 καὶ
1373 2781 1721 2853 ἐνθυμήσεως
1747 2787 1844 2838 καὶ

262 2869 439 2938 ψυχῆς
474 2868 735 2939 διαίρεσιν
764 2871 1116 2940 ὲπινοηθῆναί
1168 2889 1289 2924 τινα
1318 2872 1408 2924 ταὶ
1430 2873 1602 2942 τομήν
1625 2888 1639 2902 ·
1671 2873 1844 2937 οὕτως

263 2959 382 3011 οὑδὲ
411 2957 502 3011 τοῦ
533 2959 686 3025 ἁγίου
718 2959 1050 3030 Πνεύματος,
1079 2960 1174 3012 καὶ
1201 2961 1294 3012 τοῦ
1323 2961 1592 3030 Σωτῆρος,
1626 2963 1718 3015 καὶ
1747 2961 1841 3014 τοῦ

263 3048 498 3118 Πατρὸς,
515 3049 573 3100 ὲν
598 3048 746 3118 μέσῳ
766 3049 936 3118 τομὴν
959 3050 990 3119 ἦ
1014 3051 1276 3120 διαίρεσιν
1305 3051 1660 3122 ἐπινοηθῆναί
1684 3069 1838 3104 ποτε·

260 3137 392 3196 διότι
421 3136 528 3190 τῶν
578 3137 803 3207 νοητῶν,
843 3137 916 3201 ὼς
951 3138 1178 3208 ἔφαμεν,
1209 3140 1302 3193 καὶ
1340 3140 1500 3193 θείων
1533 3143 1837 3213 ἀδιαίρετος

1953 3142 2236 3213 cogitanda
2282 3151 2367 3198 est
2414 3160 2428 3196 :

260 3229 293 3298 ἠ
334 3227 514 3298 φύσις.
557 3229 627 3281 Ἢ
662 3230 756 3282 καὶ
777 3229 836 3284 ὃν
865 3231 1066 3302 τρόπον
1093 3231 1189 3301 οὑχ
1218 3227 1329 3283 οἷόν
1357 3249 1417 3283 τε
1453 3233 1614 3286 πάλιν
1643 3234 1846 3302 ὁμοίως

263 3321 321 3370 ἐν
351 3320 498 3390 μέσῳ
520 3320 718 3374 κύκλου
750 3321 861 3392 (‘25)
900 3322 994 3376 καὶ
1024 3321 1124 3391 τῆς
1153 3322 1368 3384 ἀκτῖνος
1404 3322 1663 3394 διαίρεσιν
1693 3324 1846 3397 εὑρέ-

263 3409 413 3474 σθαι,
465 3410 552 3463 διὰ
591 3411 654 3464 τὸ
687 3412 897 3476 ἀπαθὲς
946 3412 1043 3465 καὶ
1084 3410 1374 3482 ἀσώματον
1420 3414 1625 3468 ἁπλοῦν
1659 3433 1717 3468 τε
1750 3417 1846 3471 καὶ

261 3502 484 3572 ἀμερὲς,
515 3502 628 3554 ἀλλ’
661 3505 693 3572 ἡ
725 3503 823 3573 μὲν
851 3505 1006 3567 ἀκτὶς
1038 3506 1306 3573 συνῆπται
1335 3504 1412 3575 τῷ
1446 3505 1650 3575 κύκλῳ,
1675 3507 1844 3579 τοῦμ-

262 3592 422 3644 παλιν
453 3593 510 3647 δὲ
551 3595 578 3646 ὁ
611 3593 844 3659 κύκλος,
885 3588 997 3648 οἷόν
1040 3612 1125 3657 τις
1172 3594 1489 3665 ὀφθαλμὸς,
1534 3597 1844 3668 ποταμηδὸν

261 3688 440 3756 ἐπιχεῖ
467 3685 546 3753 τῷ
596 3688 758 3741 παντὶ
796 3687 894 3751 τὰς
943 3689 1166 3751 ἀκτῖνας
1193 3729 1209 3754 ,
1266 3689 1688 3760 κατακλυσμοὺς
1730 3689 1843 3743 ὦσ-

263 3795 368 3849 περ
414 3778 568 3841 τινὰς
612 3778 788 3847 φωτὸς
831 3781 964 3849 ἡμῖν
1010 3780 1407 3849 ἐργαζόμενος,
1463 3779 1557 3833 καὶ
1615 3780 1843 3847 πελαγί-

263 3871 370 3935 ζων
394 3870 603 3942 ἀθρόως
631 3871 730 3942 τὴν
750 3872 1105 3943 διακόσμησιν
1133 3873 1245 3942 (26)
1265 3890 1277 3903 ·
1302 3873 1444 3926 οὑτω
1463 3873 1526 3942 δὴ
1556 3873 1652 3926 καὶ
1677 3873 1842 3926 οἱονεί

259 3980 403 4025 τινες
443 3962 536 4015 τοῦ
572 3963 782 4034 [ἰατρὸς
835 3964 1050 4027 ἀκτῖνες
1100 3964 1484 4035 ἀπεστάλησαν
1530 3965 1616 4032 ἐφ’
1671 3965 1839 4035 ἡμᾶς,

261 4058 289 4108 ὃ
335 4073 393 4108 τε
435 4055 717 4127 φεγγώδης
766 4056 999 4126 Ἰησοῦς,
1057 4058 1150 4110 καὶ
1201 4056 1261 4110 τὸ
1300 4057 1524 4128 Πνεῦμα
1559 4057 1620 4110 τὸ
1662 4057 1838 4126 ἅγιον.

263 4148 476 4218 Ὠσπερ
501 4148 610 4218 γὰρ
641 4146 809 4200 αἰτοῦ
837 4148 1012 4216 φωτὸς
1029 4148 1247 4211 ἀκτῖνες
1273 4147 1566 4218 ἀμέριστον
1611 4147 1832 4218 ἔχουσαι

260 4239 400 4293 κατά
433 4239 593 4309 φύσιν
628 4239 728 4309 τὴν
758 4240 897 4310 πρὸς
939 4239 1174 4309 ἀλλήλας
1205 4239 1410 4308 σχέσιν,
1440 4237 1566 4293 οῦτε
1602 4241 1696 4294 τοῦ
1729 4259 1840 4310 φω-

259 4333 350 4394 τὸς
377 4329 718 4401 χωρίζονται,
752 4329 875 4382 οὔτε
902 4329 1145 4400 ἀλλήλων
1172 4331 1591 4401 ἀποτέμνονται,
1615 4333 1707 4386 καὶ
1738 4334 1838 4402 μέ-

259 4439 381 4492 χρις
405 4419 565 4491 ἡμῶν
605 4419 706 4490 τὴν
737 4420 894 4491 χάριν
923 4421 1018 4474 τοῦ
1053 4420 1229 4488 φωτὸς
1259 4423 1646 4477 ἀποστέλλουσι
1673 4439 1688 4455 ⁶
1747 4425 1839 4477 τὸν

259 4511 419 4564 αὑτὸν
441 4510 642 4581 τρόπον
668 4512 761 4564 καὶ
781 4512 808 4564 ὁ
828 4509 1017 4582 Σωτὴρ
1045 4511 1072 4562 ὁ
1099 4510 1382 4582 ἡμέτερος,
1419 4512 1514 4566 καὶ
1535 4513 1596 4565 τὺ
1612 4513 1835 4585 Πνεῦμα

257 4604 319 4656 τὸ
351 4603 528 4671 ἅγιον,
558 4605 592 4674 ἠ
640 4603 856 4673 δίδυμος
899 4604 991 4656 τοῦ
1025 4602 1236 4673 Πατρὸς
1277 4604 1456 4668 ἀκτὶς,
1500 4605 1595 4658 καὶ⁵
1643 4607 1834 4676 μέχρις

263 4695 414 4765 ἡμῶν
441 4695 763 4749 διακονεῖται
788 4693 886 4764 τῆς
902 4695 1156 4766 ἀληθείας
1186 4695 1247 4748 τὸ
1277 4693 1413 4764 φῶς,
1440 4698 1533 4750 καὶ
1567 4696 1644 4766 τῷ
1660 4699 1832 4768 Πατρὶ

260 4790 580 4857 συνήνωται.

332 4879 429 4930 Ὃν
456 4877 513 4930 δὲ
550 4877 748 4949 τρόπον
771 4877 916 4930 κάπό
935 4894 1076 4940 τινος
1102 4876 1308 4929 ὑδάτων
1329 4879 1511 4947 πηγῆς
1536 4877 1833 4948 νεκταριῶ-

253 4967 340 5029 δες
372 4965 618 5034 ἀφθόνως
651 4966 982 5036 προϊεμένης
1017 4964 1192 5034 ὕδωρ,
1233 4965 1520 5035 συμϐαίνει
1557 4966 1735 5038 ρεῦμά
1777 4985 1830 5020 τι

256 5059 600 5130 παμπληθὲς,
631 5059 724 5112 καὶ
755 5058 970 5130 ῥεῖθρον
1003 5060 1394 5129 ἀκατάσχετον,
1441 5061 1518 5122 εἰς
1550 5060 1829 5128 ποταμοὺς

252 5149 347 5205 δύο
378 5148 461 5220 τῷ
504 5149 736 5221 ῥεύματι
778 5148 1090 5220 τέμνεσθαι,
1139 5148 1267 5220 μίαν
1306 5149 1366 5214 ἐξ
1403 5147 1520 5212 ὲνδς
1549 5147 1829 5218 ὀφθαλμοῦ

327 5325 439 5396 (22)
471 5393 483 5396 _
506 5325 754 5396 Ἀνάγκη
807 5327 1197 5396 ὑφίστασθαι.
1232 5325 1495 5390 “antae”
1545 5325 1734 5382 Morel.
1776 5331 1832 5381 et

251 5393 512 5466 Cornibef,
535 5393 780 5466 ἀνάγκην
810 5393 1156 5465 ὑζοίστασθαι.

324 5463 437 5534 (25)
466 5463 1056 5536 Προσένελτοκαμένης.
1091 5466 1246 5523 Colb.
1277 5465 1331 5531 5,
1354 5465 1408 5530 6,
1441 5465 1832 5537 9,προενεγκα-

259 5535 560 5688 fagi)?!
585 5603 1129 5688 χῳιζόμενοςλὶὶιι.
1155 5621 1262 5688 non
1289 5605 1831 5688 bene,.in_quitCom-

258 5671 391 5737 laeti,
428 5671 707 5729 distinctus
767 5671 920 5741 (itque
950 5671 1280 5744 separatus,
1315 5677 1473 5744 quasi
1525 5671 1638 5730 lucc
1666 5691 1830 5747 syno-

259 5757 420 5814 nyma
442 5744 740 5814 Gregorius
767 5747 982 5806 habeat,
1017 5755 1108 5797 aut
1135 5761 1233 5797 vox
1268 5746 1318 5798 id
1345 5755 1498 5799 sonet
1527 5765 1538 5798 :
1571 5746 1832 5802 diﬁernnt

257 5811 375 5868 haec
405 5811 699 5886 plurimum
732 5817 787 5872 in
817 5816 1160 5873 accuratiore
1197 5816 1485 5888 theologia-

1959 1963 2420 2033 qnemadmodum
2453 1964 2680 2034 insuper
2702 1966 2907 2018 vocalis
2943 1966 3030 2019 hic
3063 1978 3244 2018 sermo
3277 1961 3549 2033 nobisque

1958 2052 2216 2106 omuilms
2250 2053 2586 2115 communis,
2624 2053 2836 2108 etiamsi
2873 2068 2902 2106 a
2947 2062 3174 2122 parente
3211 2053 3391 2106 anima
3442 2053 3545 2105 mi-

1961 2143 2105 2195 nime
2149 2142 2444 2208 dividatur,
2494 2143 2730 2197 nihilose
2770 2145 2856 2198 ins
2887 2153 3063 2196 tmnen
3104 2144 3156 2197 in
3200 2143 3540 2197 audientium

1956 2250 2174 2303 quoque
2203 2235 2401 2287 animis
2431 2235 2594 2289 simul
2622 2243 2728 2299 cst,
2756 2251 2854 2288 nec
2884 2236 2951 2288 ab
2973 2250 3036 2289 ea
3071 2235 3354 2301 sejunctus
3377 2243 3543 2303 atque

1955 2333 2266 2395 separatus,
2297 2333 2352 2379 et
2380 2325 2433 2378 in
2471 2325 2578 2380 illis
2607 2325 2892 2389 inventus,
2927 2327 3037 2379 imo
3075 2326 3328 2380 unionem
3358 2327 3540 2395 potius

1955 2434 2116 2487 quam
2153 2417 2478 2472 divisionem
2516 2432 2708 2472 eorum
2752 2419 3171 2488 animarumque
3222 2427 3538 2472 nostrarum

1958 2509 2204 2564 efﬁciens
2224 2525 2240 2563 ι
2260 2509 2337 2563 sic
2356 2521 2411 2563 tu
2437 2525 2656 2581 quoque
2684 2511 2915 2580 cogites.
2947 2508 3143 2564 Filium
3171 2525 3198 2562 a
3218 2509 3378 2564 Patre
3403 2527 3539 2562 nun-

1953 2615 2116 2668 quam
2150 2609 2460 2669 separatum
2492 2616 2636 2665 esse,
2682 2617 2782 2654 nec
2812 2616 3004 2656 rursus
3034 2602 3101 2654 ab
3139 2600 3242 2654 hoc
3274 2600 3536 2668 Spiritum

1953 2698 2230 2750 sanctum.
2269 2689 2459 2744 eodem
2501 2689 2662 2742 modo
2689 2704 2796 2757 quo
2825 2688 3208 2757 cegltationen'i
3241 2688 3292 2740 in
3335 2697 3534 2740 mente.

2025 2779 2092 2834 Ut
2124 2781 2268 2834 enim
2319 2779 2461 2833 inter
2501 2787 2738 2833 mentem
2786 2787 2840 2831 et
2888 2778 3280 2847 cogitationem
3327 2785 3381 2829 et
3419 2776 3540 2828 ani-

1946 2887 2089 2926 mam
2123 2872 2265 2925 nulla
2299 2869 2497 2924 divisio
2538 2880 2632 2924 aut
2664 2870 2837 2924 sectio
2858 2869 3155 2938 excogitari
3199 2875 3378 2936 potest
3408 2886 3422 2921 :
3455 2867 3537 2921 sic

1946 2979 2122 3033 neque
2167 2963 2310 3016 inter
2367 2961 2630 3030 Spiritum
2678 2965 2929 3013 sanctum
2982 2967 3037 3011 ct
3089 2957 3429 3010 Salvatorem
3479 2965 3534 3009 et

1945 3052 2162 3106 Patrem
2201 3053 2309 3106 ulla
2339 3066 2581 3122 unquam
2601 3051 2771 3106 sectio
2801 3059 2891 3103 aut
2922 3049 3118 3102 divisio
3152 3048 3534 3102 intercessisse

2477 3141 2734 3212 quoniam
2788 3140 3153 3210 spiritualium
3213 3148 3271 3194 et
3318 3139 3532 3194 divine-

1948 3250 2092 3298 rnm,
2125 3242 2185 3288 ut
2220 3232 2482 3299 diximus,
2510 3232 2798 3288 divisionis
2823 3246 3021 3302 expers
3057 3239 3254 3286 natura
3284 3240 3387 3285 est.
3427 3231 3533 3287 Aut

1945 3326 2132 3391 etiam,
2165 3323 2622 3396 quemadmodum
2656 3325 2798 3378 inter
2831 3324 3017 3378 orbem
3047 3331 3101 3376 et
3131 3323 3368 3385 radium,
3405 3339 3530 3392 pro-

1945 3429 2068 3488 pter
2122 3417 2618 3489 impassibilitatem
2669 3415 3031 3484 corporisque
3086 3413 3414 3468 vacuitatrm
3475 3421 3530 3467 et

1945 3508 2347 3579 simplicitatem
2409 3515 2574 3577 atque
2617 3505 3076 3568 individuitatem,
3130 3504 3280 3558 nulla
3331 3503 3530 3557 divisio

1943 3599 2172 3669 reperiri
2221 3607 2418 3669 potest,
2467 3615 2654 3653 verum
2696 3605 2757 3651 ut
2806 3597 2992 3651 radius
3033 3596 3150 3650 orbi
3203 3595 3530 3664 conjunctns

1942 3700 2046 3754 est,
2082 3693 2152 3745 ita
2184 3707 2380 3745 rursus
2409 3691 2584 3755 orbis,
2632 3690 2778 3744 oculi
2823 3688 3112 3757 cujusdam
3162 3689 3363 3752 instar,
3400 3689 3528 3742 uui-

1945 3783 2196 3838 versitati
2244 3783 2431 3837 radios
2462 3797 2594 3836 suos
2623 3781 2867 3836 ﬂuminis
2911 3781 2966 3834 in
3004 3795 3210 3834 morem
3262 3778 3525 3843 infundit,

1946 3874 2082 3926 lucis
2130 3873 2290 3927 nobis
2332 3873 2480 3928 velut
2531 3872 2914 3927 inundationes
2953 3871 3214 3940 quasdam
3259 3871 3527 3935 efﬁciens,

1944 3964 2315 4029 mundumque
2367 3968 2588 4029 repente
2640 3961 2882 4014 obruens
2919 3979 2932 4013 :
2967 3959 3112 4012 baud
3162 3974 3324 4013 secus
3361 3959 3526 4013 etiam

1943 4053 2122 4108 Patris
2147 4056 2293 4108 velut
2327 4052 2463 4106 radii
2489 4052 2718 4122 quidam
2747 4051 2812 4104 ad
2844 4066 2944 4106 nos
2971 4050 3195 4105 demissi
3231 4060 3378 4110 sunt,
3410 4060 3523 4104 tum

1941 4144 2260 4214 splendidus
2302 4142 2483 4207 lastis,
2529 4149 2642 4200 tum
2687 4141 2928 4214 Spiritus
2979 4152 3220 4197 sanctus.
3260 4141 3329 4196 Ut
3377 4143 3523 4196 enim

1941 4235 2080 4290 lucis
2108 4236 2266 4298 radii,
2301 4234 2546 4288 mutuam
2589 4235 2908 4288 relationem
2955 4240 3152 4287 natura
3187 4234 3522 4287 individuam

1943 4326 2224 4387 habentes.
2277 4341 2378 4380 nec
2411 4341 2442 4380 a
2495 4326 2615 4379 luce
2652 4323 3062 4393 disjungnntur,
3101 4339 3202 4378 nec
3238 4341 3267 4377 a
3301 4340 3359 4380 se
3391 4326 3526 4379 invi-

1945 4429 2060 4470 cem
2092 4417 2502 4479 discinduntur,
2549 4417 2798 4484 lucisque
2840 4416 3163 4470 beneﬁcium
3197 4416 3263 4471 ad
3306 4432 3408 4473 nos
3440 4435 3524 4474 us-

1943 4524 2050 4578 que
2092 4508 2375 4576 traiiciunt
2402 4526 2416 4563 :
2447 4507 2638 4562 eodem
2689 4507 2848 4560 modo
2887 4505 3137 4560 Salvator
3167 4523 3386 4578 quoque
3425 4524 3524 4562 ne-

1941 4607 2052 4651 ster
2098 4605 2153 4652 et
2197 4596 2434 4666 Spiritus
2475 4606 2721 4660 sanctus,
2771 4596 3022 4665 geminus
3065 4596 3154 4650 ille
3213 4595 3390 4651 Patris
3432 4614 3524 4652 ra-

1940 4689 2085 4754 dius,
2129 4687 2292 4742 simul
2341 4695 2396 4742 et
2439 4686 2504 4740 ad
2548 4701 2648 4741 nos
2671 4703 2845 4755 usque
2879 4687 3118 4742 ueritatis
3153 4685 3332 4741 lucem
3365 4688 3526 4742 mini-

1939 4789 2139 4844 strant,
2167 4789 2220 4835 et
2252 4778 2396 4832 Patri
2433 4777 2569 4832 uniti
2602 4785 2758 4831 sunt.

2010 4869 2479 4938 Quemadmodum
2532 4870 2696 4936 etiam
2758 4870 2828 4923 ab
2883 4884 2994 4922 uno
3048 4884 3313 4938 aquarum
3373 4869 3523 4924 fonte
3591 4861 3595 4864 ’

1938 4974 2245 5019 nectaream
2289 4979 2487 5032 aquam
2540 4976 2755 5020 summa
2792 4961 2950 5030 copia
2993 4967 3268 5028 egerente,
3313 4959 3518 5015 ﬁuxum

1935 5051 2227 5124 quemdam
2290 5069 2690 5123 permagnum,
2759 5067 2823 5106 ac
2877 5050 3204 5116 proﬂuvium
3246 5049 3522 5120 Veﬂrenato

1938 5148 2175 5220 quodam
2204 5146 2410 5216 impete
2437 5160 2692 5212 currens,
2721 5143 2844 5214 ipso
2873 5141 3026 5198 ﬂuxu
3060 5143 3116 5196 in
3157 5142 3268 5199 duo
3293 5143 3520 5198 ﬁumina

2012 5323 2124 5393 (ἓό)
2161 5324 2265 5377 Ἔν
2283 5320 2451 5393 μέσῳ
2469 5323 2724 5393 κύκλου.
2754 5319 2958 5393 Notant
2983 5318 3221 5393 Montae.
3251 5317 3519 5393 etqbi‘orel.

1939 5389 2037 5464 pro
2075 5389 2578 5464 xﬁxlou'Savilium
2612 5407 2678 5464 ex
2711 5390 3032 5464 conjectura
3067 5389 3265 5464 legisse
3300 5389 3476 5464 ἡλίου.

2011 5465 2124 5534 (‘26)
2149 5461 2495 5534 _II§quI{wr
2531 5460 2757 5534 ᾴθρόως
2788 5460 2903 5527 τὴν
2941 5459 3369 5534 διακόσμησιν.
3407 5459 3520 5513 lloc

1937 5530 2084 5596 loco,
2113 5532 2190 5586 ait
2217 5531 2362 5592 Bill.,
2395 5530 2756 5600 διακόσμησις
2785 5531 3050 5584 mundum
3083 5530 3518 5600 hnucraspecta-

1940 5604 2101 5660 bilem
2144 5601 2443 5670 signiﬁcat,
2492 5599 2951 5670 quemadmodtmi
2999 5599 3142 5670 apud
3197 5599 3519 5670 Dionysium

1938 5669 2323 5742 Areopagitagn
2377 5669 2523 5740 same
2581 5685 2680 5739 pro
2731 5671 2938 5740 angelis
2969 5669 3277 5742 _accipitur.
3317 5669 3516 5742 Yernni

1935 5735 2219 5797 Combefi:
2258 5735 2631 5811 Digestquue
2661 5735 2838 5795 rerum
2871 5739 3061 5794 malent
3105 5735 3218 5792 luce
3241 5736 3420 5809 pelagi
3461 5735 3519 5789 in

1944 5829 2137 5867 morem
2173 5824 2379 5882 repente
2408 5815 2654 5866 obrueus.
