4092 6378
549 310 692 369 “0?

1677 376 1682 381 η
1797 311 1858 368 S.
1899 309 2225 368 GllEGORlI
2260 305 2555 364 NYSSENI

3687 298 3836 359 H08

548 425 728 483 scindi
757 425 1048 498 contingit,
1074 426 1224 500 quod
1268 427 1340 484 ab
1369 443 1478 484 uno
1502 429 1722 500 quidem
1766 430 1933 486 fontis
1972 430 2134 486 oculo

2236 429 2335 498 τῆς
2366 429 2548 498 πηγῆς
2574 425 2672 496 τὴν
2713 423 2843 496 ῥοὴν
2872 422 2932 490 ἐξ
2970 420 3142 494 ἀρχῆς
3171 421 3440 492 ἒσλιηδώς·
3476 421 3740 493 Subrium;
3779 420 3833 473 δὲ

550 518 787 586 primum
818 527 1156 583 manaverat,
1196 532 1409 584 verum,
1444 517 1628 576 ﬂuviis
1656 520 1839 590 specie
1883 521 1958 574 ita
1992 535 2127 574 con-

549 607 826 672 formatis,
875 607 1084 678 duplici
1153 607 1301 663 ﬂuxu
1349 609 1616 677 decurrit,
1668 625 1769 666 nec
1822 621 2000 665 tamen
2057 626 2126 666 ex

547 695 863 764 hujusmodi
890 695 1166 754 divisione
1208 697 1544 753 incommodi
1583 699 1886 770 quidquam
1935 708 1990 754 et
2033 700 2127 755 de-

551 785 816 850 trimenti,
864 793 1134 857 quantum
1174 787 1243 843 ad
1297 789 1618 856 essentiam,
1659 791 1861 860 accipit
1905 791 2124 861 (etenim

549 875 834 930 ﬂuminum
877 877 984 932 situ
1032 877 1105 931 ita
1154 877 1480 948 proﬂuvium
1515 880 1799 947 dividitur,
1847 891 1908 936 ut
1961 897 2124 936 unam

550 972 733 1020 tamen
761 974 926 1038 atque
953 967 1200 1023 eamdem
1229 968 1480 1026 humoris
1501 971 1818 1041 qualitatem
1844 974 2123 1042 obtineat;

547 1055 800 1126 quamvis
853 1056 997 1112 enim
1054 1067 1281 1130 uterque
1331 1062 1773 1132 supradictorum
1834 1064 2123 1119 ﬂuviorum

549 1147 739 1218 procul
769 1155 922 1204 extra
959 1151 1226 1205 terminos
1258 1150 1412 1218 ferri,
1457 1153 1728 1223 longoque
1774 1154 2060 1210 intervallo
2094 1172 2123 1209 a

551 1235 702 1294 fonte
733 1239 940 1295 distare
965 1239 1235 1307 videatur,
1269 1241 1603 1313 principium
1644 1251 1828 1299 tamen
1859 1244 1925 1299 ad
1957 1244 2126 1301 fontis

550 1328 967 1396 perpetuitatem
1005 1344 1129 1382 cum
1160 1339 1385 1398 parente
1421 1347 1520 1386 sua
1563 1331 1920 1400 conjunctum
1962 1341 2126 1402 atque

553 1417 765 1473 unitum
816 1419 982 1474 habet
1023 1422 1080 1489 ):
1129 1420 1272 1476 haud
1325 1421 1578 1478 dissimili
1640 1424 1802 1478 modo
1855 1425 2124 1480 bonorum

550 1523 770 1578 quoque
797 1510 1042 1564 omnium
1069 1509 1235 1575 Deus,
1270 1512 1360 1567 ille
1387 1513 1637 1569 veritatis
1674 1522 1876 1582 rector,
1916 1525 1970 1571 et
2002 1515 2125 1570 Sal-

549 1602 757 1658 vatoris
786 1599 969 1668 Pater,
999 1602 1174 1675 prima
1212 1603 1304 1658 illa
1331 1605 1454 1660 vita:
1496 1619 1683 1666 causa.
1721 1615 1778 1662 et
1821 1607 1990 1678 stirps
2026 1609 2128 1662 im-

551 1693 926 1759 mortalitatis,
959 1695 1050 1750 ille
1081 1696 1432 1766 sempiternae
1456 1697 1579 1752 vitae
1615 1698 1760 1764 fons,
1797 1699 1962 1754 biﬂua
1990 1715 2126 1770 qua-

2233 515 2341 568 τῶν
2369 514 2627 584 ποταμῶν
2662 511 3140 583 σχηματισθέντων
3193 514 3304 574 τοῖς
3353 511 3554 573 εἴδεσι,
3623 510 3834 579 βλαϐὲν

2231 605 2288 658 δὲ
2320 606 2468 676 ὅμως
2494 605 2645 657 οὐδὲν
2675 605 2754 667 είς
2796 603 2895 674 τὴν
2920 603 3108 656 οὐσίαν
3136 603 3199 654 ὲκ
3228 603 3327 672 τῆς
3357 601 3684 670 διαιρέσεως
3727 604 3831 669 (τῇ

2235 698 2332 768 μὲν
2356 697 2462 766 γὰρ
2495 697 2606 750 τῶν
2633 697 2894 767 ποταμῶν
2922 695 3069 748 θέσει
3091 695 3151 747 τὸ
3181 693 3394 764 ῥεῖθρον
3413 694 3696 764 διῄρηται.
3729 695 3833 762 τὴν

2231 790 2289 842 δὲ
2316 789 2412 842 τοῦ
2441 787 2619 860 χυμοῦ
2641 789 2902 857 ποιότητα
2933 787 3062 857 μίαν
3082 786 3176 839 καὶ
3202 785 3300 854 τὴν
3323 785 3492 854 αὐτὴν
3519 785 3828 854 κέκτηται·

2232 879 2335 934 κᾶν
2361 881 2471 951 γὰρ
2500 877 3032 949 ἀποτερματίζεσθαι
3067 873 3257 948 πόρρω
3288 893 3390 928 που
3419 875 3526 928 τῶν
3555 876 3832 942 ποταμῶν

2229 969 2460 1034 ἕκαστος
2496 969 2606 1023 τῶν
2633 969 3042 1042 προειρημένων
3068 968 3198 1038 δοκῇ
3223 1006 3239 1030 ,
3270 968 3365 1020 καὶ
3390 968 3486 1036 τῆς
3509 968 3696 1036 πηγῆς
3723 967 3832 1033 c119-

2217 1055 2447 1116 ἐστάναι
2461 1061 2697 1134 μακρὰν,
2710 1060 2807 1132 τὴν
2825 1060 2952 1128 γοῦν
2967 1059 3140 1130 ἀρχὴν
3156 1061 3221 1129 τῇ
3245 1059 3410 1130 μητρὶ⁵
3427 1059 3560 1128 πρὸς
3575 1058 3639 1110 τὸ
3652 1059 3831 1126 διηνε-

2229 1153 2323 1216 κὲς
2356 1153 2455 1222 τῆς
2487 1152 2671 1223 πηγῆς
2709 1151 3091 1223 συνηνωμένην
3120 1150 3275 1220 ἔχεθ’
3299 1147 3699 1221 παραπλησίως
3733 1144 3830 1201 οὖν

2225 1245 2318 1298 καὶ
2336 1246 2364 1298 ὁ
2378 1244 2486 1299 τῶν
2508 1243 2728 1312 ἀγαθῶν
2746 1245 2998 1298 ἁπάντων
3014 1242 3167 1304 Θεὸς,
3179 1245 3207 1294 ὁ
3223 1244 3319 1311 τῆς
3334 1240 3588 1310 ἀληθείας
3606 1239 3830 1309 πρύταο

2226 1353 2327 1398 νις,
2341 1333 2538 1389 καὶτοῦ
2553 1334 2803 1404 Σωτῆρος
2821 1334 3028 1404 Πατὴρ,
3044 1333 3104 1385 τὸ
3122 1333 3334 1403 πρῶτον
3351 1332 3519 1385 αἴτιον
3535 1331 3630 1402 τῆς
3651 1331 3828 1400 ζωῆς,

2225 1427 2395 1480 καὶτὸ
2413 1428 2510 1498 τῆς
2529 1426 2824 1488 ἀθανασίας
2845 1425 3031 1495 φυτὸν,
3046 1427 3082 1496 ἡ
3096 1424 3195 1494 τῆς
3221 1423 3475 1488 ἀειζωῖας
3495 1422 3672 1492 πηγὴ,
3701 1421 3829 1492 etp-

2227 1519 2386 1590 ῥυτόν
2407 1535 2530 1571 τινα
2558 1517 2653 1572 τοῦ
2691 1534 2751 1570 τε
2787 1515 2917 1570 Υἱοῦ
2948 1515 3158 1569 καὶτοῦ
3187 1516 3344 1584 ἁγίου
3373 1513 3692 1585 Πνεύματος
3719 1514 3828 1583 τὴν

2228 1610 2420 1682 νοητὴν
2452 1613 2528 1674 είς
2561 1612 2709 1681 ἡμᾶς
2736 1608 3058 1673 ἀποστείλας
3076 1609 3234 1680 χάριν
3262 1607 3399 1678 (27),
3423 1605 3534 1659 οὔτ’
3565 1604 3732 1667 αὐτὸς
3768 1621 3829 1655 τι

2229 1701 2605 1766 πέπονθενείς
2624 1700 2721 1772 τὴν
2748 1700 2935 1754 οὐσίαν
2969 1700 3184 1771 βλαϐεὶς
3216 1697 3298 1768 (οὗ
3325 1699 3432 1768 γὰρ
3461 1695 3690 1768 μείωσιν
3719 1698 3828 1748 ὐπ-

551 1782 676 1838 dam
711 1795 766 1840 et
809 1785 971 1841 bitlda
1019 1785 1142 1842 Filii
1184 1799 1240 1844 et
1283 1788 1524 1860 Spiritus
1556 1792 1730 1847 sancti
1773 1792 2128 1848 intellectuali

2234 1795 2366 1864 ἐστη
2388 1794 2508 1849 τινὰ
2530 1794 2619 1847 διὰ
2634 1793 2731 1866 τὴν
2753 1796 2832 1858 είς
2852 1796 3000 1864 ἡμᾶς
3021 1793 3242 1847 ἐκείνων
3260 1789 3487 1862 ἄφιξιν),
3502 1790 3596 1843 καὶ
3618 1789 3825 1860 μέχρις

553 1874 622 1928 ad
673 1891 774 1932 nos
831 1877 999 1932 missa
1049 1879 1250 1949 gratia.
1298 1895 1402 1936 nec
1452 1881 1570 1952 ipse
1618 1883 1913 1938 essentiam
1969 1899 2126 1940 suam

553 1967 852 2038 quidquam
903 1969 1038 2025 laesit
1070 1971 1191 2040 (nec
1237 1971 1380 2026 enim
1423 1973 1494 2027 ob
1529 1973 1746 2028 illorum
1794 1974 1860 2028 ad
1900 1990 2002 2031 nos
2033 1976 2130 2030 ad-

2236 1887 2269 1957 ἡ
2277 1886 2394 1956 μῶν
2416 1884 2841 1958 προσεχώρησαν
2863 1885 2998 1954 (28),
3021 1885 3115 1938 καὶ
3129 1883 3221 1939 τοῦ
3247 1882 3458 1955 Πατρὸς
3483 1880 3634 1934 οὐδὲν
3653 1876 3826 1952 ἧττον

2235 1976 2527 2049 ἀχώριστοι
2552 1975 2975 2048 καθεστήκασιν.
3029 1974 3266 2046 ’Δμερὴς
3303 1974 3414 2045 γὰρ
3437 2013 3453 2038 ,
3493 1972 3567 2034 ὡς
3604 1972 3824 2041 ἔφαμεν

553 2067 777 2112 ventum
810 2059 1251 2116 imminutionem
1283 2062 1450 2116 ullam
1490 2063 1702 2136 subiit),
1755 2071 1809 2118 et
1841 2065 1893 2118 lii
1925 2065 1992 2120 ad
2028 2081 2129 2121 nos

2236 2067 2294 2134 ἐξ
2325 2067 2521 2138 ἀρχῆς,
2557 2065 2723 2138 ἡτῶν
2757 2065 3078 2136 κρειττόνων
3110 2065 3272 2134 φύσις
3303 2064 3440 2131 (29).

557 2165 730 2221 usque
759 2160 1165 2221 processerunt,
1199 2167 1300 2208 nee
1343 2160 1526 2208 tamen
1565 2167 1595 2206 a
1626 2151 1790 2208 Patre
1817 2155 1929 2208 ullo
1960 2157 2122 2210 modo
2163 2167 2506 2228 separantur.
2543 2154 2826 2210 lndividua
2863 2155 3032 2217 enim,
3097 2163 3155 2208 ut
3199 2153 3438 2208 diximus
3483 2152 3553 2207 ab
3620 2149 3818 2214 initio,

555 2242 922 2313 spiritualium
961 2250 1158 2297 natura
1179 2251 1285 2299 est.

622 2335 890 2399 Plurima,
921 2335 1006 2390 vir
1035 2335 1382 2402 cbarissime,
1416 2337 1648 2394 inveniri
1678 2346 1952 2408 poterant,
1985 2339 2126 2394 mul-

555 2439 719 2499 toque
748 2427 927 2499 plura,
956 2443 1124 2498 quam
1158 2443 1281 2499 quae
1310 2430 1619 2496 attulimus,
1666 2431 1735 2485 ad
1778 2432 1997 2488 unionis
2024 2431 2125 2488 Pa-

553 2518 656 2573 tris
691 2525 748 2574 et
770 2515 893 2572 Filii
937 2524 994 2573 et
1021 2513 1265 2587 Spiritus
1301 2521 1476 2575 sancti
1513 2535 1772 2591 perquam
1803 2523 2126 2578 necessaria:

553 2607 885 2662 luculentam
915 2607 1470 2676 demonstrationem,
1503 2625 1610 2680 quo
1649 2611 1910 2666 nimirum
1962 2613 2125 2668 modo

549 2712 616 2752 ea
663 2697 984 2768 accipienda
1035 2700 1110 2756 sit
1159 2718 1173 2754 :
1221 2699 1317 2755 sed
1359 2701 1617 2770 quoniam
1667 2709 1724 2757 et
1785 2703 1880 2757 tibi
1925 2711 1976 2758 et
2046 2707 2126 2760 tui

551 2789 825 2846 similibus
873 2789 1033 2847 facile
1074 2801 1158 2848 est
1208 2807 1274 2847 ex
1302 2794 1497 2864 paucis
1537 2793 1772 2864 plurima
1817 2797 2123 2865 percipere,

552 2880 760 2937 idcirco
785 2883 1109 2953 quaestionis
1151 2883 1316 2952 hujus
1350 2885 1663 2940 tractationi
1687 2885 1847 2940 linem
1894 2887 1983 2941 hic
2025 2887 2127 2942 im-

551 2987 756 3045 ponere
772 2988 988 3045 aequum
1019 2989 1143 3030 esse
1167 2974 1500 3030 existimavi.

2303 2337 2540 2392 Πλεῖστα
2574 2335 2673 2407 μὲν
2701 2329 2816 2400 οὖν,
2850 2327 2896 2387 ὦ
2927 2331 3244 2404 τιμιώτατε,
3274 2331 3497 2386 δυνατὸν
3529 2327 3601 2404 ἦν
3634 2333 3828 2405 εὑρεῖν

2233 2428 2329 2482 καὶ
2358 2427 2578 2481 πλείονα
2604 2426 2714 2479 τῶν
2755 2425 3094 2498 εἰρημένων,
3128 2424 3266 2495 πρὸς
3303 2423 3574 2489 ἀπόδειξιν
3603 2427 3826 2497 ἐναργῆ

2231 2522 2332 2592 τῆς
2363 2520 2800 2590 ἀναγκαιοτάτης
2822 2519 3034 2589 Πατρὸς
3063 2519 3157 2572 καὶ
3179 2517 3310 2572 Υίοῦ
3338 2520 3432 2571 καὶ
3461 2518 3616 2586 ἁγίου
3635 2519 3830 2572 Ilvati-

2236 2628 2403 2683 ματος
2435 2608 2678 2671 ὲνώσεως
2703 2607 2840 2677 (30),
2869 2607 2929 2660 ὃν
2967 2607 3166 2677 τρόπον
3196 2605 3340 2676 ἔχειν
3369 2607 3537 2678 αὐτὴν
3566 2606 3828 2676 ὑπολαμ-

2233 2704 2416 2758 ϐάνειν
2455 2703 2566 2756 δεῖ·
2609 2701 2722 2754 ἀλλ’
2766 2699 2952 2771 ἐπειδὴ
2987 2699 3069 2752 σοί
3116 2713 3176 2754 τε
3222 2700 3459 2762 καὶτοῖς
3505 2700 3589 2752 σο)⁸
3634 2717 3827 2772 παρα-

2233 2795 2476 2868 πλησίοις
2503 2796 2634 2866 ῥᾷον
2671 2792 2731 2858 ἐξ
2757 2793 2951 2862 ὀλίγων
2981 2795 3048 2847 τὰ
3078 2793 3304 2846 πλεῖστα
3349 2792 3826 2863 καταμανθάνειν,

2231 2885 2420 2940 τούτου
2460 2886 2618 2955 χάριν
2660 2884 2896 2938 ἐνταῦθα
2942 2886 3032 2938 τὸν
3075 2887 3202 2956 περὶ
3251 2883 3442 2938 τούτου
3477 2885 3671 2954 στῆσαι
3722 2879 3830 2938 te?»

2238 2977 2590 3049 θεωρήματος
2619 2975 2825 3029 δίκαιον
2855 2977 3043 3048 ᾠήθην
3082 2977 3261 3044 λόγον.

626 3151 742 3228 (27)
769 3155 894 3228 Thr
920 3156 1217 3228 νοητὴν...
1252 3157 1452 3228 χάριν.
1484 3156 1764 3214 Combel'.:
1801 3156 1936 3226 Qua:
1959 3167 2129 3213 mente

2276 3157 2697 3228 luraliﬂnumero
2727 3172 2996 3228 nusquam
3029 3156 3299 3212 invenies.
3327 3155 3620 3228 Perperam
3645 3155 3832 3226 igitur

553 3223 892 3295 intelligitur,
918 3223 1172 3295 spiritali.

2283 3229 2358 3297 ill.
2393 3227 2503 3281 τῶν
2531 3227 2876 3297 κρειττόνωνς
2913 3229 3106 3280 summi
3149 3228 3380 3280 numinis
3411 3227 3640 3288 natura;
3690 3242 3830 3297 ver-

627 3292 748 3369 _(_2_8)'_
772 3292 1270 3369 Προσὲχώρηᾳαν.
1297 3295 1520 3369 Legisse
1549 3295 1768 3369 videtur
1793 3294 2132 3369 Mont‘aeutio

2234 3296 2459 3351 tendum
2502 3292 2682 3367 potius
2710 3297 2817 3350 τῶν
2846 3297 3193 3369 κρειττονων,
3229 3297 3280 3350 id
3313 3304 3417 3361 est,
3454 3298 3560 3349 τῶν
3586 3296 3826 3369 νοητῶν,

553 3362 863 3436 Bililialdus
914 3362 1355 3436 προσεχώρησεν,
1376 3362 1502 3421 ’8θά
1547 3367 1668 3422 sine
1708 3380 1891 3436 causa
1921 3366 2129 3420 dictum
2236 3362 2627 3436 spiritualium.
2687 3375 2746 3420 ut
2792 3362 2981 3422 revera
3027 3366 3167 3420 dixit
3216 3369 3514 3436 superius,
3550 3362 3830 3436 mentium

557 3434 628 3506 εει)
659 3434 752 3487 illo
782 3442 888 3506 est,
917 3434 1094 3504 inquit
1124 3434 1310 3506 Morel.
1339 3437 1432 3491 Sic
1463 3436 1610 3490 enim
1645 3436 1808 3491 vertit
1838 3435 2089 3490 Bilibald.
2117 3454 2130 3490 :
2236 3434 2432 3506 nempe
2467 3445 2521 3491 et
2555 3451 2745 3490 eorum
2777 3453 2900 3506 qua:
2933 3445 3114 3492 mente
3167 3434 3695 3506 sola'pereipiuntur
3730 3435 3830 3489 in-

558 3502 807 3574 Propter
829 3502 1055 3560 istorum
1087 3505 1155 3558 ad
1187 3522 1282 3559 nos
1309 3521 1470 3574 usque
1513 3521 1804 3560 accessum.
1841 3506 1920 3574 Ita
1951 3507 2135 3574 potius
2237 3502 2412 3561 divisa
2445 3514 2661 3559 natura.

2311 3575 2424 3645 (50)
2464 3575 2790 3641 Ἐνώσεως.
2822 3575 2923 3646 Sic
2958 3575 3246 3646 legendum
3287 3573 3530 3646 videtur.
3576 3571 3635 3646 [ιι
3668 3571 3828 3628 Edit.

2239 3642 2590 3717 ιὶμτήσειρςἈ
2609 3648 2885 3717 vertitque
2917 3642 3077 3700 Βίιιῖτ
3113 3645 3436 3711 Quintiani:
3481 3644 3545 3717 de
3573 3642 3742 3699 Patre
3771 3651 3834 3698 σε

2243 3712 2469 3770 Γᾶίὶοέι
2497 3713 2705 3784 Spiritu
2731 3712 2916 3770 sancto
2944 3731 3196 3786 perquam
3235 3712 3566 3768 necessariis.

2153 3201 2197 3260 (Ζ

559 3573 910 3646 scribendum
930 3584 1084 3646 esset
1112 3575 1206 3646 καὶ
1241 3576 1434 3645 μέχρις
1459 3575 1617 3646 ήμῶν
1651 3573 2062 3646 ίπροσχῴρησιν.

627 3642 738 3712 (‘29)
757 3643 1059 3712 Ὰμερὴς...
1075 3643 1196 3698 τῶν
1209 3642 1561 3712 κρεὶξτόνῶν
1579 3642 1784 3712 φύσις.
1800 3642 1962 3698 Haud
1989 3659 2046 3698 ra
2055 3659 2136 3710 ro,

557 3709 634 3764 ait
645 3709 916 3780 Cohnbeﬁ,
942 3709 1152 3772 Graecis
1174 3709 1541 3785 τὸΊίρείττον,
1574 3709 1714 3768 Deus
1738 3709 1846 3779 ;r&
1863 3709 2132 3786 Kpslrsw,

590 3919 3829 3956 ΜΝ

1253 4093 2065 4202 FRAGMENTA
2190 4094 2370 4226 Ex
2484 4097 3120 4203 OPERIBUS

1485 4320 1563 4398 s.
1617 4315 2113 4397 esseom
2175 4314 2806 4396 DEPERDITIS
2840 4301 2951 4372 (1)-

2174 4648 2218 4702 Ι.

913 4759 1338 4835 Supplementum
1383 4777 1555 4822 textus
1579 4763 1858 4822 Orationis
1890 4767 2156 4822 adversus
2197 4767 2546 4828 fornicarios.
2575 4785 2640 4822 ea:
2673 4767 2931 4822 Vaticano
2959 4769 3137 4824 cadiae
3169 4785 3319 4823 num.
3346 4766 3474 4822 445.

1368 4837 1506 4908 quod
1542 4838 1597 4891 in
1625 4836 1770 4890 edita
1802 4837 2096 4906 Appendice
2130 4853 2346 4908 operum
2386 4838 2614 4894 stssm
2647 4837 3002 4893 desideratur.

1229 4953 1384 5022 Apud
1443 4952 1534 5009 ΖΑ
1553 4969 1584 5008 c
1605 4970 1638 5008 Α
1659 4968 1690 5009 ο
1709 4969 1741 5009 ι(
1766 4969 1782 5008 ι
1803 4970 1886 5008 υιι
1926 4954 2152 5012 Collect.
2201 4955 2446 5012 Monum.
2485 4956 2636 5013 Eccl.
2683 4957 2802 5023 Gr.,
2855 4975 2978 5030 pag.
3007 4958 3134 5014 552.

635 5105 823 5163 Perire
867 5107 1000 5164 sinit
1053 5107 1202 5163 hunc
1241 5106 1410 5164 Deus.
1469 5106 1738 5180 Optabam
1787 5123 1818 5162 a
1870 5109 2026 5166 vobis
2072 5125 2140 5166 ne

2311 5113 2524 5185 Φθείρει
2547 5112 2736 5168 τοῦτον
2754 5114 2784 5166 ὁ
2811 5113 2967 5178 Θεός.
3003 5113 3338 5185 Ἐϐουλόμην
3360 5114 3390 5166 ὑ
3399 5111 3514 5183 μῶν
3536 5109 3670 5182 μηδὲ
3690 5109 3837 5182 πρὸς

565 5213 860 5270 parumper
886 5201 1106 5270 quidem
1146 5199 1412 5271 disjungi.
1442 5201 1583 5266 Quid
1606 5202 1752 5274 enim
1791 5203 2020 5258 suavius
2049 5220 2138 5272 pa-

2251 5205 2445 5275 μικρὸν
2485 5203 2921 5273 διαζεύγνυσθαι.
2979 5205 3044 5257 Τί
3095 5204 3204 5277 γὰρ
3249 5203 3581 5275 γλυκύτερον
3619 5201 3836 5271 πατρὸς

563 5298 728 5344 terna
767 5291 1192 5348 conversatione
1213 5293 1409 5347 amatis
1435 5292 1599 5348 ﬂliis?
1629 5291 1734 5348 Sed
1769 5295 2030 5364 quoniam
2051 5295 2136 5348 in-

2251 5293 2532 5356 συνουσίας
2590 5294 2971 5365 ἀγαπωμένων
3020 5294 3190 5358 υίῶν;
3258 5293 3397 5346 Ἀλλ’
3441 5291 3629 5360 ἐπειδὴ
3672 5290 3840 5343 καλεῖ

567 5379 705 5434 vitat
735 5378 803 5432 ad
830 5394 1033 5450 agones
1067 5381 1289 5450 pietatis
1332 5381 1496 5445 ratio,
1538 5398 1763 5438 necesse
1795 5391 1880 5438 est
1913 5384 1980 5438 ad
2028 5383 2143 5440 sta;

2250 5385 2387 5455 πρὸς
2415 5384 2631 5454 ἀγῶνας
2659 5385 2759 5457 τῆς
2783 5385 3061 5448 εὐσεϐείας
3087 5386 3115 5438 ὁ
3136 5385 3314 5453 λόγος,
3337 5385 3418 5438 δεῖ
3441 5383 3668 5453 δραμεῖν
3691 5381 3838 5451 πρὸς

568 5469 658 5524 dia
699 5484 942 5534 currere,
987 5471 1289 5540 assumptis
1329 5470 1594 5527 Ecclesia:
1619 5487 1844 5542 precum
1874 5471 2138 5541 adjutorio

2251 5475 2319 5529 τὰ
2355 5478 2674 5548 σκάμματα.
2719 5477 2824 5546 τῆς
2868 5477 3192 5547 Ἐκκλησίας
3222 5475 3396 5546 εὐχῶν
3431 5473 3722 5544 συνεργοὺς
3751 5472 3839 5526 ει-

570 5565 694 5624 bus.
722 5564 1112 5622 Verumtamen
1143 5568 1246 5624 boc
1270 5568 1493 5638 postulo
1525 5583 1554 5620 a
1597 5568 1866 5623 charitate
1915 5575 2097 5624 vestra
2125 5586 2137 5622 :

2250 5568 2506 5640 ληφὸτας,
2551 5569 2696 5625 Ἀλλ’
2728 5571 2906 5623 ἐκεῖνο
2932 5566 3233 5622 παοακαλῶ
3256 5567 3355 5639 τὴν
3388 5564 3658 5636 ὑμετέραν
3685 5561 3837 5633 ἁγά-

521 5156 546 5200 >

658 5741 741 5818 (1)
775 5741 1030 5803 Galland.
1068 5741 1208 5802 Bibl.
1239 5745 1413 5816 Puta,
1449 5743 1539 5812 VI,
1573 5745 1698 5798 708.
