4092 6378
254 369 390 428 Ηθθ

1654 378 2094 435 FRAGMENTA.

3371 390 3506 448 “£0

247 509 358 563 πην
382 510 394 522 α
434 490 734 545 Φυλάττετε
782 493 879 563 τὴν
925 495 1379 569 ἐκκλησιαστικὴν
1413 498 1686 566 εὐταξίαν,
1716 503 1817 556 κᾶν

1935 503 2168 559 l‘uemini
2194 502 2633 559 ecclesiasticam
2665 505 3011 577 disciplinam
3040 525 3054 561 :
3090 508 3308 563 tametsi
3333 502 3509 564 turba:

245 599 390 643 τινες
428 583 672 653 ταραχὰς
718 584 1176 655 παρεμϐάλλωσι,
1236 590 1421 642 νικᾶτε
1474 593 1825 664 μακροθυμίᾳ.

247 671 346 734 τὰς
379 674 624 743 ταραχάς
644 690 661 708 ο
699 674 854 729 ἔσται
881 679 987 748 γὰρ
1020 681 1122 732 οὐκ
1165 680 1245 742 είς
1283 680 1500 754 μακρὰν
1532 683 1639 736 τῶν
1666 684 1826 754 θορύ-

250 763 359 816 ϐων
378 764 679 836 διόρθωσις.
712 770 801 839 Μὴ
830 771 1158 841 ταράττεσθε
1185 773 1415 843 φήμαις,
1438 774 1512 844 μὴ
1536 776 1825 846 φλυαρίαις

253 856 641 925 παρακινεῑσθε
662 898 676 923 ,
710 860 825 912 ἀλλ’
857 861 1021 932 εὐχὰς
1051 863 1181 933 ἡμῖν
1218 865 1545 935 συνοπόρους
1576 867 1652 935 (2)
1684 868 1825 935 πέμ-

249 943 388 1010 ψατε
412 986 427 1009 ,
477 945 564 1000 ἵνα
594 951 714 1010 ταῖς
744 949 930 1019 εὐχαῖς
973 951 1126 1022 ὑμῶν
1157 953 1553 1023 δυναμὼμενοι,
1586 956 1825 1025 εἴπωμεν

251 1037 309 1087 ὲν
342 1038 499 1089 παντὶ
526 1038 719 1109 καιρῷ,
749 1041 899 1111 παρὰ
930 1043 1031 1112 τῆς
1054 1042 1202 1106 θείας
1232 1044 1583 1115 βοηθούμενοι
1612 1046 1823 1116 ἰσχύοςο

252 1126 455 1181 Πάντα
499 1131 690 1199 ἰσχύω
715 1132 786 1184 ἐν
832 1131 911 1196 τῷ
966 1134 1405 1203 ἐνδυναμοῦντί
1429 1153 1507 1204 με
1554 1136 1824 1205 Χριστῷ·

251 1218 330 1287 τῷ
356 1221 386 1289 ἡ
414 1221 538 1285 δόξα
569 1225 649 1286 είς
676 1225 801 1287 τοὺς
823 1224 1026 1290 αἰῶνας
1053 1225 1161 1279 τῶν
1192 1226 1424 1282 αἰώνων.
1468 1229 1662 1299 Ἀμήν.

1928 596 2177 666 quaedam
2219 595 2563 662 oboriantur,
2612 597 2817 653 vincite
2862 598 3277 669 longanimitate
3308 599 3509 668 hujus-

1930 688 2075 743 modi
2113 691 2335 754 turbas;
2367 689 2510 744 haud
2546 690 2692 743 enim
2735 690 2810 744 ita
2853 692 3026 744 multo
3065 702 3189 761 post
3216 692 3508 762 quiescent

1928 780 2198 836 tumultus
2225 781 2301 835 hi.
2336 779 2413 835 Ne
2452 782 2768 836 terreamini
2803 783 3146 848 rumoribus,
3202 800 3307 838 neu
3348 785 3509 838 vanis

1928 872 2386 924 commoveamini
2411 872 2712 941 garritibus
2735 890 2749 939 ;
2783 873 2878 929 sed
2899 874 3244 929 orationibus
3267 890 3369 930 nos
3408 890 3508 943 op-

1936 962 2188 1030 portunis
2235 963 2517 1029 deducite,
2561 979 2671 1034 quo
2709 966 2963 1034 precibus
3000 966 3203 1021 vestris
3243 966 3507 1029 roborati,

1935 1052 2184 1109 dicamus
2211 1055 2361 1108 omni
2394 1064 2637 1124 tempore
2664 1054 2849 1110 divina
2883 1055 3054 1125 adjuti
3092 1056 3295 1109 virtute
3333 1073 3346 1108 :
3378 1054 3509 1109 0m-

1937 1144 2028 1196 nia
2058 1158 2276 1212 possum
2316 1146 2371 1200 in
2413 1162 2491 1209 eo,
2518 1146 2608 1216 qui
2641 1162 2722 1200 me
2750 1146 3042 1215 confortat,
3082 1144 3296 1199 Christo
3324 1146 3339 1175 ¹
3370 1162 3384 1196 :
3419 1144 3510 1197 cui

1938 1243 2022 1289 est
2053 1236 2228 1306 gloria
2260 1237 2311 1290 in
2350 1238 2548 1292 saecula
2582 1237 2935 1293 saeculorum.
2969 1237 3163 1292 Arnen.

1300 1455 1384 1510 Ea:
1408 1474 1648 1533 sermone
1679 1462 1732 1515 in
1761 1461 2077 1518 Orationem
2106 1463 2467 1521 Dominicam.

928 1570 1078 1639 Apud
1111 1571 1272 1627 Mtcn.
1313 1571 1570 1637 LEQUIEN.
1616 1576 1880 1632 Dissertat
1924 1579 1944 1632 l
1982 1578 2261 1644 Damasc.,
2291 1582 2317 1653 §
2344 1598 2511 1647 xum,
2549 1598 2671 1655 pag.
2712 1600 2845 1639 χιιι.

319 1688 390 1742 Ὃ
424 1705 483 1740 τε
515 1686 623 1759 γὰρ
665 1688 793 1752 Υἱὸς
836 1690 900 1742 ἐκ
936 1689 1028 1741 τοῦ
1085 1690 1299 1761 Πατρὸς
1340 1691 1591 1761 ἐξῆλθεν,
1646 1692 1829 1757 καθώς

2007 1694 2143 1750 Nam
2174 1704 2229 1751 et
2264 1696 2439 1753 Filius
2484 1698 2652 1753 exivit
2691 1714 2721 1752 a
2768 1697 2953 1762 Patre,
2996 1705 3055 1751 ut
3087 1697 3163 1752 ait
3198 1699 3509 1769 Scriptura,

253 1796 416 1849 φησιν
466 1780 499 1850 ὴ
544 1779 768 1849 Γραφὴ,
817 1779 911 1831 καὶ
943 1780 1005 1833 τὸ
1052 1780 1282 1851 Πνεῦμα
1324 1783 1388 1835 ὲκ
1430 1782 1524 1835 τοῦ
1555 1783 1689 1837 Θεοῦ
1736 1785 1830 1837 καὶ

1935 1796 1989 1843 et
2022 1788 2261 1857 Spiritus
2294 1804 2360 1844 ex
2398 1788 2509 1844 Deo
2539 1796 2592 1843 et
2619 1789 2781 1844 Patre
2807 1788 3076 1858 procedit.
3104 1788 3209 1843 Sed
3246 1791 3513 1859 quemad-

252 1870 402 1941 παρὰ
432 1872 641 1942 Πατρὸς
674 1872 1051 1942 ἐκπορεύεται.
1117 1873 1256 1927 Ἀλλ’
1289 1874 1480 1948 ὥσπερ
1502 1875 1563 1929 τὸ
1589 1877 1718 1929 ἄνευ
1748 1878 1831 1930 αί-

1935 1879 2155 1933 modum
2199 1881 2321 1935 sine
2359 1881 2632 1950 principio
2663 1895 2808 1941 esse,
2849 1893 2973 1933 cum
3001 1880 3073 1933 sit
3099 1879 3278 1935 Patris
3311 1881 3510 1947 solius,

250 1963 370 2025 τίας
415 1959 582 2027 εἶναι,
621 1963 786 2034 μόνου
838 1963 931 2016 τοῦ
968 1965 1180 2035 Πατρὸς
1227 1965 1306 2030 ὃν,
1360 1967 1440 2036 τῷ
1475 1967 1593 2041 Υίῴ
1639 1968 1733 2022 καὶ
1754 1966 1831 2039 τῷ

252 2053 529 2121 Πνεύματι
562 2053 962 2124 ἐναρμοσθῆναι
989 2056 1047 2107 οὐ
1081 2055 1329 2125 δύναται,
1348 2058 1490 2111 οὕτω
1511 2059 1572 2111 τδ
1596 2059 1832 2130 ἔμπαλιν

251 2149 314 2200 τὸ
343 2149 401 2213 ἐξ
427 2150 606 2213 αίτίας
637 2147 778 2203 εἶναι
797 2191 811 2213 ,
867 2150 1003 2221 ὅπερ
1028 2150 1159 2204 ἴδιόν
1190 2153 1308 2205 ἐστι
1335 2152 1429 2206 τοῦ
1454 2152 1583 2207 Υίοῦ
1612 2155 1706 2207 καὶ
1736 2154 1832 2207 τοῦ

254 2238 589 2307 Πνεύματος,
620 2238 696 2310 τῷ
718 2240 889 2310 Πατρὶ
912 2239 1351 2313 ὲπιθεωρηθῆναι
1380 2242 1542 2311 φύσιν
1567 2244 1668 2296 οὐκ
1696 2242 1832 2313 ἔχει.

252 2328 447 2381 Κοινοῦ
499 2329 555 2382 δὲ
604 2330 755 2393 ὄντος
786 2315 864 2400 τῷ
893 2330 1007 2401 Υίῷ
1050 2333 1144 2384 καὶ
1184 2331 1263 2402 τῷ
1292 2332 1571 2401 Πνεύματι
1609 2334 1702 2387 τοῦ
1751 2332 1829 2404 μὴ

251 2421 565 2491 ἁγεννήτως
608 2417 781 2488 εἶναι,
813 2420 889 2485 ὡς
941 2421 1007 2475 ἃν
1049 2422 1122 2493 μή
1170 2440 1253 2486 τις
1298 2423 1559 2494 σύγχυσις
1600 2425 1727 2496 περὶ
1771 2427 1834 2480 τὸ

253 2513 610 2583 ὑποκείμενον
657 2512 994 2585 θεωρηθείη,
1030 2514 1190 2567 πάλιν
1247 2513 1396 2568 ἐστιν
1456 2517 1688 2584 ἄμικτον
1736 2515 1834 2587 τὴν

253 2606 310 2656 ὲν
349 2607 461 2667 τοῖς
508 2603 789 2674 ίδιώμασιν
824 2605 1000 2659 αὐτῶν
1043 2605 1303 2678 διαφορὰν
1340 2607 1616 2679 ἐξευρεῖν,
1659 2607 1734 2670 ὡς
1768 2607 1834 2662 ἂν

253 2695 348 2747 καὶ
380 2694 441 2747 τὸ
468 2695 643 2750 κοινὸν
669 2695 988 2767 φυλαχθείη,
1023 2698 1116 2750 καὶ
1145 2697 1206 2750 τὸ
1241 2697 1371 2750 ῐδιον
1407 2697 1482 2769 μὴ
1516 2697 1831 2768 συγχυθείη.

265 2787 321 2837 '0
342 2786 451 2857 γὰρ
481 2786 774 2858 μονογενὴς
790 2787 917 2851 Tib;
949 2790 1014 2841 ἐκ
1033 2788 1126 2842 τοῦ
1148 2789 1356 2860 Πατρὸς
1379 2789 1530 2862 παρὰ
1551 2790 1651 2859 τῆς
1673 2789 1835 2858 ἁγίας

253 2878 473 2948 Γραφῆς
507 2880 854 2950 ὀνομάζεται,
909 2882 1002 2934 καὶ
1035 2881 1197 2953 μέχρι
1221 2882 1413 2934 τούτου
1440 2881 1467 2932 ὁ
1495 2880 1653 2949 λόγος
1685 2881 1835 2951 ἵστη-

256 2988 340 3022 σιν
369 2970 516 3041 αὐτῷ
546 2971 606 3023 τὸ
641 2972 854 3044 ἰδίωμα.
887 2972 1034 3027 Τὺδὲ
1067 2973 1221 3042 ἅγιον
1251 2972 1476 3043 Πνεῦμα
1515 2974 1609 3026 καὶ
1640 2973 1705 3026 ὲκ
1736 2971 1830 3025 τοῦ

254 3062 465 3133 Πατρὸς
504 3047 756 3132 λέγεται,
795 3064 894 3118 καί
927 3064 997 3118 ἐκ
1040 3064 1146 3117 τοῦ
1180 3065 1317 3118 me
1345 3061 1499 3119 εἶναι
1546 3082 1835 3138 προσμαρ-

252 3156 517 3223 τυρείται,
561 3157 630 3207 El
682 3156 788 3225 γάρ
838 3172 929 3222 τις
962 3156 1206 3225 Πνεῦμα
1235 3156 1496 3224 Χριστοῦ
1538 3159 1650 3211 οὐκ
1686 3157 1832 3226 ἔχει,

1934 1969 2075 2023 Filio
2097 1978 2152 2024 et
2178 1967 2411 2039 Spiritui
2452 1978 2644 2024 sancto
2677 1968 2973 2023 convenire
3014 1983 3122 2022 non
3166 1977 3380 2039 potest:
3428 1971 3513 2025 sic

1932 2068 2126 2116 contra
2162 2076 2192 2115 a
2225 2060 2498 2131 principio
2526 2075 2673 2126 esse,
2706 2060 2851 2130 quod
2884 2067 2969 2116 est
2999 2062 3278 2131 pr0prium
3313 2061 3514 2117 Filiiet

1936 2151 2196 2223 Spiritus,
2230 2152 2285 2207 in
2322 2150 2489 2207 Patre
2522 2151 2859 2206 considerari
2896 2160 3093 2205 natura
3139 2168 3245 2206 non
3282 2152 3509 2221 patitur.

1931 2243 2053 2297 Jam
2084 2258 2209 2297 cum
2254 2242 2394 2297 Filio
2422 2250 2477 2298 et
2509 2242 2740 2313 Spiritui
2771 2252 2966 2298 sancto
2991 2258 3285 2297 conuuunc
3318 2244 3409 2304 sit.
3453 2253 3513 2297 ut

1934 2352 2044 2391 non
2082 2335 2325 2406 ingenito
2370 2335 2533 2389 modo
2558 2334 2857 2398 exsistant,
2903 2350 2972 2389 ne
3006 2351 3112 2404 qua
3166 2336 3218 2387 in
3263 2336 3513 2404 subjecto

1933 2427 2192 2485 confusio
2233 2434 2550 2496 spectetur:
2599 2442 2792 2482 rursus
2833 2427 3407 2481 incommnnicabilem
3458 2428 3511 2480 in

1932 2534 2123 2574 eorum
2158 2518 2592 2588 proprietatibus
2626 2517 2992 2573 diﬂerentiam
3028 2518 3275 2572 invenire
3309 2532 3512 2587 possu-

1935 2626 2057 2664 IIIIIS
2081 2649 2095 2672 ,
2142 2618 2200 2663 ut
2249 2618 2303 2664 et
2337 2609 2482 2679 quod
2514 2624 2807 2665 commune.
2837 2619 2920 2665 est
2964 2618 3240 2673 servetur,
3276 2619 3330 2663 et
3368 2610 3515 2679 quod

1936 2700 2219 2771 proprium
2248 2709 2333 2756 est
2364 2716 2472 2755 non
2513 2701 2909 2756 confundatur.
2951 2701 3165 2756 Etenim
3200 2702 3516 2769 unigenitus

1937 2792 2109 2847 Filius
2130 2807 2194 2845 ex
2221 2791 2382 2845 Patre
2409 2792 2467 2845 in
2489 2791 2774 2861 Scriptura
2808 2808 2964 2847 saera
2991 2792 3221 2855 dicitur,
3246 2804 3299 2845 et
3330 2792 3515 2845 hacte-

1937 2897 2043 2937 nus
2078 2883 2201 2953 ejus
2240 2884 2633 2953 proprietatem
2678 2883 2825 2937 illius
2872 2883 3125 2939 doctrina
3180 2883 3394 2937 detinit.
3448 2883 3518 2935 At

1938 2975 2177 3045 Spiritus
2226 2984 2453 3030 sanctus
2502 2986 2554 3030 et
2598 2990 2665 3029 ex
2710 2974 2873 3030 Patre
2916 2975 3138 3040 dicitur,
3184 2985 3234 3029 et
3273 2991 3339 3029 ex
3376 2972 3527 3027 Filio.

1935 3084 2049 3123 esse
2083 3066 2421 3135 perhibetur.
2469 3065 2530 3121 Si
2571 3066 2687 3136 quis
2733 3066 2902 3129 enim,
2933 3066 3031 3129 ait,
3066 3064 3325 3134 Spiritum
3364 3063 3518 3120 Clu-i-

1936 3160 2006 3214 sti
2033 3175 2136 3212 non
2183 3158 2355 3222 habet,
2391 3158 2474 3212 hic
2527 3174 2631 3212 non
2674 3167 2752 3212 est
2796 3158 2961 3224 ipsius
2989 3159 3031 3213 ’.
3080 3157 3248 3227 lgitur
3277 3156 3519 3225 Spiritus

256 3245 454 3314 φησιν,
501 3240 679 3312 οὗτος
729 3248 840 3300 οὐκ
888 3247 1060 3302 ἐστιν
1104 3248 1312 3302 αὐτοῦ.
1377 3245 1588 3301 Οὐκοῦν
1627 3248 1690 3300 τὸ
1736 3248 1831 3318 μὲν

1938 3248 2029 3317 qui
2062 3264 2126 3302 ex
2157 3246 2268 3301 Deo
2300 3256 2406 3309 est,
2445 3247 2611 3302 etiam
2667 3247 2761 3301 Dei
2805 3248 3041 3318 Spiritus
3072 3256 3176 3303 est.
3215 3249 3282 3301 At
3320 3248 3517 3309 Filius,

256 3337 485 3406 Πνεῦμα
532 3340 596 3391 ὲκ
642 3338 735 3392 τοῦ
778 3338 935 3407 Θεοῦ,
985 3341 1078 3394 καὶ
1136 3340 1271 3393 Θεοῦ
1308 3339 1531 3411 Πνεῦμά
1553 3341 1720 3394 ἐστιν.
1780 3340 1831 3393 'U

1936 3356 2061 3393 cum
2093 3355 2159 3395 ex
2193 3338 2302 3395 Deo
2329 3339 2426 3402 sit,
2462 3354 2571 3393 non
2600 3338 2712 3409 jam
2756 3346 2940 3393 tamen
2965 3338 3133 3393 Filius
3159 3338 3399 3409 Spiritus
3425 3346 3520 3392 aut

255 3425 313 3478 δὲ
344 3425 471 3489 Υίδς
518 3427 580 3479 ἐκ
614 3426 748 3480 Θεοῦ
801 3427 908 3492 ὢν,
956 3428 1140 3482 οὐκέτι
1191 3429 1286 3482 καὶ
1319 3428 1667 3499 Πνεύματος,
1713 3427 1831 3482 οὔτε

1937 3439 2047 3497 est,
2097 3441 2192 3486 aut
2229 3431 2437 3487 dicitur
2469 3451 2482 3485 :
2514 3447 2690 3501 neque
2743 3432 2857 3487 haec
2913 3431 3141 3487 relativa
3192 3432 3516 3487 consecutio

254 3518 421 3581 ἐστὶν,
451 3518 573 3571 οὔτε
604 3518 841 3587 λέγεται·
868 3520 987 3574 οὐδὲ
1023 3521 1350 3594 ἀναστρέφει
1382 3523 1415 3592 ή
1449 3522 1673 3592 σχετικὴ
1705 3521 1831 3575 ἁκο-

1939 3521 2300 3578 convertitur.

255 3609 439 3663 λουθία
469 3610 629 3682 αὕτη.

1142 3838 1222 3892 Ea:
1251 3854 1491 3893 sermone
1518 3838 1571 3892 in
1597 3838 1731 3890 illud
1759 3854 1777 3891 :
1812 3836 1912 3892 Hie
1937 3844 2023 3892 est
2053 3836 2225 3890 Filius
2252 3852 2405 3891 meus
2424 3837 2675 3891 dilectus.

838 3952 991 4021 Apud
1020 3951 1078 4006 S.
1112 3950 1357 4006 Joannem
1389 3951 1751 4007 Duascmuu
1776 3968 1841 4007 ea:
1873 3950 2028 4007 Sacr.
2068 3950 2322 4006 Parallel.
2361 3961 2490 4005 tom.
2522 3949 2609 4015 ΙΙ,
2648 3965 2770 4018 pag.
2808 3948 2929 4005 773.

327 4065 393 4118 Τί
414 4065 475 4118 τὸ
502 4065 775 4119 πιστεύειν
795 4065 1044 4136 ἀφέντες,
1063 4066 1487 4137 τεχνολογοῦμεν
1504 4067 1603 4137 τὴν
1629 4067 1831 4132 πίστιν,

258 4158 352 4212 καὶ
378 4158 693 4229 πληροῦμεν
721 4158 818 4230 τὴν
846 4158 1141 4229 ἐπιθυμίαν
1172 4158 1267 4212 τοῦ
1299 4159 1476 4212 κοινοῦ
1504 4158 1833 4230 δυσμενοῦς;

258 4249 625 4317 Αεγισάμενος
640 4249 749 4320 γὰρ
770 4251 798 4303 ὁ
820 4249 1083 4313 διάϐολος,
1104 4249 1133 4300 ὁ
1160 4249 1336 4314 κοινὸς
1358 4252 1457 4320 τῆς
1479 4249 1575 4303 ἀνθ
1585 4250 1832 4321 ρωπότη-

256 4359 349 4405 τες
388 4341 624 4411 λυμεὼν,
655 4340 736 4394 ὅτι
770 4340 1009 4412 γαλήνης
1041 4343 1097 4393 ὲν
1132 4342 1264 4411 ἡμῖν
1295 4340 1741 4410 πολιτευομένης,
1767 4341 1835 4394 τὰ

256 4432 357 4502 τῆς
399 4432 678 4496 εὐσεϐείας
716 4431 902 4495 ἀνθεῖ,
960 4432 1061 4501 τῆς
1108 4432 1345 4495 πίστεως
1393 4431 1449 4483 δὲ
1499 4431 1830 4501 κρατούσης,

258 4521 459 4586 εὐζωῖα
493 4524 712 4593 κρατεῖ,
763 4520 906 4590 φίλοι
936 4537 995 4573 τε
1039 4520 1132 4574 τοῦ
1165 4518 1507 4591 Δημιουργοῦ
1549 4520 1832 4590 γινόμεθα,

2014 4066 2157 4133 Quid
2195 4076 2299 4131 est,
2339 4064 2485 4138 quod
2520 4065 2748 4119 dimissa
2796 4063 2902 4119 [ide
2944 4064 3275 4120 artificiosos
3310 4065 3376 4120 de
3420 4067 3524 4122 ﬁde

1944 4174 2226 4214 sermones
2246 4160 2534 4221 nectimus,
2566 4165 2620 4211 et
2650 4156 2960 4209 communis
2994 4155 3166 4210 hosus
3184 4155 3533 4210 desiderium

1943 4250 2279 4320 impleturus?
2305 4248 2568 4304 Diabolus
2596 4247 2867 4317 siquidem
2896 4246 3255 4300 humanitatis
3274 4262 3524 4300 commu-

1944 4342 2030 4395 nis
2061 4341 2279 4395 vitiator
2314 4340 2416 4393 hoc
2449 4354 2638 4394 secum
2663 4346 2947 4407 reputans,
2980 4338 3123 4408 quod
3161 4338 3206 4392 si
3239 4338 3522 4407 tranquilli

1942 4447 2190 4502 agamus,
2222 4429 2416 4500 religio
2447 4424 2674 4495 floreat;
2710 4428 3081 4482 invalescente
3118 4443 3246 4482 vero
3290 4427 3410 4493 ﬁde,
3444 4433 3526 4481 vi-

1941 4521 2189 4575 vaciores
2232 4520 2426 4573 ﬁamus
2472 4526 2526 4573 et
2561 4519 2719 4573 amici
2749 4517 3065 4573 Conditoris
3097 4517 3416 4580 evadamus,
3457 4536 3526 4574 ne

259 4614 346 4667 ἵνα
378 4615 452 4684 μὴ
485 4612 831 4683 ἐπέλθωμεν,
863 4611 985 4665 ὅθεν
1009 4612 1216 4675 ἐκεῖνος
1256 4609 1532 4677 ἐξέπεσεν,
1572 4613 1736 4682 ὁρᾷτε
1782 4611 1831 4663 τί

1941 4610 2072 4664 illnc
2100 4608 2245 4664 unde
2275 4608 2477 4663 excidit
2503 4606 2910 4677 perveniamus,
2944 4605 3124 4660 videte
3165 4606 3295 4673 quid
3325 4605 3522 4675 egerit,

257 4705 547 4775 πεποίηκε,
584 4704 679 4757 καὶ
707 4704 827 4768 πῶς
854 4703 1179 4776 πανούργως
1218 4704 1309 4757 τὸν
1337 4703 1457 4757 καθ’
1493 4703 1639 4773 ἡμᾶς
1672 4704 1838 4774 ἐῤῥα-

258 4794 479 4865 ψῴδηκε
516 4793 771 4864 πόλεμον.
814 4794 872 4847 ’0
914 4776 1337 4864 μηχανορῤἆιρος
1365 4793 1473 4845 τῶν
1501 4792 1708 4860 κακῶν,
1743 4792 1837 4845 καὶ

259 4884 421 4953 σοφὸς
458 4886 515 4937 ἐν
543 4884 811 4949 ἀπάταις,
865 4884 958 4937 καὶ
994 4884 1236 4947 ποικίλος
1279 4886 1335 4939 ἐν
1366 4884 1709 4950 ἐπιϐουλαῖς,
1742 4886 1835 4938 καὶ

258 4977 509 5040 πλούσιος
539 4977 596 5029 ὲν
635 4978 749 5039 τοῖς
792 4976 982 5038 κακοῖς
1019 4975 1397 5046 μηχανήμασι,
1432 4977 1834 5044 παρασκευάζει

253 5070 405 5131 τινὰς
447 5071 505 5122 ὲν
550 5070 897 5139 προσχήματι
929 5067 1029 5137 τῆς
1073 5067 1353 5129 εὐσεϐείας
1400 5067 1830 5138 στρατεύσασθαι

256 5162 399 5214 κατὰ
426 5161 528 5231 τῆς
561 5162 821 5226 πίστεως,
843 5162 939 5213 καὶ
967 5160 1102 5213 πᾶσι
1126 5160 1238 5222 τοῖς
1270 5158 1519 5212 εὐσεϐέσι
1559 5158 1626 5211 δι’
1654 5159 1831 5211 αὐτῶν

254 5252 485 5323 ἄκαιρον
516 5252 869 5321 φιλονεικίαν,
918 5253 1011 5305 καὶ
1043 5251 1383 5322 ψυχοφθόρον
1428 5250 1647 5304 ἐνέϐαλε
1679 5251 1833 5303 πόλε-

257 5359 398 5407 μον,
441 5343 536 5395 καί¹
588 5343 687 5413 τῆς
734 5344 1056 5413 Ἐκκλησίας
1122 5343 1191 5395 τὰ
1234 5342 1369 5411 μέλη
1417 5343 1537 5395 κατ’
1587 5341 1832 5413 ἀλλήλων

255 5433 602 5501 ἐστράτευσε.
633 5435 963 5505 Στρέψωμεν
988 5435 1167 5487 τοίνυν
1195 5434 1332 5486 κατὰ
1352 5434 1447 5500 τῆς
1475 5433 1638 5485 αὐτοῦ
1666 5451 1833 5504 κεφα-

256 5522 354 5593 λῆς
388 5524 544 5577 τοῦτο
585 5525 651 5595 δὴ
698 5525 759 5577 τὸ
791 5527 984 5595 σοφὸν,
1039 5528 1133 5580 καὶ
1162 5526 1260 5597 τὴν
1303 5526 1641 5597 εὐφροσύνην
1667 5528 1828 5581 αὑτοῦ

331 5662 351 5694 ι
378 5662 609 5733 Philipp.
640 5680 713 5725 tv,
745 5664 829 5718 15.
906 5665 925 5695 ⁸
969 5663 1124 5718 Rom.
1168 5680 1283 5727 vnt,
1323 5663 1377 5717 9.

1938 4711 1993 4757 et
2023 4718 2185 4772 quam
2207 4710 2388 4756 astute
2419 4700 2620 4755 bellum
2652 4699 2946 4754 adversum
2974 4713 3076 4753 nos
3098 4698 3383 4753 struxerit.
3412 4697 3524 4750 Ma—

1938 4796 2118 4849 lorum
2176 4791 2528 4846 machinator
2565 4791 2678 4856 ille,
2722 4790 2977 4859 dolisque
3020 4802 3209 4859 sagax;
3274 4795 3523 4841 versutus

1938 4887 1991 4940 in
2022 4884 2262 4947 insidiis,
2302 4892 2357 4938 et
2399 4883 2656 4953 pessimis
2694 4882 2907 4936 artibus
2952 4881 3220 4949 locuples,
3256 4878 3521 4947 quosdam

1937 4978 2225 5040 subornat,
2267 4974 2362 5044 qui
2396 4982 2680 5042 assumpta
2730 4972 2955 5043 pietatis
3000 4972 3187 5040 specie
3232 4971 3354 5021 ﬁdei
3408 4970 3523 5021 bel-

1936 5069 2049 5121 lum
2075 5067 2319 5122 inferant
2351 5085 2364 5120 :
2392 5080 2693 5134 omnesque
2724 5063 3020 5133 religionis
3050 5063 3289 5116 cultores
3328 5062 3519 5112 laurum

1935 5160 2250 5229 importuna
2280 5158 2635 5213 contentione
2663 5157 2717 5211 in
2751 5156 3047 5226 perniciem
3082 5154 3388 5207 animarum
3433 5156 3518 5207 in—

1935 5250 2079 5305 festo
2104 5250 2302 5321 proelio
2337 5250 2612 5312 adoritur,
2641 5265 2751 5318 quo
2773 5247 3034 5301 Ecclesia:
3057 5245 3302 5300 membra
3327 5261 3523 5299 manus

1934 5344 2079 5397 inter
2112 5358 2171 5397 se
2200 5351 2517 5397 conserant.
2559 5340 2928 5406 Quamobrem
2969 5339 3023 5393 in
3071 5346 3236 5407 caput
3285 5339 3531 5407 improbi

1937 5436 2262 5507 sapientiam
2306 5436 2449 5489 hanc
2494 5443 2906 5494 convertamus,
2962 5431 3196 5501 ejusque
3254 5430 3520 5502 gaudium

1936 5530 1992 5584 in
2025 5527 2269 5583 dolorem
2320 5534 2375 5581 et
2415 5527 2624 5580 luctum
2676 5524 2963 5580 solaminis
3008 5530 3289 5593 expertem
3340 5528 3521 5576 mute-

319 5798 409 5871 (ἓ)
437 5802 512 5856 Ex
544 5803 864 5873 conjectura
896 5805 995 5859 viri
1040 5804 1187 5859 docti
1215 5811 1267 5859 et
1291 5800 1607 5874 interpretis
1650 5799 1831 5872 legend

1966 5776 2180 5857 videtur
2218 5798 2651 5872 συνοδοιπόρους.
