4092 6378
533 393 668 451 UH

1793 404 1852 459 S.
1891 403 2221 462 GREGURII
2254 407 2552 464 NYSSENI

3655 395 3798 467 M12

530 524 677 565 mus.
709 503 906 565 Pacem
949 525 1110 580 quam
1149 511 1241 566 ille
1272 511 1406 577 odit,
1443 513 1866 584 amplectamur.
1895 517 1940 569 Α
1969 533 2104 572 con-
2133 563 2139 578 ι

2218 516 2601 589 ιεταϐάλωμεν
2631 522 2710 584 είς
2733 519 2945 592 ὀδύνην,
2975 521 3067 575 καὶ
3111 521 3305 585 πένθος
3339 519 3786 589 απαρηγόρητο·,-.

530 598 866 655 tentionibus
917 601 1311 668 abstineamus,
1349 611 1402 659 ct
1452 621 1482 657 a
1521 606 1839 676 dogmatum
1879 611 2108 666 vocibus

531 691 930 760 expendendis.
974 691 1328 763 Nequaquam
1362 695 1506 751 ultra
1550 698 1941 769 magistrorum
1985 716 2109 757 esse

534 784 784 854 magistri
809 785 1062 840 velimus.
1101 785 1542 858 Disceptationes
1568 791 1877 858 oderimus,-
1905 795 2109 864 quibus

534 875 814 930 auditorcs
861 876 1274 933 subvertantur.
1326 878 1400 934 Ita
1431 881 1745 950 credamus,
1789 885 1876 938 uti.
1925 894 2112 954 patres

535 967 708 1020 nostri
771 966 1137 1024 tradiderunt.
1172 969 1430 1028 Patrihus
1489 975 1698 1029 nostris
1750 975 2113 1044 sapientiores

536 1073 646 1111 non
693 1073 907 1125 sumus,
946 1075 1056 1114 non
1099 1061 1424 1118 doctoribus
1477 1065 1875 1121 accuratiores.
1925 1052 1986 1120 in
2013 1083 2114 1137 pa-

535 1164 644 1202 cem
689 1161 785 1204 nos
821 1152 1022 1206 vocavit
1060 1152 1200 1208 Deus
1221 1154 1266 1220 ³,
1307 1170 1418 1209 non
1457 1155 1510 1209 in
1542 1172 1804 1227 pugnam.
1835 1157 2114 1223 Quemad-

535 1238 760 1294 modum
807 1256 1000 1299 sumus
1043 1246 1248 1312 vocati,
1301 1247 1384 1302 sic
1424 1248 1668 1318 mysticae
1697 1261 1901 1305 mensae
1929 1249 2117 1304 adha-

536 1345 759 1388 reamus
781 1332 837 1388 in
860 1348 970 1404 qua.
989 1338 1238 1394 coelestia
1257 1340 1677 1411 participamus.
1706 1339 1826 1396 Non
1858 1342 2116 1396 commit-

537 1433 740 1486 tamus.
769 1437 829 1484 ut
858 1446 1026 1500 penes
1058 1430 1200 1487 idem
1225 1447 1412 1489 mensa
1443 1447 1551 1486 una
1575 1433 1844 1500 fruamur,
1871 1448 1935 1488 ac
1954 1434 2114 1489 nobis

538 1513 773 1571 invicem
817 1519 1145 1576 insidiemur
1176 1541 1192 1579 :
1228 1539 1338 1578 non
1373 1523 1466 1578 hic
1509 1523 1917 1580 communionis
1952 1525 2111 1590 socii,

542 1620 605 1662 ac
638 1606 778 1665 foris
807 1610 1179 1670 insidiatores.

2117 1753 2205 1808 IV.

2215 613 2580 684 Πενθήσωμεν
2601 613 2680 684 (3)
2705 613 2808 682 τὴν
2830 614 3072 686 εἰρήνην,
3092 615 3160 686 ῆν
3181 615 3391 676 ἐκεῖνος
3422 613 3588 683 μισεῖ.
3611 607 3790 665 Κατα-

2214 705 2486 775 λείψωμεν
2516 705 2577 758 τὸ
2609 705 2971 776 ζυγομαχεῖν,
3018 706 3113 758 καὶ
3139 704 3458 775 σταθμίζειν
3481 699 3579 766 τὰς
3616 700 3794 766 λέξεις

2216 796 2308 850 τοῦ
2337 796 2625 868 δόγματος.
2682 797 3030 863 Παυσὼμεθα
3071 795 3167 850 τοῦ
3201 796 3375 849 θέλειν
3401 789 3540 847 εἶναι
3573 790 3682 845 τῶν
3708 789 3794 842 δι-

2216 887 2500 942 δασκάλων
2532 889 2857 944 διδάσκαλοι.
2891 890 3226 959 Μισήσωμεν
3253 887 3316 940 τὺ
3340 883 3664 956 λογομαχεῖν
3695 880 3795 934 ἐπὶ

2218 981 2568 1050 καταστροφῇ
2602 980 2712 1032 τῶν
2737 980 3065 1034 ἀκουόντων.
3097 977 3481 1046 Πιστεύσωμεν
3507 975 3582 1037 ὡς
3607 974 3656 1025 et
3686 987 3797 1024 πα-

2215 1067 2372 1138 τέρες
2403 1067 2562 1137 ἡμῶν
2601 1067 3012 1139 παραδέδωκαν.
3063 1067 3177 1121 Οὐκ
3215 1067 3380 1136 ἐσμὲν
3403 1063 3511 1116 τῶν
3541 1059 3800 1131 πατέρων

2220 1158 2516 1227 σοφώτεροι
2535 1175 2549 1188 ο
2575 1159 2676 1211 οὐκ
2696 1160 2866 1229 ἐσμὲν
2889 1160 2998 1212 τῶν
3023 1157 3356 1212 διδασκάλων
3383 1154 3795 1225 ἀκριϐέστεροι.

2230 1249 2326 1302 Ἐν
2366 1249 2573 1318 εἰρήνῃ
2602 1250 2898 1304 ἐκάλεσεν
2936 1248 3094 1319 ἡμᾶς
3120 1252 3153 1304 ὁ
3182 1248 3325 1314 Θεὸς
3345 1287 3360 1311 ,
3411 1246 3510 1298 οὐκ
3541 1245 3598 1297 ὲν
3621 1243 3794 1313 μάχῃ.

2229 1340 2318 1404 Ὦς
2364 1339 2709 1412 ἐκλήθημεν,
2749 1341 2920 1406 οὕτως
2963 1340 3381 1412 προσμείνωμεν
3436 1339 3504 1407 τῇ
3553 1334 3798 1406 μυστικῇ

2219 1432 2489 1504 τραπέζῃ,
2523 1433 2584 1486 ὲν
2679 1433 2788 1486 τῶν
2819 1433 3082 1504 οὐρανίων
3125 1430 3635 1503 μεταλαμωνομεν.
3698 1423 3799 1493 Μὴ

2220 1523 2499 1595 γινώμεθα
2544 1526 2686 1580 κατὰ
2731 1525 2924 1580 ταυτὸν
2972 1523 3357 1596 ὁμοτράπεζοι,
3409 1521 3504 1575 καὶ
3549 1517 3802 1588 ἀλλήλων

2220 1615 2494 1669 ἐπίϐουλοι
2513 1633 2527 1648 ·
2555 1618 2630 1688 μὴ
2653 1617 2886 1672 ἐνταῦθα
2911 1617 3236 1684 κοινωνικοὶ,
3253 1617 3348 1670 καὶ
3369 1614 3474 1680 ἔξω
3491 1608 3797 1666 ἐπίϐουλοι.

1655 1865 1742 1920 Ea:
1763 1884 2002 1922 sermone
2029 1865 2084 1922 in
2118 1865 2343 1922 Mariam
2369 1875 2423 1922 et
2445 1863 2668 1937 Ioseph.

1104 1977 1261 2048 Apud
1286 1977 1546 2043 LEQUIEN.
1579 1979 1647 2034 ad
1687 1980 1820 2050 Opp.
1853 1978 1912 2035 S.
1943 1979 2102 2035 10m.
2145 1979 2382 2034 DAILSC.
2421 1987 2550 2033 tom.
2589 1976 2638 2042 1,
2676 1992 2800 2048 pag.
2837 1977 2963 2042 258,
2997 1984 3107 2031 not.
3138 1975 3198 2030 9..

565 2163 570 2168 .
611 2121 877 2176 Dominus
928 2121 1331 2192 primogenitus
1382 2135 1451 2177 ex
1496 2119 1722 2194 Virgine
1760 2122 1956 2186 audiit,
2005 2138 2114 2176 non

2285 2121 2634 2192 Πρωτότοκος
2679 2120 2708 2172 6
2738 2115 2941 2191 Κύριος
2978 2121 3210 2190 ἦκουσεν
3241 2121 3307 2172 ὲκ
3345 2119 3446 2188 τῆς
3479 2119 3752 2191 Παρθένου
3776 2161 3814 2187 φ

539 2214 662 2283 quia
694 2212 1051 2284 pomeriorem
1085 2213 1374 2283 quemdam
1414 2215 1633 2282 generis
1680 2213 1929 2283 ejusdem
1966 2213 2112 2268 asci-

539 2305 648 2367 vit,
703 2302 799 2357 sed
840 2303 965 2371 quia
1026 2303 1146 2356 sine
1193 2303 1306 2354 ulla
1354 2303 1768 2372 comparatione
1813 2318 1938 2358 cum
1987 2302 2114 2356 filiis

537 2393 820 2448 hominum
883 2394 1281 2464 primogenitus
1332 2403 1438 2449 est.
1487 2391 1677 2465 Neque
1734 2395 1877 2449 enim
1922 2411 1988 2449 ex
2045 2408 2113 2448 eo

537 2483 683 2555 quod
706 2484 1004 2554 Apostolus
1028 2483 1094 2538 de
1123 2491 1322 2539 atterua
1351 2485 1563 2540 Domini
1590 2499 1657 2540 ex
1687 2482 1850 2539 Patre
1882 2499 2108 2556 genera-

537 2574 686 2632 tione
716 2572 866 2638 dicit,
896 2571 1000 2638 Qui
1042 2582 1118 2626 est
1158 2573 1536 2644 primogenitus
1576 2574 1748 2629 omnis
1788 2586 2049 2628 creatura:
2066 2577 2109 2638 ⁵,

537 2665 645 2735 jam
677 2671 732 2720 et
761 2664 930 2717 ullum
963 2661 1178 2719 Domini
1210 2661 1434 2720 fratrem
1470 2681 1579 2720 una
1613 2664 1966 2736 signiﬁcavit.
1999 2663 2112 2720 Nec

538 2771 731 2812 rursus
779 2769 904 2810 cum
932 2754 1075 2811 idem
1108 2771 1232 2812 eum
1285 2757 1694 2827 primogenitum
1733 2772 1800 2810 ea:
1839 2757 2064 2810 mortuis
2089 2757 2110 2789 ³

538 2847 878 2917 nuncupavit
903 2885 918 2911 ,
947 2845 1060 2916 jam
1110 2854 1166 2901 et
1196 2845 1412 2900 Domini
1442 2859 1763 2917 germanum
1795 2846 1892 2915 qui
1931 2847 2116 2901 consi-

537 2937 654 2991 mili
681 2935 844 2991 nodo
875 2935 1156 2992 infernum
1183 2937 1498 3004 calcaverit,
1532 2936 1730 2991 innuit.
1767 2935 1972 2992 Verum
2009 2936 2116 2990 Do-

537 3025 722 3081 minus
754 3025 1157 3096 primogenitus
1197 3042 1264 3080 ex
1299 3025 1460 3082 Patre
1501 3034 1558 3082 et
1599 3043 1666 3082 ex
1703 3019 1927 3098 Virgine
1965 3036 2020 3082 et
2047 3041 2112 3082 ex

537 3115 772 3169 mortuis
801 3115 1024 3182 dicitur,
1051 3123 1110 3171 ut
1140 3116 1506 3188 undequaque
1534 3116 1835 3188 singularis
1866 3117 1987 3187 ejus
2016 3132 2114 3172 ex-

539 3205 798 3260 cellentia
827 3215 1197 3278 cognoscatur
1229 3227 1243 3263 :
1281 3222 1409 3262 nam
1451 3213 1607 3262 extra
1641 3208 2114 3279 comparationem

537 3302 623 3350 est
664 3293 880 3350 Domini
927 3309 1119 3367 partus
1160 3316 1174 3352 :
1221 3297 1310 3352 ubi
1349 3298 1553 3368 quippe
1596 3297 1750 3367 virgo
1796 3305 1971 3351 mater
2008 3305 2113 3362 est,

539 3399 650 3454 qua
678 3387 891 3442 ratione
923 3387 1189 3459 explicari
1215 3397 1408 3457 partus
1439 3388 1658 3459 possit?

2215 2213 2313 2284 οὐχ
2335 2213 2418 2266 ὅτι
2442 2211 2694 2283 δεύτερόν
2718 2229 2840 2265 τινα
2867 2212 3157 2282 ὁμοιογενῆ
3191 2211 3651 2283 προσεκαλέσατο,
3677 2213 3800 2266 ἀλλ’

2213 2305 2295 2356 ὃτι
2328 2303 2670 2373 πρωτότοκος
2696 2302 3040 2374 ἀσυγκρίτως
3061 2305 3178 2356 ἐστὶ
3211 2304 3346 2374 πρὸς
3370 2304 3497 2366 τοὺς
3525 2305 3670 2366 υἱοὺς
3686 2303 3803 2356 τῶν

2215 2389 2538 2460 ἀνθρώπων.
2577 2389 2712 2442 Οὐδὲ
2733 2389 2844 2460 γὰρ
2872 2389 2960 2444 διὰ
2981 2389 3042 2443 τὸ
3074 2392 3249 2443 εἰπεῖν
3273 2393 3302 2444 6
3345 2391 3664 2455 Ἀπόστολος
3697 2407 3805 2444 πε·

2219 2482 2271 2551 ρὶ
2295 2483 2396 2552 τῆς
2436 2480 2532 2534 τοῦ
2575 2482 2784 2548 Κυρίου
2821 2482 2886 2535 ἐκ
2926 2482 3141 2554 Πατρός
3185 2481 3424 2553 ἀνάρχου
3471 2485 3800 2554 γεννήσεως,

2216 2573 2326 2637 ’⁷ος
2373 2573 2504 2626 ἐστι
2549 2576 2922 2641 πρωτότοκος
2971 2573 3180 2642 πάσης
3224 2577 3506 2640 κτίσεως,
3553 2577 3652 2647 ἤδη
3701 2576 3803 2628 καὶ

2216 2666 2442 2736 ἀδελφὸν
2467 2664 2562 2719 τοῦ
2595 2664 2803 2734 Κυρίου
2855 2665 3250 2735 συνεγράψατο.
3303 2665 3425 2718 Οὐδ’
3471 2661 3538 2718 αὖ
3588 2664 3804 2718 πάλινό

2217 2755 2400 2818 αὐτὸς,
2430 2755 2775 2825 πρωτότοκον
2799 2755 2862 2807 ὲκ
2890 2753 2998 2808 τῶν
3029 2753 3239 2824 νεκρῶν
3270 2753 3528 2817 καλέσας,
3570 2755 3672 2824 ἤδη
3703 2753 3807 2808 καὶ·

2217 2846 2454 2914 ὅμαιμον
2488 2843 2584 2898 τοῦ
2617 2843 2825 2914 Κυρίου
2861 2845 3256 2916 παρεισήγαγε,
3279 2843 3677 2916 παραπλησίως
3707 2845 3810 2898 τὸν.

2219 2935 2353 3006 ᾅδην
2382 2939 2720 3005 πατήσαντα.
2772 2935 2933 2991 Ἀλλὰ
2964 2938 3306 3009 πρωτότοκος
3333 2940 3361 2991 6
3386 2938 3591 3009 Κύριος
3615 2939 3678 2991 ἐκ
3700 2935 3800 2991 τοῦ

2219 3025 2429 3100 Πατρὺς
2475 3025 2570 3083 καὶ
2601 3030 2664 3082 ὲκ
2708 3029 2807 3100 τῆς
2849 3025 3126 3100 Παρθένου
3167 3029 3261 3082 καίι
3295 3030 3366 3082 ὲκ
3414 3029 3528 3082 τῶν
3564 3027 3800 3098 νεκρῶν,

2219 3119 2304 3171 ἵνα
2354 3119 2442 3173 διᾶ
2499 3121 2718 3173 πάντων
2765 3117 2946 3190 γνωθῇ
2994 3118 3055 3173 τδ
3094 3119 3379 3189 μοναδικόν
3417 3119 3516 3189 τῆς
3551 3117 3803 3190 νεότητος

2217 3205 2454 3277 ἀξίωμα.
2515 3205 2867 3278 ’Δσύγκριτος
2888 3207 2996 3278 γὰρ
3037 3209 3066 3260 6
3091 3205 3410 3270 δεσποτικὸς
3441 3205 3626 3269 τόκοςο
3657 3206 3810 3259 ὅπου

2218 3295 2380 3368 γὰρὴ
2414 3299 2597 3371 μήτηρ
2626 3298 2914 3369 παρθένος,
2943 3298 3060 3362 πῶς
3087 3298 3240 3361 τόκος
3269 3297 3736 3370 ἑρμηνευόμενοςς

2127 3493 2194 3552 ν.

1360 3615 1512 3684 Apud
1554 3615 1613 3670 S.
1643 3613 1889 3670 Joannem
1921 3616 2280 3672 Duascanou
2309 3617 2405 3672 tib.
2438 3626 2630 3672 contra
2658 3617 2974 3682 Jacobitas,

1787 3728 1921 3798 Opp.
1960 3739 2085 3783 tom.
2130 3729 2184 3798 l,
2223 3743 2344 3802 pag.
2383 3731 2511 3786 ωτι.

539 3850 729 3906 Sancti
771 3846 1014 3916 Gregorii
1046 3821 1301 3918 Nysseni,
1335 3862 1401 3928 ex
1437 3847 1664 3917 cpistola
1705 3847 1774 3902 ad
1803 3846 2114 3918 Philippum

2221 3847 2338 3904 Τοῦ
2373 3847 2548 3928 ἁγίου
2576 3847 2910 3928 Γρτζτςρριου
2943 3848 3024 3916 (4)
3051 3847 3387 3928 ἐπέσκόπρυ
3415 3845 3691 3928 Νύοςιζης,
3725 3846 3800 3902 ἐκ

1149 3918 1501 3972 monachum.

606 4038 741 4104 Quae
785 4045 916 4093 sunt
959 4034 1206 4106 ejusdem
1252 4033 1595 4100 substantim,
1635 4035 1741 4089 hoc
1787 4034 2014 4099 habent,
2055 4045 2115 4088 ut

539 4129 651 4186 sint
679 4123 824 4184 idem
863 4143 878 4181 :
911 4134 1106 4181 contra
1151 4133 1354 4191 autem,
1376 4142 1500 4195 qua:
1532 4125 1784 4182 diversa
1812 4123 1928 4181 Etsi
1966 4125 2112 4180 enim

539 4218 702 4274 ambo
734 4220 938 4273 unione
966 4232 1088 4287 qua:
1119 4217 1352 4287 exprimi
1386 4231 1496 4271 non
1536 4217 1733 4286 possit,
1765 4232 1933 4271 unum
1959 4223 2110 4278 sunt,

539 4324 649 4363 non
674 4316 858 4362 tamen
896 4314 1115 4370 natura,
1143 4307 1270 4376 quia
1296 4322 1404 4360 non
1435 4305 1702 4362 confusae.
1735 4305 1989 4360 Christus
2009 4306 2113 4359 ita-

537 4415 645 4471 que
679 4411 804 4454 cum
830 4395 952 4452 duae
984 4405 1195 4452 natura:
1235 4399 1306 4453 sit
1332 4398 1385 4452 in
1413 4397 1613 4468 quibus
1651 4412 1778 4453 vere
1809 4412 2110 4468 cognosca-

539 4503 647 4557 tur,
680 4500 735 4548 et
771 4491 1106 4563 singularem
1135 4489 1415 4546 filiationis
1451 4505 1744 4561 personam
1777 4489 1962 4545 habet.

2362 3916 2474 3987 τῆς
2505 3918 2642 3988 πρὸς
2677 3918 2942 3971 Φίλιππον
2975 3917 3277 3988 μονάζοντα
3302 3916 3652 3985 ἐπιστολῆς.

2292 4033 2374 4086 Τὰ
2405 4031 2504 4102 μὲν
2525 4031 2788 4102 όμοούσια
2825 4032 3133 4102 ταυτότητα
3165 4031 3426 4101 κέκτηται
3445 4047 3460 4061 ⁸
3503 4030 3572 4083 τὰ
3594 4030 3650 4083 δὲ
3679 4031 3798 4085 ἔτεα

2223 4124 2441 4194 ροούσια
2480 4123 2542 4176 τὸ
2591 4122 2881 4178 ἀνάπαλιν.
2941 4119 3057 4176 Κᾶν
3087 4121 3198 4196 γὰρ
3247 4124 3472 4195 ἀρρήτῳ
3503 4120 3692 4175 ένώσει
3728 4120 3800 4175 τὰ

2218 4217 2503 4288 ἀμφότερα
2531 4216 2612 4279 ἓν,
2640 4215 2752 4269 ἀλλ’
2783 4215 2842 4269 οὗ
2869 4218 2935 4287 τῇ
2967 4217 3150 4284 φύσει,
3179 4217 3269 4270 διὰ
3301 4216 3362 4270 τδ
3395 4214 3718 4285 ἀσύγχυτον.
3736 4213 3796 4267 ὐ

2217 4309 2396 4361 τοίνυν
2440 4308 2673 4380 Χριστὸς
2703 4303 2797 4361 δύο
2832 4307 3092 4377 ὑπάρχων
3122 4307 3332 4376 φύσεις,
3367 4305 3483 4362 ἀλλ’
3513 4307 3571 4359 ἐν
3601 4305 3797 4366 αὑταῖς

2214 4399 2430 4469 ἀληθῶς
2472 4397 2898 4471 γνωριζόμενος,
2935 4397 3222 4470 μοναδικόν
3257 4397 3372 4468 ἔχει
3404 4397 3505 4466 τῆς
3549 4394 3798 4466 υἰότητος

2211 4490 2273 4544 τὸ
2308 4493 2619 4564 πρόσωπον.

2115 4625 2202 4682 Vl.

1455 4742 1557 4794 Ἐκ
1595 4741 1703 4810 τῆς
1729 4743 1952 4807 ,ϐίϐλου
1975 4743 2086 4814 τῆς
2125 4746 2460 4817 λεγομένης
2509 4745 2874 4814 Θεογνωσίας.

1589 4851 1676 4906 Ex
1705 4854 1841 4909 libro
1872 4857 2127 4925 inscripto
2162 4857 2239 4912 De
2277 4857 2594 4930 cognitione
2622 4856 2742 4913 Dei.

1317 4973 1469 5046 Apud
1519 4973 1960 5058 Euruvutqu
2047 4977 2504 5058 luctat-gnto},
2546 4977 3054 5058 Panopl.Dogmat.

1525 5055 1667 5114 part.
1703 5062 1740 5112 ι,
1773 5048 1857 5100 tit.
1893 5048 1946 5112 1,
1975 5064 2097 5119 pag.
2134 5052 2186 5112 1,
2229 5048 2356 5103 edit.
2411 5048 2590 5104 Venet.
2629 5049 2790 5104 1575.

605 5160 762 5227 Quod
811 5161 858 5216 si
927 5175 994 5216 ex
1057 5159 1391 5231 simplicium
1447 5161 1869 5227 elementorum,
1931 5173 2115 5229 teme,
2150 5176 2196 5231 ι)
2226 5175 2286 5220 ut
2313 5166 2514 5221 asserit
2545 5164 2844 5235 Epicurus;
2881 5164 3026 5233 quod
3059 5164 3305 5235 genitum
3331 5171 3418 5219 est
3454 5178 3561 5218 non
3585 5161 3794 5231 genito,

532 5266 710 5320 aquae,
755 5249 922 5314 aeris,
973 5252 1119 5323 ignis
1168 5254 1547 5324 permistione,
1587 5263 1682 5308 aut
1711 5270 1776 5309 ex
1813 5269 2118 5326 corpuscu-

532 5340 600 5396 lis
629 5341 930 5399 individuis
969 5345 1153 5398 omnia
1185 5359 1308 5414 quaz
1331 5346 1386 5398 in
1418 5345 1626 5400 mundo
1660 5352 1810 5410 sunt,
1833 5356 2114 5417 constent,

605 5476 627 5507 ⁸
666 5476 686 5531 Ι
719 5477 847 5534 Cor.
881 5495 980 5544 vn,
1021 5479 1109 5536 15.
1187 5483 1209 5513 ’⁵
1235 5479 1451 5539 Coloss.
1479 5501 1520 5552 ι,
1558 5484 1648 5539 15.
1689 5485 1710 5516 ⁵
1751 5483 1886 5541 ibid.
1928 5485 2016 5540 18.

603 5609 682 5684 (δ)
717 5613 888 5684 ΠετζθΓ
924 5609 1092 5680 ιθεο.
1123 5611 1468 5684 ποθγήσωμεν.
1501 5615 1760 5679 LEQUIEN.

605 5681 684 5749 (4)
717 5681 829 5734 Τοῦ
849 5682 942 5753 ἁτε
963 5684 1147 5750 Γρηγ.
1178 5681 1324 5738 Idem
1346 5681 1708 5753 fragmentum
1736 5686 1929 5741 recitat
1944 5683 2116 5739 Leon-

2223 5259 2481 5330 quodque
2497 5256 2702 5312 factum
2719 5256 2995 5322 eﬁ‘ectorc,
3015 5256 3137 5311 sine
3153 5255 3259 5309 ulla
3283 5255 3622 5310 dubitatione
3645 5259 3801 5305 tanto

2224 5349 2578 5420 praestantius
2599 5357 2762 5420 atque
2793 5347 3111 5420 praeclarius
3137 5346 3599 5416 deprehendetur,
3619 5357 3799 5416 quan-

2222 5615 2369 5684 gavit
2392 5612 2459 5670 ν.
2491 5613 2552 5668 C.
2586 5613 2857 5684 Antonius
2888 5609 3262 5684 Bongiovanni
3293 5610 3346 5664 in
3377 5608 3646 5677 Supplem.
3670 5625 3799 5662 con-

2218 5680 2311 5739 εει.
2334 5685 2592 5746 Lucensi,
2625 5692 2754 5737 tom.
2783 5680 2871 5746 Vl,
2892 5695 3014 5750 pag.
3046 5680 3171 5734 “9.
3196 5681 3591 5750 Argumentum
3613 5689 3796 5750 autem

533 5751 646 5804 tius
669 5761 859 5804 contra
889 5750 1240 5824 Nestorianos
1265 5763 1314 5806 et
1342 5749 1702 5824 Eutgcluanos
1727 5773 1744 5808 :
1781 5755 2024 5823 illudque
2039 5772 2104 5809 ex
2216 5755 2462 5820 epistola:
2511 5749 3076 5824 indlaudatocodice;
3110 5751 3182 5824 ita
3220 5749 3479 5824 effertur}
3518 5749 3652 5824 Iit-:9}
3698 5749 3796 5815 τῆς

533 5829 754 5877 vetusto
784 5837 887 5878 ms.
918 5823 1106 5879 codice
1137 5820 1330 5880 Graeco
1365 5820 1578 5881 Veneta:
1613 5820 1954 5881 bibliothecae
1986 5825 2103 5882 vul-

2209 5815 2316 5878 τῶν
2355 5821 2646 5891 ’Δρειανῶν
2675 5823 3016 5886 ἀντιθέσεως,
3048 5816 3113 5892 ἧς
3145 5822 3178 5890 ἡ
3213 5820 3376 5892 ἀρχή*
3408 5815 3473 5873 Ἦ
3512 5815 3680 5872 κακία
3697 5831 3801 5889 γι.-
