4092 6378
439 355 583 414 ΗΠ)

1848 357 2294 416 FRAGMENTA.

3556 366 3692 422 liii

439 480 495 524 to
520 472 862 542 simplicibus
888 474 1175 530 elementis
1212 483 1267 530 et.
1299 474 1647 545 corpusculis
1692 473 1823 539 illis,
1868 489 2009 543 quas
2040 482 2083 535 Α
2113 476 2353 543 elephas,
2396 484 2491 527 aut
2534 474 2579 529 si
2616 476 2765 545 quod
2804 476 3013 530 animal
3046 476 3339 546 elepliante
3377 478 3556 547 majus
3583 493 3687 544 esi,

433 571 655 619 atomos
674 564 885 633 dicunt,
928 566 1093 621 homo
1144 567 1431 637 pnecellit.
1477 567 1743 621 l‘rinterea
1782 582 2013 637 quomo-

432 655 502 707 do
535 671 656 725 quae
686 666 879 711 natura
908 659 1051 712 inter
1071 675 1132 713 se
1167 660 1449 714 contraria
1482 667 1628 723 sunt,
1662 667 1756 712 aut
1783 659 1901 713 sine
1917 657 2013 713 de-

431 748 694 802 trimento
713 750 779 803 ad
800 750 962 803 unius
984 750 1138 805 orbis
1158 750 1547 820 perfectionem
1571 758 2008 805 concurrerunt:

432 849 528 893 aut
567 842 686 895 sine
721 844 955 897 consilio
982 842 1309 910 rationeque
1350 843 1713 897 conveniente
1759 841 1901 895 inter
1951 856 2011 894 se

431 938 485 983 et
516 946 823 1001 congruere
845 942 1141 1002 potuerunt
1162 954 1175 988 :
1195 946 1287 989 aut
1319 934 1528 990 homini
1559 934 1827 987 rationem
1855 933 2006 986 insc-

431 1037 574 1087 rere,
623 1038 732 1092 qua
776 1023 894 1094 ipsa
943 1033 1134 1079 carent
1172 1026 1420 1091 omnino,
1457 1025 1659 1094 quippe
1686 1037 1807 1093 quae
1841 1020 2009 1075 animi

432 1127 496 1165 ac
538 1128 740 1169 sensus
772 1118 1020 1184 expertia
1067 1116 1218 1173 sint?
1267 1116 1448 1183 Quid?
1478 1114 1673 1171 Nonne
1699 1115 2011 1184 oportebat,

431 1204 525 1258 cui
569 1216 777 1259 natura
816 1223 929 1261 sua:
978 1208 1272 1278 plurimum
1319 1208 1667 1272 tribuissent,
1704 1207 1887 1276 qualis
1928 1214 2013 1261 est

2114 567 2165 619 id
2193 566 2497 620 minoribus
2514 567 2843 623 animalibus
2862 575 2920 621 ut
2944 567 3137 622 ducem
3157 583 3451 639 regemque
3471 580 3689 639 praesta-

2114 657 2207 712 re?
2247 656 2405 710 Nunc
2433 667 2614 712 autem
2645 658 2831 722 homo,
2872 658 3163 726 elephants
3185 662 3439 731 corporis
3475 663 3692 733 magni-

2114 749 2302 803 tudine
2338 763 2403 801 ac
2436 749 2632 802 robore
2674 749 2861 801 multis
2890 749 3138 818 partibus
3168 750 3422 817 inferior,
3456 751 3693 823 imperat

2114 839 2190 893 illi
2224 850 2446 909 propter
2482 842 2755 894 rationem
2803 856 2911 910 qua
2940 840 3008 893 ab
3045 840 3243 909 opiﬁce
3280 857 3383 897 suo
3411 842 3572 914 plane
3604 843 3691 897 di-

2118 939 2264 985 tatus
2294 941 2399 986 est.
2443 930 2561 985 Jam
2605 936 2695 1002 qui
2735 932 2848 986 ﬁeri
2880 940 3078 1002 potest,
3106 940 3163 985 ut
3191 948 3259 987 ex
3296 934 3364 989 iis
3408 949 3529 1003 quae
3556 948 3693 989 casu

2118 1031 2429 1093 temereque
2456 1023 2726 1089 feruntur,
2761 1025 3069 1078 consistant
3095 1040 3158 1079 ea
3189 1039 3310 1095 quae
3336 1025 3528 1081 ordine
3554 1040 3702 1081 con-

2120 1114 2309 1169 stituta
2346 1116 2518 1170 sunt?

1673 1321 1813 1375 Ibid.
1857 1322 1951 1373 tit.
1976 1321 2029 1385 8,
2061 1338 2181 1391 pag.
2225 1321 2296 1374 25
2320 1338 2460 1390 seqq.

592 1432 786 1488 Omnia
802 1451 928 1507 qua:
956 1446 1245 1502 sequuntur
1280 1437 1476 1503 capita,
1517 1447 1730 1505 excepto
1767 1437 1948 1507 quinto
1980 1436 2117 1504 quod
2153 1447 2228 1489 est
2266 1434 2452 1507 Basilii
2488 1435 2695 1507 magni,
2751 1447 2963 1507 sumpta
2996 1445 3117 1489 sunt
3151 1452 3214 1489 c1:
3258 1437 3393 1489 libro
3436 1438 3525 1507 qui

792 1506 1102 1559 inscribitur
1123 1508 1197 1561 De
1222 1509 1535 1577 c0gnitione
1579 1504 1697 1572 Dei,
1729 1504 1879 1575 cujus
1907 1515 2094 1559 auctor
2131 1522 2244 1559 esse
2275 1506 2446 1574 fertur
2475 1504 2789 1562 Gnsuonius
2818 1506 3010 1576 Nyssa:
3036 1507 3291 1575 pontifex.

507 1650 617 1705 Lex
663 1658 718 1705 et
776 1650 1076 1721 pI‘OphCla},
1121 1667 1357 1721 quorum
1416 1649 1698 1720 plenitudo
1756 1646 2011 1704 Christus
2045 1651 2284 1711 Bblosis
2328 1651 2535 1719 scripta
2569 1660 2722 1715 sunt,
2770 1651 3031 1706 videntur
3075 1651 3347 1722 ignorare.
3391 1651 3482 1706 Sic
3511 1661 3701 1709 autem

434 1754 541 1809 est,
596 1744 777 1797 omnia
834 1760 955 1814 quia
1012 1752 1126 1797 tuin
1178 1744 1246 1797 ad
1304 1745 1482 1814 ipsum
1533 1742 1837 1806 Christum,
1897 1750 2012 1795 tum

434 1837 600 1889 etiam
637 1836 702 1889 ad
733 1845 978 1889 sanctam
1027 1836 1304 1905 pertinent
1350 1833 1697 1899 Trinitatem,
1741 1835 2015 1890 subtiliter

437 1927 897 1996 perscripserunt.
929 1925 1036 1979 Sed
1066 1926 1254 1980 divina
1280 1925 1487 1981 factum
1534 1934 1618 1981 est
1647 1925 2012 1996 providentia,

437 2029 494 2070 ui
513 2018 682 2071 multa
707 2017 826 2072 fuse
851 2032 1041 2086 sparsa
1062 2016 1533 2087 disscmiiiataque
1548 2018 1681 2079 sint,
1708 2024 1763 2070 et
1779 2016 2016 2071 obscure

435 2111 647 2179 posita;
687 2125 755 2165 ne
794 2123 918 2163 cum
951 2108 1129 2162 adhuc
1170 2116 1361 2165 essent
1410 2109 1647 2163 infantes
1687 2106 1881 2172 Judiri,
1916 2122 2014 2161 nec

435 2214 557 2267 qua:
583 2199 903 2254 sublimiora
933 2206 1061 2252 sunt
1084 2208 1308 2267 possent
1335 2199 1635 2268 percipere,
1662 2198 1730 2252 ad
1756 2199 2015 2268 indignas

435 2290 725 2361 opiniones
776 2291 1139 2354 declinarent,
1173 2291 1397 2360 etquod
1430 2291 1500 2345 ab
1544 2292 1696 2344 omni
1725 2290 2015 2345 aﬂ‘ectione

436 2383 863 2437 remotissimum
886 2390 993 2446 est,
1027 2381 1410 2437 allectionibus
1439 2383 1741 2436 olmoxium
1781 2382 2014 2436 arbitra-

436 2482 645 2530 rentur.
692 2475 903 2531 Etenim
957 2490 1080 2529 cum
1140 2478 1283 2530 Deus
1338 2476 1393 2529 in
1442 2475 1622 2530 lioreb
1673 2490 1771 2531 eos
1806 2475 2011 2544 alloqui

435 2568 714 2638 erupisset,
770 2567 1043 2637 ejusmodi
1088 2568 1337 2622 oratione
1384 2582 1537 2622 suam
1584 2568 2012 2623 imbecillitatem

435 2669 770 2717 escusarunt
796 2701 812 2726 ,
851 2660 975 2714 Non
1012 2675 1308 2731 pergemus,
1342 2662 1676 2730 inquientes,
1709 2662 1898 2715 audire
1926 2678 2016 2716 vo-

435 2770 545 2807 cem
582 2753 792 2807 Domini
850 2754 945 2807 Dei
971 2754 1161 2817 nostri,
1216 2769 1307 2807 nec
1348 2754 1520 2823 ignem
1582 2753 1723 2806 hunc
1765 2770 2015 2823 magnum

438 2843 732 2897 ridebimus
762 2845 1012 2912 amplius,
1047 2860 1110 2897 ne
1135 2845 1452 2897 moriamur.
1497 2842 1563 2896 Et
1588 2844 1722 2897 dixit
1753 2844 2014 2899 Dominus

437 2937 506 2989 ad
544 2952 625 2990 me
664 2936 811 3006 (haec
856 2944 985 2990 sunt
1037 2936 1203 2989 verba
1250 2933 1417 2989 Mosis
1461 2935 1789 3005 scribentis)
1823 2954 1837 2989 :
1875 2936 2015 2990 Bene

437 3027 618 3079 munia
656 3038 779 3078 sunt
816 3024 999 3078 locuti.
1023 3023 1345 3093 Proplietam
1378 3023 1649 3078 suscitabo
1667 3026 1741 3079 eis
1764 3026 1828 3078 de
1846 3026 2014 3079 medio
2043 3010 2085 3067 (δ

435 3120 669 3188 fratrum
706 3132 923 3171 suorum
974 3116 1205 3171 similem
1235 3115 1350 3179 tibi,
1386 3127 1433 3169 et
1462 3130 1657 3184 ponam
1703 3116 1860 3171 verba
1902 3132 2016 3170 mea

436 3212 490 3265 in
521 3226 610 3265 ore
651 3212 787 3278 ejus,
835 3218 885 3263 et
920 3209 1162 3277 loquetur
1208 3208 1277 3262 ad
1318 3223 1405 3262 eos
1450 3209 1629 3262 omnia
1667 3224 1785 3278 quw
1822 3224 2019 3276 prwceu

434 3321 558 3374 pero
602 3304 683 3356 illi
706 3303 748 3355 ⁸.
814 3298 938 3355 llaec
980 3301 1202 3370 quidem
1246 3301 1319 3353 ita
1356 3314 1415 3353 se
1452 3299 1672 3353 habent.
1715 3297 2015 3352 Verborum

436 3405 617 3449 autem
666 3395 779 3449 hinc
823 3402 907 3449 est
964 3395 1272 3448 sententia:
1312 3394 1581 3459 Quoniam
1631 3390 1735 3460 ipsi
1785 3403 1871 3444 me
1925 3405 2018 3443 ne-

436 3495 644 3557 queunt
674 3486 884 3550 audire,
922 3484 1239 3553 Prop/telam
1274 3484 1540 3538 suscitabo
1565 3484 1642 3537 eis
1674 3484 1751 3553 (et
1783 3495 1905 3551 quae
1933 3496 2020 3536 se-

436 3580 722 3650 quuntur),
754 3579 848 3649 qui
886 3574 1162 3633 nuntiabit
1198 3576 1309 3633 illis
1344 3591 1408 3632 ea
1441 3590 1583 3646 quae,
1615 3586 1673 3629 ut
1710 3586 1856 3627 nunc
1894 3574 2019 3643 qui-

436 3669 560 3725 dem
600 3684 689 3724 res
728 3679 835 3734 est,
869 3670 1175 3739 intelligere
1210 3682 1320 3723 non
1371 3674 1622 3739 possunt.
1678 3665 1812 3732 Quae
1849 3665 2019 3719 nimi-

438 3777 558 3817 rum
594 3762 660 3816 ad
683 3761 903 3817 Patrem
931 3770 987 3817 et
1018 3760 1218 3815 Filium
1250 3768 1304 3816 et
1338 3759 1609 3831 Spiritum
1647 3764 1922 3821 sanctum,
1964 3764 2019 3812 et

438 3852 507 3907 ad
545 3850 782 3907 divinam
816 3854 1069 3907 humanae
1108 3859 1319 3907 natura:
1359 3853 1634 3923 pertinent
1678 3848 2021 3919 assumptio-

437 3960 584 4011 nem,
616 3952 671 4000 et
691 3945 794 3999 alia
823 3960 945 4015 qua:
971 3958 1068 4014 per
1093 3943 1451 4013 Evangelium
1483 3942 1830 4014 promulgata
1864 3947 2015 3996 sunt.

438 4034 572 4090 [llud
626 4036 790 4100 enim,
824 4036 1051 4090 similem
1087 4035 1203 4101 tibi,
1238 4031 1658 4090 similitudinem
1708 4034 1763 4087 in
1804 4032 2016 4103 legibus

436 4128 749 4185 sanciendis
781 4129 1127 4192 potissimum
1163 4127 1392 4183 indicat.
1437 4130 1507 4181 At
1541 4125 1702 4182 Iesus
1730 4124 1879 4179 Nave
1921 4137 2018 4178 ne.

437 4232 544 4288 que
594 4218 660 4271 ad
704 4221 835 4273 talia
868 4220 983 4273 visa
1021 4225 1073 4272 et
1118 4217 1369 4281 oracula,
1404 4224 1466 4271 ut
1494 4216 1695 4281 Moses,
1737 4215 2017 4270 admissus

435 4318 544 4376 est,
586 4327 765 4381 neque
805 4312 1106 4382 legislator,
1154 4318 1212 4365 ut
1260 4311 1373 4372 ille,
1424 4309 1548 4377 fuit,
1588 4325 1768 4379 neque
1805 4314 2012 4363 tantam

437 4402 559 4459 iniit
590 4403 843 4473 gratiam,
875 4411 1139 4473 quantam
1196 4402 1311 4456 ille.
1350 4400 1608 4456 Christus
1634 4414 1765 4454 vero
1804 4414 1926 4453 cum
1959 4399 2012 4452 in

439 4472 679 4548 ferendis
708 4472 922 4563 legibus
948 4492 1027 4546 illi
1065 4490 1264 4548 similis
1294 4490 1501 4555 fuerit;
1555 4490 1609 4543 in
1640 4490 1893 4560 reliquis,
1936 4490 2013 4543 uti

439 4578 723 4651 Dominus,
753 4583 1092 4639 antecelluit.
1120 4582 1280 4650 Quod
1316 4590 1498 4637 autem
1529 4581 1675 4636 ﬁlius
1710 4577 1859 4636 Nave
1905 4597 2014 4635 non

439 4678 510 4732 sit
549 4677 641 4731 ille
672 4676 936 4747 propheta
970 4690 1134 4746 quem
1168 4674 1314 4731 Deus
1345 4674 1626 4745 pollicitus
1654 4680 1762 4737 est,
1796 4673 1868 4727 ita
1900 4673 2017 4728 col-

439 4770 577 4840 lige:
619 4768 762 4823 Dixit
801 4765 979 4823 Moses
1026 4767 1095 4822 ad
1138 4767 1397 4837 populum
1437 4767 1491 4821 in
1525 4766 1953 4822 Deuteronomio
1994 4786 2009 4820 :

439 4862 758 4927 Prophetam
788 4875 816 4914 e
845 4858 1104 4929 fratribus
1144 4860 1345 4913 nostris
1374 4858 1656 4915 suscitabit
1693 4858 1789 4912 tibi
1828 4855 2015 4912 Domi-

437 4970 535 5009 nus
565 4952 703 5007 Deus
734 4952 914 5006 tuus".
946 4956 1017 5006 At
1045 4948 1193 5007 ﬁlius
1227 4948 1377 5007 Nave
1423 4954 1598 5007 multo
1621 4963 1748 5007 ante
1773 4968 1869 5023 per
1898 4969 2020 5007 ma-

435 5061 541 5103 nus
576 5046 745 5103 Mosis
786 5060 817 5099 a
847 5043 956 5099 Deo
997 5044 1174 5099 fuerat
1209 5038 1555 5111 declaratus,
1593 5055 1651 5098 ut
1688 5044 1742 5099 in
1772 5044 2018 5101 Levitico

435 5137 694 5207 legimus.
725 5136 881 5191 Alius
911 5150 1041 5205 ergo
1076 5140 1275 5204 praeter
1304 5134 1451 5189 hunc
1478 5144 1598 5189 erat
1633 5132 2013 5192 suscitandas.

434 5229 608 5284 Judaei
645 5244 774 5285 vero
805 5240 927 5299 quae
954 5228 1009 5282 in
1036 5222 1448 5284 Deuteronomii
1482 5228 1589 5283 line
1618 5236 1743 5298 post
1786 5238 2018 5284 mortem

506 5392 528 5423 ⁸
564 5391 719 5447 Deut.
756 5406 915 5459 xvui,
952 5386 1131 5448 56-48.
1206 5393 1228 5424 "
1258 5392 1388 5448 ibid.
1420 5392 1508 5448 15.
1584 5390 1607 5425 ⁸
1641 5392 1795 5449 Deut.
1840 5406 2027 5459 xxxiv,
2062 5394 2148 5448 l0.
2224 5395 2246 5426 ⁹
2280 5393 2482 5450 Ezech.
2516 5408 2601 5459 iit,
2636 5393 2723 5449 i7.

436 5592 636 5662 νομένη
668 5594 784 5645 ἐστὶ
806 5592 1008 5662 ψυχῆς.
1043 5592 1119 5645 De
1159 5589 1821 5662 Arianorumobjectione,
1854 5588 2007 5662 cuius

439 5660 690 5717 initium:
720 5660 916 5717 Amirs‘.
938 5660 1128 5716 vITIUl
1158 5677 1278 5717 ssr.
1311 5661 1389 5715 Ex
1412 5660 1615 5729 quibus
1641 5660 1850 5719 videas,
1875 5660 2005 5725 quid

440 5730 787 5786 sentiendum
826 5732 893 5787 de
927 5733 1211 5801 Lequienii
1263 5742 1519 5792 censura,
1564 5730 1657 5799 qui
1688 5730 1850 5801 paulo
1884 5739 2006 5798 post

442 5803 509 5855 ad
539 5803 573 5856 l.
606 5818 657 5857 c.
688 5799 1033 5859 Damasceni
1060 5818 1182 5873 pag.
1215 5803 1344 5867 426,
1376 5810 1654 5857 auctorem
1688 5799 1855 5868 hujus
1898 5802 2014 5869 epi-

2123 1748 2372 1802 habent:
2420 1745 2542 1801 Non
2598 1746 2829 1798 surrexit
2894 1744 3147 1812 propheta
3193 1745 3249 1796 in
3320 1742 3521 1797 Israele
3558 1746 3706 1799 sicut

2125 1838 2321 1905 Moses,
2351 1854 2504 1908 quem
2534 1838 2677 1891 novit
2713 1835 2967 1889 Dominus
2997 1835 3136 1903 facie
3161 1834 3229 1887 ad
3263 1834 3517 1904 faciem“.
3550 1834 3699 1889 Con-

2123 1940 2442 1987 sentaneum
2474 1930 2691 1999 quidem
2730 1935 2870 1991 erat,
2906 1934 2967 1981 ut
2994 1942 3118 1981 cum
3162 1927 3305 1983 Deus
3349 1926 3485 1983 Mosi
3524 1927 3697 1982 dixis-

2123 2031 2225 2087 set,
2264 2038 2323 2078 se
2353 2021 2673 2091 prophetam
2700 2020 3097 2075 suscitaturum
3133 2018 3237 2083 eis,
3274 2026 3405 2073 tunc
3441 2019 3559 2089 ipse
3593 2018 3707 2071 Mo-

2124 2132 2215 2171 ses
2248 2116 2449 2186 populo
2486 2114 2855 2168 denuntiaret.
2892 2111 2963 2164 At
2996 2127 3121 2165 cum
3156 2108 3209 2165 id
3243 2110 3296 2164 in
3329 2109 3512 2165 lloreb
3539 2127 3701 2164 acce-

2124 2210 2317 2279 pisset,
2342 2216 2533 2277 postea
2576 2206 2632 2259 in
2677 2204 3104 2260 Deuteronomio
3133 2203 3198 2257 ad
3242 2202 3497 2273 populum
3533 2201 3702 2256 relert

2122 2301 2306 2358 dedita
2332 2315 2496 2370 opera
2531 2307 2861 2369 exspectans
2883 2295 3011 2352 Jesu
3045 2295 3139 2349 lilii
3175 2294 3323 2349 Nave
3373 2294 3701 2349 declaratio-

2123 2411 2270 2458 nem,
2312 2408 2380 2448 ne
2411 2393 2556 2447 hunc
2584 2407 2708 2446 esse
2742 2391 3062 2461 prophetam
3108 2388 3260 2443 illum
3310 2387 3543 2442 similem
3596 2388 3711 2442 sibi,

2122 2489 2558 2557 suspicarentur.
2588 2483 2950 2552 Posteaquam
2976 2496 3106 2535 vero
3120 2479 3433 2535 declaratus
3452 2485 3536 2532 est
3553 2476 3702 2532 Nave

2124 2579 2290 2645 ﬁlius,
2349 2584 2465 2630 tum
2528 2575 2748 2631 domum
2806 2572 2939 2627 illud
2978 2572 3181 2642 populo
3231 2571 3477 2641 exponit.
3527 2568 3594 2623 Et
3633 2570 3703 2624 de

2121 2670 2226 2725 hoc
2273 2669 2497 2738 quidem
2562 2666 2851 2721 hactenus.
2900 2664 3037 2718 Cum
3084 2670 3266 2718 autem
3327 2660 3702 2717 innumerabi-

2121 2762 2196 2818 lia
2244 2776 2414 2831 prope
2460 2760 2581 2814 loca
2627 2760 2738 2813 sint
2790 2759 2845 2811 in
2892 2771 3052 2810 sacra
3099 2754 3409 2823 Scriptura,
3463 2767 3587 2822 qua:
3615 2754 3700 2806 vel

2122 2862 2251 2908 ante
2277 2852 2606 2907 denuntiant
2645 2866 2708 2905 ea
2739 2864 2864 2917 qua:
2888 2847 2954 2901 ad
2989 2846 3267 2900 Christum
3294 2843 3585 2913 pertinent,
3620 2844 3703 2896 vel

2123 2944 2372 3001 indicant
2406 2943 2497 2997 illa
2528 2957 2650 3011 quas
2679 2940 2745 2993 ad
2777 2949 3022 2994 sanctam
3064 2942 3317 3006 Spectant
3350 2933 3705 2994 Trinitatem,

2121 3050 2224 3089 nos
2250 3035 2572 3090 omittemus
2595 3032 2789 3095 multa,
2817 3037 2871 3085 et
2908 3044 2974 3084 ea
3002 3028 3281 3098 praecipue
3320 3042 3442 3097 qua:
3464 3026 3557 3081 isti
3586 3040 3704 3079 ma-

2120 3126 2267 3197 ligne
2292 3126 2689 3194 detorquentes
2719 3130 2995 3176 conantur
3027 3120 3189 3174 aliter
3221 3117 3595 3189 interpretari,
3634 3132 3704 3171 ne

2120 3215 2371 3285 improbe
2438 3211 2857 3269 contradicendi
2927 3209 3277 3266 occasionem
3335 3209 3709 3279 praebeamus.

2122 3304 2315 3360 Omnes
2364 3305 2505 3359 enim
2555 3302 2844 3366 Israelita,
2894 3310 2951 3356 ut
3000 3302 3176 3372 inquit
3222 3300 3474 3355 Ezechiel
3494 3301 3538 3365 ’,
3576 3310 3701 3354 sunt

2119 3397 2452 3455 contentiosi,
2479 3405 2529 3448 et
2552 3394 2675 3448 duri
2696 3393 2875 3448 corde.
2926 3392 3107 3446 Pauca
3133 3400 3344 3446 tantum
3377 3407 3551 3462 eaque
3566 3390 3705 3447 adeo

2118 3487 2425 3558 perspicua,
2464 3495 2524 3540 ut
2557 3486 2785 3541 refutari
2826 3492 3124 3555 nequeant,
3153 3498 3544 3554 proponemus,
3580 3499 3704 3552 qua:

2119 3580 2204 3635 vel
2258 3579 2648 3649 persuadeant,
2696 3579 2778 3633 vel
2817 3594 2913 3633 eos
2952 3577 3268 3648 pertinaces
3310 3584 3372 3631 et
3401 3575 3704 3634 obstinatos

2120 3680 2287 3742 atque
2316 3673 2596 3727 dementes
2623 3686 2746 3727 esse
2780 3672 3144 3729 convincam,

2682 3784 2834 3839 Libri
2867 3782 3151 3839 Geueseos.

2189 3901 2260 3955 Et
2290 3901 2427 3955 dixit
2482 3899 2621 3954 Deus
2648 3914 2667 3953 :
2694 3896 2986 3951 Faciamus
3021 3897 3284 3951 hominem
3319 3896 3390 3951 ad
3422 3895 3711 3965 imaginem

2119 4004 2173 4048 et
2220 3991 2627 4046 similitudinem
2704 3998 2943 4043 nostram
2974 3988 3038 4041 ³⁸.
3091 3987 3253 4042 Pater
3303 3987 3566 4042 nimirum
3607 4000 3705 4041 eos

2122 4085 2441 4155 alloquitur,
2490 4082 2585 4152 qui
2644 4095 2711 4135 ex
2766 4080 2941 4149 ipsius
2984 4087 3117 4133 sunt
3168 4080 3431 4142 essentia,
3472 4093 3611 4147 quos
3645 4077 3712 4129 in.

2122 4190 2333 4233 summa
2364 4170 2769 4246 procreationis
2791 4170 2980 4225 mundi
3012 4170 3277 4240 dignitate
3310 4170 3492 4225 socios
3512 4168 3696 4223 habet.

2121 4268 2310 4339 Neque
2340 4282 2472 4321 vero
2505 4264 2791 4319 referenda
2826 4271 2961 4318 sunt
3006 4261 3121 4317 hinc
3152 4260 3222 4315 ad
3256 4260 3464 4316 llehrazi
3495 4275 3707 4315 sermo-

2048 4345 2093 4400 Ῐ)
2123 4359 2210 4414 nis
2241 4357 2651 4428 proprietatem,
2685 4368 2794 4423 qua
2833 4368 3097 4408 numerus
3131 4352 3289 4422 plura
3328 4350 3582 4406 indicans
3600 4365 3719 4420 pro»

2120 4453 2215 4506 illo
2260 4450 2354 4521 qui
2400 4463 2570 4503 unum
2616 4446 2910 4517 signiﬁcat,
2967 4451 3292 4515 usurpatur.
3340 4441 3477 4497 Nam
3516 4442 3564 4496 si
3601 4442 3711 4496 hac

2120 4541 2377 4613 loquendi
2402 4538 2805 4597 consuetudine
2835 4536 2914 4591 uti
2941 4536 3277 4591 voluerimus
3295 4534 3391 4589 ubi
3409 4549 3519 4590 non
3540 4548 3716 4604 opor-

2118 4641 2217 4697 tet,
2246 4630 2574 4687 confusione
2616 4627 2954 4699 replebimus
2984 4626 3455 4681 contradicentes.

2672 4740 2758 4795 Ea:
2780 4741 2961 4795 eodem
2992 4739 3127 4794 libro
3143 4762 3160 4774 ι

2199 4854 2261 4910 Et
2296 4856 2432 4909 dixit
2460 4852 2640 4909 Deus:
2676 4852 2811 4908 Ecce
2840 4853 3011 4907 Adam
3049 4852 3225 4922 factus
3263 4859 3363 4916 est,
3404 4850 3544 4904 sicut
3565 4864 3713 4905 unus

2118 4966 2147 5005 e
2176 4952 2425 5018 nobis“;
2460 4951 2554 5021 qui
2606 4964 2803 5005 sumus
2854 4946 3114 5003 nimirum
3165 4947 3219 5000 in
3261 4961 3371 5001 una
3420 4946 3709 5001 divinitate

2121 5054 2501 5114 personarum.
2564 5042 2681 5098 Hoc
2733 5042 2885 5097 enim
2948 5041 3052 5096 etsi
3096 5055 3221 5094 cum
3274 5040 3452 5095 ironia
3494 5039 3699 5094 dictum

2119 5146 2225 5202 est,
2274 5151 2439 5191 unam
2483 5144 2666 5191 tamen
2727 5134 3001 5189 duntaxat
3046 5147 3342 5204 personam
3392 5132 3705 5204 signiﬁcare

2128 5245 2237 5285 non
2274 5236 2480 5299 potest.

2805 5394 2849 5427 "
2880 5392 3018 5449 Gen.
3055 5408 3096 5457 ι,
3123 5391 3217 5447 26.
3258 5392 3298 5423 "
3325 5388 3465 5446 Gen.
3496 5404 3583 5455 iii,
3609 5388 3701 5441 12.

2115 5590 2269 5642 stola:
2326 5587 2789 5643 Chalcedonensis
2852 5586 3046 5658 synodi
3112 5594 3272 5658 ictate
3337 5581 3699 5658 recentiorem

2113 5660 2428 5722 existimat,
2474 5658 2734 5730 adeoque
2791 5650 3069 5715 immerito
3142 5654 3392 5725 Gregorii
3466 5650 3697 5723 Nysseni

2116 5745 2312 5784 nomen
2351 5729 2630 5799 priel’erre.
