4092 6378
393 283 529 344 ΗΠ

1803 287 2247 377 FRAGMEN'PA.

3530 285 3667 343 IIIS

394 408 556 465 Pater
596 405 857 460 nimirum
889 404 1041 462 misit
1070 406 1296 470 Filium,
1329 414 1383 462 et
1410 408 1624 461 sanavit
1661 407 1986 476 ignorantia:
2016 420 2060 472 Α
2090 410 2316 464 salt-abit
2370 425 2463 461 nos
2490 409 2558 462 ⁸ο.
2608 407 2856 463 Aﬂerens
2899 416 3082 463 autem
3132 405 3352 476 signum
3399 406 3666 461 adventus

395 500 592 554 Inorbo
624 499 962 553 laborantes.
1003 499 1068 551 At
1089 499 1155 552 de
1188 497 1393 568 Spiritu
1426 510 1639 563 sancto,
1669 500 1870 563 Mittes,
1898 502 1980 553 in-

395 594 549 662 quit,
591 592 837 658 spiritum
876 600 1065 656 tuum,
1107 601 1156 645 et
1206 590 1527 644 creabantur
1553 631 1566 654 ,
1613 608 1754 646 nova
1796 594 1981 663 utique

396 687 680 741 creatione
711 703 725 738 :
757 694 805 738 et
830 686 1103 738 renovabis
1130 684 1320 753 faciem
1350 694 1505 741 terrte
1532 686 1598 750 ",
1637 701 1758 756 quae
1789 702 1984 741 conse-

398 777 519 831 nuit
543 776 597 829 in
620 776 887 846 peccatis.
913 774 1101 845 Neque
1122 791 1253 830 vero
1282 778 1565 831 vocalibus
1598 777 1981 833 instrumentis

399 870 746 925 enuntiatum
777 869 883 924 hoc
911 869 1155 925 Verbum
1205 870 1260 922 in
1292 884 1418 922 aera
1454 868 1784 923 diffunditur
1813 880 1979 941 atque

400 962 741 1018 dissolvitur.
798 960 890 1015 Sic
936 961 1082 1016 enim
1128 961 1256 1016 alibi
1300 960 1437 1016 dicit
1480 978 1494 1015 :
1555 960 1619 1016 In
1686 963 1939 1017 steculum
1967 1002 1983 1024 ,

400 1055 659 1120 Domine,
724 1052 953 1109 Verbum
995 1064 1143 1107 tuum
1182 1067 1453 1124 permanet
1489 1056 1544 1108 in
1597 1054 1725 1109 cwlo
1760 1056 1825 1108 ³ο.
1875 1055 1984 1109 Nec

403 1148 644 1219 Spiritus
695 1147 789 1203 ille
834 1147 1083 1216 spirandi
1123 1146 1508 1201 instrumentis
1544 1147 1857 1217 expellitur,
1893 1155 1987 1199 aut

402 1241 682 1311 spargitur
721 1249 778 1295 et
805 1238 1131 1309 dissipatur.
1165 1238 1289 1293 Haec
1320 1239 1464 1293 enim
1496 1238 1827 1308 corporibus
1852 1252 1986 1294 con-

402 1328 644 1397 tingunt.
679 1325 1039 1398 PerSpitzuum
1087 1327 1256 1396 igitur
1289 1335 1393 1391 est,
1422 1324 1688 1389 Verbum,
1717 1337 1770 1381 et
1809 1324 1985 1397 Spiri-

404 1426 521 1471 tqu
578 1418 631 1471 in
675 1433 774 1473 sua
827 1428 1123 1486 utrumque
1160 1418 1428 1473 exsistere
1474 1433 1743 1488 persona,
1772 1426 1826 1472 et
1864 1433 1988 1472 esse

403 1516 691 1574 aeternum,
725 1517 781 1564 et
816 1520 1145 1564 creatorem.
1181 1507 1452 1564 Praeterea
1492 1508 1596 1565 Job
1628 1510 1765 1565 dicit
1797 1529 1809 1564 :
1850 1508 1988 1563 Vivit

408 1601 548 1656 Deus
594 1604 683 1671 qui
700 1603 774 1655 ita
798 1601 1170 1671 mejudicavit,
1194 1610 1245 1655 et
1267 1600 1611 1670 Omnipotens
1636 1602 1726 1665 qui
1744 1617 1989 1654 amaram

406 1692 632 1746 reddidit
657 1695 891 1746 animam
919 1709 1111 1757 meam,
1140 1702 1190 1747 et
1217 1692 1452 1761 Spiritus
1480 1692 1580 1746 Dei
1612 1692 1740 1745 mihi
1763 1693 1815 1745 in
1842 1692 1989 1745 nari-

405 1784 501 1837 bus
531 1785 772 1837 circumit
795 1783 860 1836 ³¹.
899 1783 964 1837 Ει
996 1753 1295 1840 Zacharias
1328 1782 1605 1855 (Aggzeus)
1649 1800 1715 1839 ex
1752 1798 1986 1854 persona
2019 1753 2059 1805 Β

407 1874 501 1928 Dei
539 1883 593 1929 et
624 1873 807 1928 Patris
846 1895 860 1930 :
902 1874 1010 1945 Ego
1038 1876 1331 1939 vobiscum,
1367 1875 1568 1945 inquit,
1600 1892 1739 1939 sum,
1772 1884 1820 1928 et
1861 1873 1987 1927 Ver-

407 1965 528 2017 bum
564 1981 733 2018 meum
758 2006 771 2025 .
808 1976 856 2019 et
898 1964 1129 2033 Spiritus
1160 1983 1305 2020 meus
1337 1966 1400 2018 ³¹.
1441 1965 1505 2020 Et
1536 1964 1740 2029 Isaias,
1792 1962 1949 2017 Nunc
1971 2005 1985 2028 ,

409 2058 611 2129 inquit,
639 2058 896 2113 Dominus
930 2060 1076 2114 misit
1100 2076 1200 2127 me,
1235 2070 1283 2113 et
1309 2058 1543 2126 Spiritus
1573 2058 1709 2128 ejus.

885 2169 969 2225 Ea:
1004 2169 1213 2235 Genesi,
1248 2181 1298 2227 et
1329 2169 1504 2227 Isaia.

482 2285 630 2338 Dixit
672 2282 841 2337 Iacob
890 2282 959 2337 ad
1001 2282 1139 2336 duas
1170 2299 1362 2337 uxores
1391 2298 1561 2337 suas:
1595 2281 1662 2335 Et
1691 2281 1828 2335 dixit
1863 2281 1990 2333 nti/Ii

411 2376 629 2446 angelus
672 2375 766 2429 Dei
796 2377 850 2429 in
884 2378 1085 2429 somnis
1120 2390 1139 2429 :
1183 2374 1304 2428 Vidi
1339 2390 1678 2444 qua’cumque
1722 2374 1845 2443 fecit
1898 2373 1993 2425 tibi

415 2468 606 2522 Laban
630 2468 696 2531 “,
734 2476 790 2523 et
820 2483 941 2538 qua:
971 2477 1303 2538 sequuntur.
1336 2466 1563 2532 Deinde,
1602 2464 1735 2535 Ego,
1772 2465 1991 2534 inquit,

417 2576 536 2612 sum
571 2557 708 2611 Deus
733 2598 748 2621 ,
782 2558 874 2627 qui
902 2558 1126 2626 apparui
1158 2556 1254 2611 tibi
1285 2557 1339 2610 in
1375 2556 1488 2610 loco
1524 2556 1638 2609 Dei.
1675 2556 1732 2609 Si
1764 2557 1993 2625 angelus

412 2659 531 2705 erat
568 2666 714 2707 unus
765 2664 796 2704 e
853 2665 1085 2704 numero
1137 2649 1573 2704 ministrantium
1622 2657 1990 2719 potestatum,

414 2742 692 2812 quomodo
714 2757 773 2797 se
796 2742 978 2811 ipsum
1004 2742 1246 2812 appellat
1263 2741 1431 2796 Deum
1450 2741 1473 2794 ‘l
1494 2740 1576 2794 An
1602 2740 1794 2811 utique
1823 2739 1994 2795 Filius

416 2843 571 2898 erat,
605 2834 699 2904 qui
728 2833 824 2889 Dei
865 2842 921 2889 et
948 2833 1130 2888 Patris
1159 2843 1246 2889 est
1281 2834 1541 2904 angelus,
1572 2833 1680 2887 hoc
1710 2840 1818 2896 est,
1852 2848 1996 2886 nun-

419 2926 550 2987 tius,
592 2934 648 2978 ut
681 2924 880 2978 mentis
906 2924 1068 2978 index
1094 2930 1179 2979 est
1210 2922 1434 2976 verbum
1462 2930 1516 2976 et
1544 2921 1765 2975 sermo?
1797 2920 1996 2975 mentis

426 3018 571 3070 enim
598 3026 649 3069 et
673 3015 841 3069 animi
867 3030 1089 3071 sensum
1120 3014 1343 3068 indicat.
1383 3012 1511 3067 Post
1531 3013 1825 3066 humanam
1848 3012 1995 3066 enim

2081 502 2204 569 ejus
2237 501 2290 555 in
2334 516 2501 553 carne
2542 500 2827 569 subjungit
2860 500 2903 531 “
2941 519 2953 553 :
2994 499 3142 553 Tunc
3176 501 3485 568 aperientur
3524 498 3665 551 oculi

2082 611 2362 658 cwcorum,
2386 602 2433 647 et
2467 608 2622 645 aures
2642 591 2921 646 surdorum
2954 592 3189 644 audient.
3228 590 3373 643 Tunc
3400 590 3576 653 saliet,
3607 600 3664 641 ut

2082 705 2285 752 cervus,
2310 686 2555 748 claudus,
2586 697 2633 739 et
2662 685 2861 738 diserta
2883 685 2982 737 erit
3008 685 3188 753 lingua
3212 684 3505 736 bulborum.
3532 681 3667 747 Qua:

2083 779 2303 849 quidem
2335 779 2521 833 omnia
2556 793 2613 831 re
2637 778 2752 847 ipsa
2777 774 3016 845 perfecta
3043 775 3335 828 humanam
3354 790 3569 829 carnem
3597 774 3669 827 ab

2084 871 2180 924 illo
2198 878 2535 939 assumptam
2575 868 2778 922 indicio
2806 866 3117 921 certissimo
3154 874 3445 920 testantur.
3492 866 3666 921 Idem-

2083 978 2192 1033 que
2227 977 2424 1016 rursus
2459 961 2537 1015 ait
2567 979 2580 1015 :
2618 958 2742 1014 Non
2768 959 2991 1029 legatus,
3022 974 3125 1010 non
3158 957 3400 1027 angelus,
3435 956 3530 1010 sed
3555 958 3665 1025 ipse

2088 1055 2343 1108 Dominus
2377 1054 2602 1107 servavit
2631 1069 2739 1107 eos.
2765 1050 2999 1120 Legatus
3019 1049 3163 1104 enim
3190 1057 3275 1103 est
3299 1050 3665 1110 intercessor,

2086 1146 2267 1216 qualis
2305 1146 2407 1199 l'uit
2434 1144 2635 1211 Moses,
2664 1152 2719 1198 et
2749 1146 2793 1198 si
2825 1144 2954 1214 quis
2983 1143 3126 1198 alius
3158 1150 3282 1212 post
3314 1140 3540 1197 Mosam.
3577 1144 3654 1193 Ac

2088 1254 2185 1309 per
2223 1238 2430 1308 legatos
2461 1237 2681 1307 quidem
2732 1246 2899 1307 atque
2942 1236 3167 1306 angelos
3208 1233 3361 1287 multi
3415 1248 3666 1301 smpenu-

2089 1344 2241 1383 mero
2275 1329 2478 1383 servati
2510 1335 2660 1393 sunt,
2693 1338 2752 1381 ut
2776 1327 2855 1381 illi
2892 1342 3029 1397 quos
3061 1326 3145 1379 vel
3180 1325 3363 1380 Moses
3391 1324 3475 1379 vel
3502 1322 3669 1378 Iesus

2087 1418 2235 1474 Nave
2268 1420 2412 1475 lilius
2434 1459 2449 1483 ,
2484 1428 2537 1473 ct
2569 1418 2660 1473 alii
2692 1416 2966 1488 ejusmodi
3009 1426 3271 1471 rexerunt
3304 1424 3358 1470 et
3394 1416 3669 1487 guberna-

2090 1520 2240 1565 runt.
2282 1509 2346 1565 Et
2380 1511 2472 1580 qui
2522 1508 2744 1563 luerunt
2791 1509 2895 1565 sub
2930 1508 3162 1562 Ezechia
3185 1509 3253 1574 δ’,
3285 1522 3397 1577 quo
3444 1506 3668 1577 quidem

2091 1615 2334 1675 tempore
2360 1605 2587 1673 angelus
2617 1618 2725 1657 una
2752 1611 2912 1657 nocte
2940 1611 3161 1655 centum
3187 1599 3470 1670 octoginta
3503 1599 3665 1669 quin-

2091 1714 2195 1767 que
2240 1697 2409 1751 millia
2458 1696 2808 1766 Assyriorum
2860 1693 3082 1748 delevit.
3136 1691 3261 1745 Hmc
3294 1691 3543 1762 profecto
3580 1691 3673 1745 Dei

2090 1788 2586 1860 peregrinationem
2617 1784 2925 1841 clarissime
2956 1781 3321 1854 patefaciunt.

2798 1915 2981 1972 lsaiw.

2168 2035 2324 2089 Dabit
2352 2033 2606 2087 Dominus
2635 2031 2745 2099 ipse
2765 2030 2909 2085 vobis
2942 2029 3172 2099 signum.
3204 2026 3337 2082 Ecce
3370 2030 3517 2100 virgo
3548 2046 3676 2083 con.

2092 2131 2267 2198 cipiet,
2301 2138 2349 2182 et
2379 2128 2551 2195 pariet
2581 2126 2756 2195 [ilium
2777 2125 2844 2175 ⁸³.
2878 2122 3075 2178 Omnis
3108 2123 3253 2177 enim
3280 2140 3401 2193 qua:
3430 2122 3597 2176 letum
3618 2123 3673 2178 in

2094 2231 2251 2276 utero
2294 2220 2475 2290 gerit,
2520 2234 2630 2271 non
2678 2224 2762 2273 est
2808 2216 2980 2285 virgo.
3033 2213 3159 2269 Haec
3201 2223 3382 2270 autem
3422 2214 3589 2270 letum
3620 2216 3674 2268 in

2095 2325 2250 2370 utero
2281 2327 2480 2384 gerens
2496 2312 2602 2367 erit
2630 2311 2807 2382 virgo.
2839 2309 2995 2376 Quod
3022 2309 3241 2379 quidem
3269 2316 3327 2362 ut
3352 2308 3678 2364 admirabile

2094 2404 2473 2461 testimonium
2503 2411 2671 2473 atque
2700 2401 2965 2457 indicium
2993 2400 3342 2472 proponitur.

2754 2536 3029 2609 Ejusdem.

2164 2657 2454 2725 Antequam
2502 2654 2639 2707 sciat
2682 2668 2813 2720 puer
2862 2654 3055 2707 bonum
3104 2658 3195 2704 aut
3228 2650 3429 2703 malum
3450 2649 3533 2714 “,
3562 2647 3681 2703 dis-

2096 2746 2290 2800 suadet
2314 2724 2525 2798 malitia
2570 2742 2776 2809 eligere
2806 2741 3034 2794 bonum.
3083 2724 3313 2794 Cuinam
3358 2754 3528 2808 puero
3566 2738 3686 2792 haec

2105 2836 2259 2890 dices
2288 2832 2628 2889 convenire?
2666 2832 2832 2887 Solus
2858 2830 3115 2886 Christus
3140 2840 3436 2900 peccatum,
3479 2828 3681 2899 inquit,

2098 2944 2201 2980 non
2226 2926 2369 2994 fecit,
2398 2940 2490 2978 nec
2516 2924 2753 2978 inventus
2776 2930 2853 2975 est
2873 2921 3025 2973 dolus
3053 2921 3107 2973 in
3132 2936 3221 2974 ore
3252 2919 3367 2988 ejus
3386 2919 3463 2984 ";
3493 2918 3544 2971 id
3575 2928 3681 2983 est,

2101 3035 2279 3089 neque
2314 3034 2373 3072 re
2412 3031 2591 3084 neque
2641 3013 2828 3068 verbis
2881 3012 3150 3082 peccavit.
3202 3012 3449 3065 Aliorum
3497 3019 3684 3065 autem

420 3120 643 3159 carnem
686 3110 1030 3174 assumptam
1065 3104 1328 3159 nuntians
1361 3104 1523 3157 ηοὺὶε
1558 3101 1742 3157 Patris
1774 3116 1995 3162 nomen,
2026 3085 2069 3142 ϐ
2103 3085 2348 3169 υηιὶιίυω
2376 3108 2578 3175 nullus,
2616 3108 2817 3179 inquit,
2842 3122 3009 3177 pura;
3035 3123 3068 3159 α
3097 3104 3310 3159 macula
3336 3104 3403 3159 “,

424 3196 725 3260 Nuntiavi,
773 3196 985 3266 inquit,
1027 3211 1215 3249 nomen
1262 3203 1412 3247 tuum
1462 3194 1765 3247 hominibus
1815 3193 1882 3247 ³⁸.
1937 3190 2002 3245 Et

424 3288 601 3357 magni
625 3286 833 3341 consilii
856 3284 1083 3355 Angelus
1110 3292 1340 3339 vocatur
1366 3283 1436 3338 ab
1462 3283 1599 3337 Isaia
1621 3323 1637 3348 ,
1673 3292 1728 3336 et
1776 3298 1999 3352 magnus

423 3377 793 3441 consiliarius,
824 3382 879 3430 et
909 3374 1053 3428 Deus
1082 3373 1263 3443 fortis,
1292 3380 1341 3426 et
1367 3381 1551 3441 potens
1576 3370 1640 3423 ³⁸.
1674 3370 1810 3437 Quis
1836 3385 2003 3438 porro

424 3470 783 3526 consiliarius
838 3466 972 3531 Dei,
1022 3465 1126 3521 nisi
1168 3464 1262 3535 qui
1302 3462 1550 3533 ejusdem
1597 3472 1682 3517 est
1726 3463 2000 3527 essentiae,

426 3561 781 3631 ejusdemque
810 3556 1097 3627 potestatis
1124 3562 1181 3611 et
1208 3554 1497 3625 dignitatis
1528 3554 1758 3624 aequalis
1790 3553 2002 3610 Filius?

428 3652 730 3708 Consilium
764 3649 1128 3717 voluntasque
1172 3644 1352 3701 Patris
1396 3652 1480 3700 est
1529 3644 1812 3700 hominum
1855 3648 2006 3702 salus

431 3761 523 3816 per
548 3743 863 3811 evangelica
888 3740 1163 3794 mandata.
1192 3736 1374 3793 Patris
1401 3752 1530 3792 vero
1551 3745 1604 3791 et
1622 3736 1745 3791 Filii
1773 3739 2007 3793 consilio

431 3837 623 3892 eadem
650 3835 907 3890 voluntas
937 3831 1304 3903 signiﬁcatur.
1333 3829 1493 3897 Quod
1517 3838 1699 3884 autem
1725 3829 1897 3886 Filius
1920 3830 2007 3885 hic

432 3938 487 3983 et
527 3928 670 3982 Deus
694 3939 917 3981 carnem
946 3924 1245 3977 humanam
1281 3921 1557 3983 induerit,
1589 3922 1833 3977 ostendit
1866 3922 2007 3977 idem

435 4021 625 4083 Isaias,
651 4016 813 4082 Puer,
839 4014 1116 4084 inquiens,
1150 4024 1306 4067 natus
1336 4023 1415 4068 est
1449 4014 1599 4067 nobis
1619 4053 1633 4078 ,
1669 4022 1717 4067 et
1745 4013 1891 4081 ﬁlius
1913 4014 2011 4065 da-

436 4125 519 4165 tus
537 4120 613 4165 est
636 4110 785 4164 nobis
809 4109 876 4163 ".
900 4107 1129 4176 Propter
1164 4119 1263 4159 nos
1284 4104 1431 4159 enim
1458 4115 1625 4159 natus
1645 4113 1731 4159 est
1757 4119 1891 4173 puer
1922 4104 2013 4158 ille

436 4201 643 4267 Filius,
677 4210 730 4255 et
768 4200 1057 4255 nobiscum
1088 4206 1342 4252 versatus
1378 4205 1484 4251 est.
1514 4194 1650 4249 Nam
1685 4195 1753 4250 de
1795 4196 1889 4251 illo
1917 4196 2011 4264 qui

445 4309 566 4349 rere
609 4291 782 4346 Filius
826 4299 931 4353 est,
981 4304 1093 4343 non
1141 4296 1323 4341 autem
1355 4284 1424 4340 de
1454 4286 1702 4355 quolibet
1739 4284 1851 4339 lilio
1900 4285 2014 4339 lucc

440 4383 692 4457 praedixit
710 4381 995 4453 propheta.
1018 4379 1080 4433 Et
1108 4394 1248 4448 opus
1271 4380 1376 4433 hoc
1394 4388 1454 4432 ut
1472 4378 1854 4433 admirandum
1877 4391 2015 4445 prae-

440 4480 607 4533 dicat.
641 4475 781 4542 Quid
810 4481 991 4528 autem
1045 4470 1457 4537 admirandum,
1490 4484 1613 4523 eum
1659 4468 1752 4537 qui
1799 4469 2015 4537 simpli-

442 4573 579 4625 citer
626 4568 771 4621 ﬁlius
799 4565 905 4629 sit,
941 4577 1173 4634 puerum
1214 4562 1405 4617 nasci?
1433 4560 1798 4626 Quamobrem
1827 4567 1880 4612 et
1908 4559 2016 4611 cla-

443 4661 587 4714 riora
625 4656 884 4725 deinceps
916 4653 1189 4724 subjecit,
1242 4659 1303 4705 ut
1350 4650 1693 4704 divinitatem
1735 4648 1917 4709 illius,
1965 4657 2021 4701 et

444 4747 805 4804 diﬁ‘erentiam
852 4746 996 4801 inter
1044 4759 1171 4800 eum
1213 4750 1268 4799 et
1292 4742 1537 4811 reliquos
1564 4740 1658 4810 qui
1697 4739 2022 4810 simpliciter

449 4842 541 4895 lilii
572 4848 722 4903 sunt,
750 4836 1044 4892 indicaret.

961 4946 1195 5012 Baruch,
1228 4954 1277 4999 et
1313 4942 1496 5000 Isaiw.

522 5066 627 5121 llic
650 5074 730 5121 est
758 5064 895 5118 Deus
918 5071 1096 5116 noster
1125 5077 1143 5115 :
1173 5069 1223 5113 et
1253 5076 1356 5113 non
1385 5058 1741 5115 (estimabitur
1768 5057 1905 5111 alius
1928 5058 2024 5110 ad-

451 5175 627 5213 versus
665 5172 785 5210 eum
826 5154 891 5207 ³⁸.
928 5151 1135 5225 Deinde
1165 5150 1320 5204 addit
1358 5150 1401 5181 ”
1432 5174 1443 5204 ;
1478 5148 1604 5203 Post
1645 5148 1756 5203 [nec
1786 5150 1839 5201 in
1870 5149 2024 5201 terris

452 5253 595 5303 visus
645 5258 725 5302 est
754 5288 767 5307 .
810 5256 859 5300 et
902 5261 1021 5297 eum
1069 5242 1367 5297 hominibus
1426 5250 1759 5296 conversatus
1813 5251 1910 5293 est.
1961 5239 2029 5292 Et

452 5339 660 5402 Isaias,
692 5336 856 5400 Ecce,
888 5335 1105 5405 inquit,
1141 5332 1283 5387 Deus
1335 5342 1532 5385 noster.
1572 5330 1693 5401 Ipse
1746 5332 1930 5396 veniet,
1978 5339 2026 5385 et

531 5496 577 5526 “
614 5492 763 5547 Psal.
815 5494 933 5553 cn'I,
979 5490 1067 5544 50.
1180 5488 1225 5520 ³⁸
1252 5488 1390 5543 Psal.
1422 5504 1611 5551 cxvnt,
1642 5488 1731 5544 89.

463 5566 507 5597 “
544 5564 679 5617 Cen.
726 5578 876 5615 xm.
928 5561 1086 5614 n45.
1163 5560 1209 5592 "
1234 5558 1394 5613 Joan.
1432 5576 1565 5621 xvn,
1605 5562 1659 5613 6.

467 5650 631 5694 xxxv,
661 5632 714 5686 4.
789 5633 832 5662 δ’
870 5630 1003 5685 ibid.
1030 5630 1155 5696 5-6;
1198 5629 1302 5684 Isa.
1355 5644 1529 5686 LXIII,
1569 5628 1603 5683 9
1632 5629 1787 5696 juxta
1836 5628 1997 5683 LXX.

465 5703 512 5736 "
550 5702 686 5759 ibid.
740 5700 825 5757 I6.
904 5699 991 5752 "I
1028 5698 1134 5755 Pet.
1193 5699 1266 5766 II,
1305 5699 1397 5756 22.
1474 5698 1698 5755 “Prov.
1738 5715 1839 5765 xx,
1880 5700 1931 5753 9.

1826 5489 1868 5521 “
1910 5487 2011 5543 Job
2054 5504 2223 5546 xxvn.
2258 5486 2313 5547 9.,
2366 5487 2421 5541 3.

1738 5558 1903 5611 “Isa.
1931 5559 2081 5611 “.6.
2186 5559 2227 5589 ³τ
2252 5558 2387 5611 Ibid.

1824 5574 1903 5613 sa.
1931 5559 2081 5623 “,6.
2186 5559 2227 5589 ³τ
2252 5559 2387 5611 Ibid.
2490 5559 3007 5619 “Baruehm,56.
3105 5559 3124 5585 ³

1836 5628 1997 5683 LXX.
2104 5630 2147 5659 δ’
2185 5626 2253 5681 IV
2310 5628 2593 5697 Heg.xtx;
2649 5627 2691 5680 Il
2749 5626 3128 5697 Pal-al.quI.

2009 5701 2053 5732 "7
2076 5698 2236 5754 Mich.
2284 5716 2337 5763 v,
2360 5700 2414 5751 ‘3.

2769 3242 2823 3297 Μ
2832 3242 3032 3297 ἱοΙιωαξ.

2178 3360 2247 3416 Et
2278 3372 2335 3415 tu
2360 3359 2645 3422 Bethleem,
2671 3366 2812 3411 terra
2829 3354 2861 3408 J
2871 3353 2999 3419 uda,
3031 3369 3360 3424 nequaquam
3392 3353 3611 3406 minima
3634 3369 3689 3407 es

2108 3458 2160 3510 in
2193 3454 2519 3524 principibus
2540 3449 2707 3504 Iuda.
2736 3447 2820 3502 Ea:
2848 3457 2895 3502 te
2919 3448 3057 3501 enim
3086 3446 3215 3499 mihi
3250 3444 3414 3499 exibit
3440 3444 3572 3508 dux,
3601 3444 3692 3513 qui

2109 3557 2250 3618 regat
2281 3544 2530 3615 populum
2566 3558 2738 3596 meum
2765 3538 3023 3595 Israelem
3052 3539 3120 3593 ⁸⁷.
3170 3536 3373 3591 Verum
3418 3544 3477 3590 ut
3505 3544 3692 3591 osten—

2107 3639 2262 3693 deret
2309 3637 2455 3690 hunc
2504 3648 2614 3688 non
2665 3646 2789 3687 esse
2832 3630 3111 3684 hominem
3153 3626 3363 3682 nudum
3394 3626 3690 3687 etsolum,

2110 3730 2205 3784 sed
2238 3742 2362 3781 cum
2399 3723 2508 3779 Deo
2535 3722 2921 3792 conjunctum,
2972 3716 3177 3789 adjecit
3210 3732 3225 3770 :
3260 3714 3446 3768 Exitus
3474 3714 3587 3784 ejus
3629 3715 3695 3766 ab

2118 3820 2272 3874 initio
2293 3858 2308 3881 ,
2343 3834 2376 3870 a
2409 3816 2594 3869 diebus
2624 3811 2809 3868 saeculi
2830 3810 2895 3864 “.
2925 3810 3188 3864 Actiones
3209 3847 3223 3870 ,
3255 3807 3451 3876 inquit,
3479 3806 3598 3874 ejus
3627 3804 3695 3857 ad

2110 3910 2456 3967 divinitatem
2506 3906 2845 3977 pertinentes
2865 3942 2879 3967 ,
2905 3902 2991 3957 vel
3036 3909 3194 3955 ortus
3221 3899 3343 3969 ejus
3363 3939 3378 3961 ,
3411 3898 3479 3951 ab
3505 3898 3689 3959 initio,

2111 4018 2176 4057 es
2210 3998 2399 4055 saeculi
2440 3996 2760 4059 intervallo,
2787 3994 2892 4047 hoc
2921 4001 3041 4055 est,
3076 3990 3145 4044 ab
3181 3989 3331 4043 omni
3360 3989 3692 4041 aeternitate.

2114 4089 2418 4146 Zorobabel
2452 4096 2634 4141 autem
2669 4084 2946 4155 Babylone
2980 4089 3144 4136 natus
3165 4088 3272 4136 est.
3302 4078 3467 4133 Vides
3499 4078 3695 4147 exqui-

2114 4182 2379 4239 sitissime
2413 4178 2739 4232 subductam
2779 4174 3051 4228 rationem
3088 4170 3155 4226 ad
3183 4171 3366 4226 locum
3404 4186 3604 4240 usque,
3640 4170 3695 4223 in

2114 4288 2224 4342 quo
2252 4278 2417 4325 natus
2451 4276 2537 4323 est
2564 4266 2842 4322 Christus.

2803 4395 3013 4450 Daniel.

2205 4514 2454 4569 Videbam
2496 4513 2551 4565 in
2598 4511 2794 4565 visione
2834 4509 3036 4571 noctis,
3079 4516 3128 4561 et
3168 4522 3283 4560 ecce
3327 4522 3444 4559 cum
3478 4503 3701 4558 nubibus

2127 4608 2243 4663 caeli
2292 4605 2447 4675 quasi
2478 4603 2654 4656 Filius
2699 4601 2927 4653 hominis
2950 4600 3206 4663 veniebat,
3232 4607 3281 4653 et
3316 4597 3387 4651 ad
3418 4597 3705 4666 Antiquam

2127 4700 2331 4752 dierum
2362 4695 2603 4756 accessit,
2635 4703 2683 4746 et
2711 4691 2779 4745 ad
2809 4692 2927 4761 ejus
2953 4699 3287 4757 conspectum
3317 4687 3580 4741 adductus
3603 4696 3703 4747 est,

2129 4801 2177 4842 et
2210 4788 2369 4841 datus
2413 4794 2491 4839 est
2535 4784 2619 4836 illi
2671 4782 2840 4835 honor
2877 4790 2926 4834 et
2968 4780 3249 4848 imperium
3288 4787 3337 4832 et
3376 4792 3626 4848 regnum;
3656 4786 3704 4829 et

2132 4894 2309 4933 omnes
2340 4874 2542 4946 pepuli,
2581 4874 2750 4927 tribus
2772 4915 2787 4937 ,
2820 4873 3016 4941 linguae
3054 4872 3285 4923 serviunt
3328 4868 3429 4923 illi.
3464 4868 3707 4922 Potestas

2128 4969 2244 5037 ejus
2283 4976 2514 5035 potestas
2554 4963 2873 5031 sempiterna
2910 4976 3027 5031 qua:
3088 4977 3190 5013 non
3233 4960 3610 5026 pertransibit,
3660 4971 3706 5013 ct

2134 5074 2351 5128 regnum
2380 5057 2526 5110 illius
2562 5072 2666 5109 non
2693 5062 2953 5107 evertetur
2974 5052 3041 5104 δ’.
3076 5050 3282 5119 Ecquis
3308 5057 3393 5104 est
3425 5052 3513 5103 hic
3548 5052 3708 5119 quasi

2133 5147 2280 5201 ﬁlius
2314 5144 2573 5205 hominis,
2602 5143 2695 5212 qui
2728 5150 3051 5213 potestatem
3083 5140 3281 5209 accipit
3313 5140 3620 5193 absolutam
3658 5143 3711 5194 in

2134 5254 2325 5294 omnes
2346 5253 2408 5291 ac
2438 5235 2863 5305 sempiternam?
2892 5234 3068 5287 Homo
3090 5232 3310 5302 quidem
3338 5232 3564 5286 omnino
3591 5232 3713 5285 nul-

2135 5332 2259 5395 lus,
2304 5328 2399 5385 sed
2448 5329 2566 5399 ipse
2613 5326 2757 5383 Deus
2788 5334 2843 5381 et
2877 5326 3043 5379 homo
3084 5324 3359 5380 Christus.
3402 5324 3480 5381 De
3513 5338 3624 5394 quo
3660 5331 3715 5377 et

2523 5487 2567 5517 ³¹
2608 5486 2741 5555 Agg.
2796 5503 2857 5549 II,
2897 5484 2959 5544 5,
2996 5483 3050 5538 6.
3128 5481 3318 5555 "ﬂlsa.
3348 5496 3565 5555 strui,
3609 5478 3708 5555 _l6.

2490 5557 2533 5587 ⁸⁸
2561 5549 2775 5609 Βεηῖἷριι
2802 5571 2885 5619 III,
2920 5555 3007 5609 56.
3105 5554 3148 5586 ³’
3184 5552 3316 5607 ibid.
3345 5552 3435 5608 58.
3520 5552 3565 5581 ⁸⁸
3606 5549 3711 5606 Isa.

3243 5622 3287 5653 “
3326 5620 3426 5675 lsa.
3464 5636 3563 5685 vn,
3622 5619 3710 5676 η.

2772 5697 2815 5728 ⁸³
2858 5696 2990 5750 Dan.
3034 5710 3150 5759 vn,
3184 5693 3284 5757 I3,
3321 5692 3406 5745 Η.

2186 5559 2227 5589 ³τ
2252 5558 2387 5611 Ibid.

2494 5700 2534 5730 ’⁵⁶⁴
2561 5699 2691 5752 ibid.
