4092 6378
386 293 526 348 1119

1623 299 1679 354 5.
1721 295 2050 354 GBEGOllll
2087 295 2130 350 Ν
2139 294 2385 353 YSSENI

3523 297 3658 352 11ἰο

386 413 554 467 David
587 411 758 470 Deum
799 425 854 470 et
891 413 1109 472 Patrem
1138 417 1219 474 sic
1249 418 1554 488 alloquitur
1583 439 1596 473 :
1627 419 1785 484 Deus,
1812 419 1960 488 judi-
1988 422 2037 481 Α
2062 416 2288 473 Christo
2321 416 2473 471 dices
2515 415 2852 471 convenire?
2885 415 3086 472 Eadem
3131 430 3230 486 per
3261 411 3460 469 Isaiam
3489 414 3560 468 de
3595 433 3657 471 se

383 507 524 557 ciunt
558 515 706 559 tuum
731 504 857 576 Regi
889 507 981 572 da,
1017 519 1065 562 st
1092 509 1368 578 justitiam
1403 519 1549 563 tuam
1583 511 1694 580 [ilio
1721 511 1872 582 Regis
1894 513 1962 568 '°.

380 596 638 652 Christus
671 599 816 652 enim
849 607 904 655 et
933 602 1010 654 uti
1052 602 1193 657 Deus
1222 601 1335 657 Rex
1367 612 1472 666 est,
1503 613 1558 659 et
1591 605 1736 661 Iilius
1777 603 1962 676 Regis.

382 684 447 739 Et
482 689 558 741 uti
593 689 758 745 homo
790 690 970 747 lactus
1000 700 1086 747 est
1120 691 1229 746 Rex
1252 731 1266 753 ,
1299 703 1356 748 et
1383 695 1527 750 lilins
1555 697 1731 766 regis,
1772 713 1968 768 nempe

383 775 629 833 Davidis.
666 778 744 833 Ex
774 797 883 849 quo
913 791 1127 850 postea,
1158 782 1300 837 Data
1334 797 1433 849 est,
1473 786 1677 855 inquit,
1710 788 1842 841 mihi
1865 807 1969 841 om-

383 869 464 922 nis
487 879 719 938 potestas
767 873 822 925 in
865 873 995 926 cwlo
1024 884 1072 926 et
1104 876 1156 928 in
1194 885 1338 929 terra
1377 878 1446 932 “.
1473 878 1554 933 Ad
1587 895 1752 949 quem
1786 879 1965 945 Pater,

384 973 674 1031 postquam
695 1002 709 1024 ,
742 972 799 1017 ut
831 963 1015 1025 homo,
1061 973 1390 1034 potestatem
1422 971 1636 1040 accepit
1658 1011 1673 1035 ,
1706 969 1856 1036 Sede,
1889 972 1971 1025 in—

383 1053 519 1122 quit,
553 1072 586 1107 a
615 1054 818 1109 dextris
841 1058 991 1112 meis.
1023 1057 1173 1111 Dixit
1206 1061 1352 1114 enim
1379 1102 1392 1124 ,
1426 1069 1485 1115 ut
1517 1064 1592 1115 ait
1631 1062 1821 1127 David,
1856 1063 1966 1117 Do-

383 1147 555 1201 minus
587 1147 815 1202 Domino
842 1166 996 1203 meo:
1026 1150 1158 1205 Sede
1190 1170 1222 1205 a
1253 1153 1456 1207 dextris
1490 1157 1618 1208 nteis
1640 1196 1654 1219 ,
1693 1156 1854 1210 donec
1878 1173 1973 1225 po-

383 1254 506 1291 nam
561 1239 802 1295 initnicas
867 1251 984 1296 tuos
1049 1243 1343 1297 scabellum
1397 1244 1590 1314 pedum
1646 1257 1857 1301 tuorum
1899 1250 1969 1304 ⁸³.

384 1331 618 1397 Quinam
656 1343 790 1389 sunt
829 1335 882 1388 hi
917 1336 1030 1391 duo
1076 1336 1291 1393 Domini
1329 1341 1505 1409 ipsius
1551 1340 1811 1406 Davidis,
1864 1346 1970 1398 nisi

387 1425 485 1479 hos
512 1428 894 1482 concesseris?
925 1429 994 1482 At
1019 1445 1143 1484 cum
1181 1430 1417 1487 dixisset
1447 1431 1617 1486 David
1647 1450 1660 1486 :
1690 1433 1852 1493 Deus.
1880 1435 1974 1503 ju-

383 1518 582 1571 dicium
606 1528 754 1573 tuum
786 1520 915 1591 Regi
947 1521 1051 1588 da,
1079 1532 1135 1578 et
1163 1540 1284 1594 quae
1319 1535 1666 1594 sequuntur,
1699 1527 1970 1596 subjecit,

383 1611 641 1680 quoniam
672 1622 795 1666 ante
825 1615 989 1669 solem
1020 1626 1301 1686 permanet
1327 1634 1515 1672 nomen
1539 1619 1656 1687 ejus
1681 1621 1748 1685 ⁸³,
1774 1635 1972 1674 nomen

385 1702 516 1757 illud
543 1704 730 1775 utique
752 1706 898 1776 quod
928 1707 1083 1763 illutn
1110 1709 1302 1776 Deum,
1329 1718 1424 1764 aut
1456 1709 1658 1765 Filium
1685 1711 1824 1782 (Dei)
1851 1727 1973 1767 esse

384 1793 748 1851 demonstrat.
802 1795 1034 1869 Semper
1062 1801 1210 1854 enim
1246 1807 1546 1872 utrumque
1593 1802 1714 1858 fuit.
1769 1802 1972 1873 Ecquis

386 1885 553 1956 igitur
578 1887 851 1956 ejusmodi
885 1887 1021 1955 Rex,
1058 1891 1170 1948 nisi
1207 1891 1342 1948 hic?
1374 1893 1474 1947 Cui
1513 1894 1829 1949 servierunt
1856 1911 1975 1949 om-

386 1993 486 2033 nes
505 1991 715 2049 gentes,
734 1981 840 2037 nisi
864 1980 1116 2040 Christo?
1136 1985 1310 2051 Quem
1335 1985 1443 2040 nisi
1466 1986 1746 2042 Christum
1771 1987 1974 2043 collau-

386 2067 630 2135 darunt,
689 2071 1022 2146 beatumque
1081 2076 1563 2146 praedicaverunt?
1630 2076 1726 2134 Sin
1793 2080 1980 2134 adhuc

386 2159 400 2211 i
411 2176 566 2230 psmn
593 2174 902 2234 exspectas,
927 2167 1112 2237 quoad
1136 2177 1440 2238 praecurrat
1463 2170 1611 2226 Elias
1630 2211 1646 2236 ,
1670 2171 1974 2226 secundum

391 2249 702 2307 Scrvatoris
732 2253 1060 2311 descensum
1085 2270 1401 2328 exspectas,
1422 2273 1547 2314 cum
1581 2260 1759 2316 aderit
1785 2260 1975 2316 mundi

389 2342 534 2397 linis.
567 2342 704 2397 Nam
736 2361 863 2401 cum
894 2346 1004 2402 duo
1043 2348 1156 2404 sint
1187 2349 1394 2404 Christi
1441 2350 1742 2406 descensus
1770 2393 1785 2416 ,
1833 2370 1978 2409 unus

387 2450 510 2488 cttm
535 2437 602 2490 ad
626 2445 878 2492 naturam
900 2439 1196 2494 humanam
1222 2441 1612 2496 assumendam
1639 2444 1811 2508 venit,
1839 2444 1980 2498 alter

386 2538 512 2577 eum
541 2523 720 2579 veniet
743 2525 810 2579 ad
831 2525 1195 2595 judicandum
1217 2529 1406 2584 orbem
1433 2531 1752 2586 universum
1777 2548 1790 2582 :
1825 2533 1978 2601 prior

385 2615 500 2682 jam
551 2614 692 2679 luit,
737 2617 899 2686 cujus
937 2634 1252 2688 praecursor
1315 2629 1582 2692 tanquam
1639 2624 1778 2678 alter
1831 2623 1978 2679 Elias

387 2704 628 2763 Joannes
655 2709 907 2776 exstitit;
962 2712 1235 2780 posterior
1263 2714 1393 2777 erit,
1425 2724 1480 2769 et
1511 2713 1683 2769 Eliam
1716 2723 1978 2786 tanquam

389 2795 621 2851 alterum
642 2795 914 2854 Joannem
939 2800 1164 2856 habebit
1184 2816 1609 2872 praecursorem.
1635 2804 1810 2860 Ambo
1831 2806 1979 2860 enim

389 2897 517 2944 sunt
559 2889 811 2960 ejusdem
851 2889 1132 2960 Spiritus,
1172 2903 1226 2951 et
1272 2893 1524 2964 ejusdem
1576 2897 1769 2966 gratiae
1817 2907 1982 2967 atque

390 2980 640 3047 virtutis,
666 2989 944 3052 quatenus
975 2983 1255 3042 Christum
1295 2995 1666 3056 praecurrunt.

464 3113 677 3169 Uuetus
727 3114 821 3170 ille
859 3124 915 3170 et
966 3113 1198 3170 Messias
1236 3131 1401 3186 quem
1456 3120 1830 3188 exspectatis,
1894 3126 1981 3174 est

391 3219 566 3274 purus
619 3203 807 3268 homo,
867 3220 938 3260 an
988 3204 1216 3261 Deuset
1267 3207 1468 3262 homo?
1517 3207 1654 3262 Nam
1713 3211 1758 3265 si
1809 3226 1981 3279 purus

395 3295 560 3349 homo
587 3302 696 3362 est,
734 3311 842 3350 non
882 3304 967 3351 est
1001 3295 1094 3351 ille
1134 3312 1294 3368 quem
1342 3297 1718 3368 prtedixerunt
1756 3301 1984 3371 prophe-

395 3399 484 3455 tm,
512 3389 605 3458 qui
627 3389 783 3458 signa
814 3389 865 3443 ei
893 3388 1200 3444 divinitatis
1229 3387 1628 3459 adjunxerunt,
1665 3400 1724 3446 ut
1748 3393 1925 3463 ipsum
1951 3412 1982 3450 a

396 3479 554 3544 puris
594 3487 650 3534 et
681 3481 849 3537 meris
899 3479 1218 3537 hominibus
1256 3493 1620 3552 separarent:
1667 3499 1765 3540 vos
1799 3493 1983 3542 autem

399 3585 432 3624 a
463 3570 668 3642 quibus
707 3572 832 3626 aliis
859 3573 1130 3629 didicistis
1160 3579 1321 3629 notas
1353 3581 1407 3629 et
1434 3575 1591 3646 signa
1615 3576 1785 3642 illius,
1815 3595 1981 3648 quem

397 3663 766 3730 exspectatis?
797 3661 893 3718 Sin
925 3663 1068 3718 Deus
1100 3672 1185 3720 est
1214 3673 1270 3719 et
1298 3663 1488 3730 homo,
1521 3681 1705 3723 nonne
1731 3669 1984 3723 animad-

397 3753 638 3819 vertitis,
681 3770 779 3810 vos
813 3755 975 3810 aliam
1018 3757 1328 3813 divinitatis
1364 3773 1655 3826 personam
1695 3761 1986 3816 conﬁteri?

398 3843 586 3914 Neque
619 3846 765 3901 enim
796 3846 993 3903 dicetis
1019 3848 1170 3903 hunc
1203 3865 1327 3905 esse
1360 3851 1598 3906 Patrem.
1629 3851 1787 3921 Nam,
1820 3852 1980 3921 Puer,

401 3945 602 4015 inquit,
626 3956 782 4001 natus
812 3957 891 4002 est
923 3947 1073 4002 nobis
1089 3948 1159 4016 ",
1199 3947 1398 4016 Filius,
1435 3963 1544 4004 non
1585 3959 1770 4006 autem
1797 3950 1981 4008 Pater.

395 4033 516 4090 Jam
574 4036 825 4102 Messias,
877 4045 933 4093 et
984 4037 1282 4104 Christus,
1324 4048 1382 4094 et
1433 4048 1634 4096 unctus
1682 4041 1826 4097 idem
1875 4051 1981 4099 esu

400 4173 413 4184 .
434 4128 709 4198 ntelligite,
739 4130 1046 4199 insipientes
1071 4131 1126 4185 iu
1150 4131 1365 4202 populo,
1398 4140 1448 4187 et
1482 4131 1657 4196 stulti,
1693 4133 1982 4203 aliquando

408 4221 580 4288 sapite
605 4221 673 4272 ⁵⁸.
712 4220 775 4274 Ει
808 4220 981 4278 Isaias
1010 4239 1113 4279 vos
1142 4225 1464 4294 alloquitur,
1503 4223 1667 4289 Cteci,
1703 4225 1980 4294 inquiens,

397 4311 661 4375 inspicite,
693 4322 740 4366 et
774 4313 946 4379 surdi,
975 4315 1157 4370 audite
1178 4316 1247 4370 “.
1284 4316 1512 4372 Ultrone
1546 4316 1678 4370 eieci
1715 4317 1872 4379 estis,
1912 4332 1982 4371 an

397 4399 626 4452 omnino
661 4401 918 4456 sensibus
957 4403 1204 4459 caretis?
1243 4403 1541 4475 Eequando
1591 4406 1758 4475 igitur
1802 4409 1983 4461 nomi-

396 4504 529 4543 num
579 4491 990 4561 ambiguitates,
1041 4503 1138 4549 aut
1177 4497 1468 4551 verborum
1519 4496 1977 4566 signiﬁcationes,

397 4587 492 4632 aut
548 4579 852 4635 dictionum
914 4582 1284 4650 proprietates
1334 4583 1716 4652 distinguetis,
1775 4584 1980 4653 quibus

397 4671 605 4726 veritas
640 4671 1172 4742 comprehenditur?

709 4821 787 4877 De
811 4821 1011 4877 Christi
1043 4822 1365 4878 cruciatibus
1393 4832 1444 4877 et
1475 4832 1664 4878 morte.

471 4953 641 5011 David
669 4972 736 5012 ex
765 4969 1000 5028 persona
1025 4957 1253 5024 Christi,
1291 4958 1612 5024 Concilium,
1636 4959 1836 5030 inquit,
1865 4973 1982 5012 ma-

401 5047 718 5116 lignantium
766 5047 971 5103 obsedit
1017 5065 1118 5103 me.
1159 5047 1431 5104 Foderunt
1492 5067 1684 5106 manus
1732 5067 1896 5115 meas,
1934 5060 1984 5103 et

397 5138 552 5207 pedes
585 5155 748 5205 meos,
790 5140 1253 5196 dinumeraverunt
1286 5145 1467 5197 omnia
1513 5160 1636 5197 ossa
1671 5159 1807 5198 mea.
1840 5141 1986 5197 Divi—

400 5242 580 5284 seruut
621 5231 724 5286 sibi
768 5234 1073 5288 uestimenta
1115 5251 1250 5301 mea,
1291 5245 1341 5290 et
1382 5249 1540 5303 super
1583 5243 1774 5288 uestem
1815 5251 1985 5288 meam

400 5323 658 5376 miserunt
699 5333 892 5378 sortem
915 5326 985 5379 ³⁷.
1037 5325 1162 5382 Haec
1206 5342 1330 5382 eum
1367 5327 1475 5380 illis
1510 5341 1634 5396 quae
1681 5335 1983 5381 narrantur

401 5412 457 5467 in
493 5413 805 5485 Evangeliis
835 5416 994 5486 plane
1025 5417 1409 5488 congruentia,
1473 5418 1693 5472 cuinam
1728 5417 1843 5482 alii,
1873 5417 1978 5473 nisi

471 5592 519 5623 ⁵⁸
562 5586 707 5645 Psal.
750 5607 899 5657 uxr,
931 5593 986 5646 ‘2.
1061 5595 1104 5626 ⁸¹
1135 5593 1326 5649 Matth.
1363 5611 1554 5660 xxvttt,
1597 5596 1682 5651 18.
1760 5598 1803 5628 ⁵³
1841 5597 1986 5651 Psal.
2014 5611 2127 5657 εις,
2165 5595 2218 5648 1.
2294 5595 2342 5627 ⁸⁸
2385 5593 2386 5647 Ῑ

471 5679 559 5719 .ιιι.
591 5663 643 5717 8.
718 5663 765 5695 ⁵⁸⁸
795 5661 898 5717 lsa.
931 5681 1061 5719 XLII.
1097 5666 1183 5719 18.
1293 5666 1338 5696 ³⁷
1362 5665 1508 5719 Psal.
1551 5683 1662 5719 xst.
1699 5667 1790 5719 17.
1833 5666 1915 5719 18.
2015 5667 2062 5698 ⁵⁸
2095 5667 2196 5719 lsa.
2247 5682 2297 5719 ι..
2353 5665 2386 5718 6

2117 5682 2196 5720 sa.
2247 5682 2297 5727 ι..
2353 5682 2405 5718 o.

406 5677 559 5724 XCIII,
591 5663 643 5717 8.
718 5663 765 5695 ⁵⁸⁸
795 5661 898 5717 lsa.
931 5681 1061 5728 XLII,
1097 5666 1183 5719 18.

1293 5666 1338 5696 ³⁷
1362 5665 1508 5721 Psal.
1551 5683 1662 5729 XXI,
1699 5667 1790 5731 17,
1833 5666 1915 5720 18.

408 5732 452 5763 ⁸³
485 5732 619 5789 ibid.
674 5735 728 5791 5.

808 5736 852 5768 θ’
895 5735 1030 5791 ibid.
1064 5735 1117 5791 9.
1194 5735 1238 5769 ⁸³
1281 5735 1426 5792 Psal.
1460 5753 1549 5803 xv,
1581 5738 1666 5805 10,
1705 5739 1789 5792 lt.

1854 5737 1913 5814 _“
1957 5737 2097 5794 Osee
2135 5752 2206 5803 VI,
2245 5737 2296 5791 5.

2069 511 2321 580 prtedixit
2373 510 2629 565 Christus
2676 508 2956 564 :Dorsum
3012 527 3186 563 nteant
3239 509 3656 576 percutientibus

2066 604 2292 670 prtebui,
2341 619 2501 673 genas
2548 600 2880 662 vellentibus,
2937 612 2987 654 et
3027 600 3224 670 [aciem
3271 601 3336 653 ab
3368 600 3660 669 ignominia

2069 697 2466 764 conspuentium
2496 712 2600 749 non
2643 694 2807 748 averti
2833 694 2898 746 ³⁸.
2936 692 2999 747 Et
3036 707 3258 748 rursum
3311 691 3521 746 David:
3559 691 3661 745 De-

2069 787 2279 850 derunt,
2321 789 2522 857 inquit,
2571 788 2625 840 in
2667 802 2844 840 escam
2894 788 3063 840 meam
3093 786 3185 854 fel,
3224 795 3274 839 et
3314 786 3366 839 in
3411 787 3502 840 siti
3545 803 3658 839 mea

2069 889 2384 946 potaverunt
2423 896 2502 933 me
2545 889 2689 932 aceto
2711 879 2778 931 ".
2810 877 2967 945 Quod
3013 879 3060 934 si
3117 880 3233 934 haec
3268 878 3541 949 intelliges
3592 880 3658 931 de

2073 972 2276 1041 populo
2306 971 2361 1024 in
2392 970 2716 1039 captivitate
2740 969 3071 1035 constituto,
3108 984 3233 1022 cum
3260 975 3479 1021 constet
3509 982 3656 1030 eum,

2074 1064 2199 1118 licet
2235 1061 2342 1116 alia
2381 1061 2553 1114 multa
2592 1061 2900 1130 pertulerit,
2950 1059 3270 1130 huiusmodi
3314 1069 3496 1112 tamen
3549 1072 3654 1111 non

2075 1155 2247 1210 fuisse
2297 1154 2964 1223 perpessumzsententia
3001 1163 3096 1207 tua
3141 1153 3302 1208 facile
3352 1151 3652 1208 refelletur.

2075 1247 2301 1300 Mortem
2348 1246 2524 1316 ipsius
2567 1245 2824 1315 praedixit
2856 1244 3050 1309 Isaias,
3084 1255 3142 1298 ut
3173 1246 3312 1306 ovis,
3369 1245 3654 1314 inquit-ns,

2075 1338 2143 1391 ad
2187 1339 2501 1392 occisionem
2545 1337 2734 1390 ductus
2771 1346 2850 1390 est
2893 1338 2959 1392 '°.
3016 1335 3217 1392 Verum
3264 1345 3321 1388 III
3357 1351 3657 1406 cognosrc-

2076 1443 2164 1484 res
2191 1445 2311 1484 eam
2349 1428 2510 1482 nobis
2558 1428 2726 1482 fuisse
2765 1429 3088 1493 salutarem,
3125 1443 3324 1482 rursus
3355 1427 3524 1489 idem,
3568 1424 3660 1478 Li-

2076 1536 2217 1581 uore,
2256 1520 2456 1588 inquit,
2511 1520 2625 1588 ejus
2665 1520 2845 1573 sanati
2875 1535 3053 1573 omnes
3079 1536 3262 1573 sumus
3287 1520 3353 1572 ⁶¹.
3397 1516 3466 1572 Ut
3495 1517 3662 1571 intel-

2079 1616 2274 1683 ligercs
2308 1621 2488 1668 autem
2524 1613 2594 1667 ob
2618 1613 2740 1681 ejus
2775 1623 3007 1667 mortem
3037 1610 3353 1666 Judzeorum
3391 1627 3566 1679 genus
3594 1610 3660 1663 ad

2078 1706 2304 1760 exitium
2352 1707 2689 1774 pervenisse,
2738 1705 2996 1774 subjecit,
3041 1703 3107 1758 Et
3147 1704 3285 1758 dabo
3339 1704 3529 1772 impios
3567 1720 3662 1772 pro

2082 1796 2196 1864 ejtts
2247 1796 2523 1862 sepultura
2541 1797 2608 1851 θ’.
2650 1795 2794 1862 Quid
2828 1797 2976 1850 enim
2999 1795 3325 1867 .JtltilﬂOl'lIlII
3385 1796 3664 1866 impietate

2086 1887 2433 1958 ﬂagitiosius,
2477 1889 2570 1957 qui
2610 1904 2736 1942 eum
2785 1905 2814 1941 a
2856 1905 2966 1956 quo
3009 1896 3119 1943 tam
3175 1888 3347 1942 multa
3395 1888 3662 1943 benelici't

2087 1989 2432 2049 acceperant,
2465 1978 2926 2034 interfecerunt?

2505 2136 2582 2191 De
2611 2136 2811 2191 Christi
2840 2139 3242 2192 resurrectione.

2157 2267 2281 2324 Non
2327 2269 2612 2337 relinques,
2666 2271 2846 2340 inquit
2895 2270 3088 2334 David,
3135 2273 3366 2325 animam
3403 2291 3571 2326 meam
3613 2276 3666 2328 in

2086 2359 2326 2428 inferno,
2372 2376 2464 2414 nec
2496 2361 2647 2415 dabis
2680 2372 2921 2416 sanctum
2967 2373 3113 2415 tuum
3155 2365 3330 2418 videre
3369 2368 3666 2434 corruptis-

2085 2467 2200 2504 nem
2223 2451 2289 2517 “,
2345 2467 2564 2521 nempe,
2612 2453 2886 2520 corporis.
2939 2453 3166 2519 Deinde,
3224 2453 3418 2519 Notos,
3464 2457 3670 2525 inquit,

2085 2544 2257 2612 fecisti
2290 2545 2422 2597 mihi
2450 2544 2560 2598 dies
2604 2547 2741 2598 vim.
2775 2543 2947 2600 Oseas
2992 2546 3166 2599 multo
3201 2547 3408 2602 clarius
3438 2566 3451 2601 :
3485 2549 3551 2602 Et
3582 2568 3668 2602 sa-

2086 2635 2232 2688 nabit
2276 2653 2370 2689 nos
2397 2646 2514 2704 post
2556 2636 2689 2696 dies,
2720 2637 2772 2689 in
2807 2635 2892 2689 die
2932 2636 3110 2700 tertia,
3145 2645 3195 2689 et
3228 2653 3581 2706 resurgemus,
3616 2649 3666 2690 et

2086 2727 2312 2780 vivemus
2342 2729 2394 2780 in
2428 2735 2705 2796 conspectu
2735 2728 2849 2793 ejus
2869 2727 2934 2783 ⁸⁸.
2972 2726 3096 2781 llaec
3128 2736 3311 2782 autem
3355 2729 3498 2782 dicta
3535 2739 3667 2782 sunt

2086 2833 2152 2873 ex
2179 2833 2414 2888 persona
2447 2833 2638 2873 eorum
2669 2818 2759 2888 qui
2792 2818 3154 2884 dormierunt,
3181 2834 3414 2888 quormn
3434 2834 3672 2889 corpora

2087 2924 2213 2963 cum
2252 2910 2475 2964 Christo
2521 2919 2886 2964 surrexerunt
2930 2911 3092 2964 tertio
3130 2909 3221 2964 die
3249 2926 3359 2980 quo
3407 2926 3670 2966 surrexe-

2091 2999 2162 3050 rit
2206 2998 2366 3067 ipse,
2423 3007 2473 3052 et
2528 3007 2890 3066 apparuerunt
2932 2999 3136 3064 multis,
3203 3009 3264 3052 ut
3312 2999 3671 3068 Evangelii".

2011 3115 2056 3174 ρ
2091 3088 2252 3144 docet
2269 3090 2338 3142 “.
2365 3089 2508 3155 Quin
2539 3089 2705 3144 etiam
2735 3087 3009 3159 Iosephus
3039 3089 3299 3147 Hebraeus
3349 3095 3402 3147 in
3442 3109 3571 3147 xvm
3605 3095 3674 3148 li-

2089 3181 2188 3235 bro
2223 3179 2298 3235 De
2342 3183 2658 3253 antiquitate
2693 3181 3007 3237 Juda'orum
3053 3183 3123 3239 de
3170 3184 3394 3240 Christo
3430 3185 3672 3257 loquitur

2089 3271 2155 3326 ad
2201 3271 2348 3327 hunc
2397 3275 2614 3327 modum
2645 3292 2657 3328 :
2690 3273 2817 3328 Fuit
2871 3275 3051 3329 eodem
3091 3285 3319 3345 tempore
3359 3275 3540 3342 Iesus,
3590 3281 3673 3334 uir

2087 3365 2316 3432 sapiens,
2346 3366 2394 3419 si
2423 3375 2597 3420 tamen
2623 3383 2742 3421 eum
2776 3367 3044 3437 appellare
3072 3370 3241 3423 virum
3284 3370 3369 3439 fas
3399 3380 3498 3425 est.
3535 3371 3672 3425 Erat

2085 3457 2224 3508 enim
2263 3457 2591 3510 mirabilium
2643 3474 2859 3524 operum
2903 3461 3138 3530 effector,
3176 3471 3226 3515 et
3277 3461 3463 3516 doctor
3500 3463 3671 3516 homi-

2086 3563 2212 3600 num
2241 3548 2330 3616 qui
2353 3564 2471 3601 cum
2500 3549 2769 3618 voluptate
2792 3567 2910 3621 qute
2931 3568 3051 3606 vera
3080 3561 3225 3615 sunt,
3255 3553 3666 3622 amplectuntur.

2085 3636 2162 3689 Ac
2189 3636 2384 3690 multos
2413 3637 2622 3706 quidem
2651 3647 2763 3692 tum
2787 3655 2853 3694 ea:
2882 3637 3116 3705 Judwis,
3153 3651 3264 3694 tum
3289 3656 3353 3694 ea:
3380 3641 3504 3695 aliis
3538 3659 3667 3712 gen-

2086 3727 2226 3780 tibus
2259 3727 2508 3797 adjunxit
2534 3730 2653 3784 sibi.
2687 3730 2790 3784 llic
2822 3740 2940 3785 erat
2969 3730 3236 3788 Christus.
3271 3733 3439 3799 Quem
3473 3745 3670 3789 nostrae

2084 3819 2252 3890 gentis
2276 3820 2605 3889 principibus
2646 3825 3022 3878 accusantibus
3071 3843 3104 3878 α
3144 3825 3320 3879 Pilato
3353 3826 3668 3881 damnatum

2085 3909 2231 3962 cruci
2281 3909 2557 3978 afﬁxerunt
2607 3909 2807 3965 Juda'i.
2859 3911 2969 3966 Nec
3012 3921 3186 3966 tamen
3234 3913 3326 3982 qui
3370 3929 3489 3967 eum
3522 3916 3670 3983 prius

2083 3999 2404 4064 dilexerant,
2444 4001 2746 4055 doctrinam
2776 4004 2942 4070 ipsius
2971 4005 3306 4075 promulgare
3331 4006 3666 4061 destiterunt.

2087 4091 2264 4145 Tertio
2297 4107 2521 4160 namque
2544 4101 2662 4161 post
2699 4091 2782 4146 die
2815 4109 2869 4146 se
2901 4109 3091 4148 rursus
3118 4095 3370 4148 viventem
3405 4095 3516 4150 illis
3543 4112 3673 4148 con-

2085 4185 2413 4254 spiciendum
2465 4184 2726 4252 prazbuit,
2777 4201 2897 4238 cum
2929 4193 2978 4239 et
3023 4184 3134 4239 hate
3188 4194 3238 4239 ct
3297 4187 3409 4239 alia
3453 4186 3518 4240 de
3555 4186 3669 4254 ipso

2085 4275 2493 4330 innumerabilia
2531 4274 2696 4328 diuini
2725 4273 2990 4344 prophetat
3025 4275 3418 4344 prwdixissent.

2506 4388 2584 4442 De
2621 4388 2863 4444 Ecclesia
2893 4405 2958 4444 ea:
2986 4391 3252 4460 gentibus.

2157 4499 2387 4565 Lwtare,
2443 4500 2698 4566 solitudo,
2737 4501 2942 4555 sitiens.
3011 4499 3260 4554 Exsultat
3315 4499 3570 4564 solitudo,
3621 4508 3672 4552 et

2087 4593 2276 4662 ﬂoreat
2306 4594 2460 4662 quasi
2491 4594 2685 4648 lilium.
2731 4592 2795 4645 Et
2823 4594 2942 4647 loca
2971 4591 3179 4646 deserta
3199 4591 3459 4646 Iordanis
3491 4591 3674 4646 exsul-

2091 4684 2302 4749 tabunt,
2346 4693 2396 4738 et
2433 4683 2607 4754 gloria
2635 4681 2827 4736 Libani
2855 4683 2986 4736 data
3033 4691 3108 4738 est
3135 4683 3206 4747 ei,
3254 4691 3304 4736 et
3337 4681 3505 4736 honor
3531 4679 3674 4736 Car-

2091 4775 2214 4828 meli
2232 4776 2300 4829 5‘.
2331 4773 2455 4829 llaac
2487 4790 2652 4830 sensu
2683 4773 2906 4844 quidem
2937 4789 3041 4829 nec
3073 4773 3218 4828 facta
3251 4782 3378 4831 sunt
3406 4789 3671 4844 unquam,

2093 4881 2270 4934 neque
2301 4867 2448 4920 lient.
2486 4866 2622 4931 Quis
2643 4866 2791 4920 enim
2827 4865 3182 4922 solitudinem
3222 4879 3276 4921 et
3299 4866 3419 4921 loca
3456 4865 3672 4922 deserta

2091 4957 2294 5028 deligat
2331 4957 2397 5010 ad
2444 4956 2824 5022 habitandum,
2860 4957 2968 5012 nisi
2998 4957 3138 5012 forte
3181 4956 3528 5012 Christianos
3557 4970 3674 5010 mo-

2091 5049 2298 5103 nachos
2340 5046 2583 5102 dixeris?
2628 5047 2840 5116 Spiritu
2879 5053 3062 5103 autem
3105 5049 3270 5118 plane
3299 5035 3669 5117 contigerunt.

2090 5139 2226 5194 Nam
2255 5139 2496 5211 gentium
2528 5137 2775 5193 Ecclesia
2815 5139 2999 5194 nullos
3043 5146 3202 5192 antea
3255 5136 3473 5192 fruetus
3501 5136 3676 5191 feren-

2086 5233 2225 5286 tium
2263 5239 2384 5286 erat
2415 5229 2666 5300 quaedam
2713 5229 2880 5283 veluti
2923 5229 3190 5297 solitudo,
3247 5228 3304 5282 in
3351 5242 3460 5299 qua
3505 5226 3674 5297 dege-

2081 5323 2217 5377 bant
2256 5321 2513 5376 vitiorum
2567 5319 2716 5375 ferae.
2764 5318 2893 5374 llaec
2943 5317 3038 5373 Dei
3093 5317 3468 5389 cognitionem
3523 5319 3675 5372 salu-

2080 5427 2297 5485 temque
2343 5412 2544 5468 sitiens
2581 5413 2803 5467 laztatur
2856 5418 2912 5466 et
2949 5410 3188 5466 exsultat
3232 5416 3288 5464 et
3319 5408 3502 5473 ﬂoret,
3558 5409 3675 5464 lru~

2294 5595 2342 5627 ⁸⁸
2385 5591 2528 5648 Psal.
2565 5608 2714 5655 uxr,
2745 5591 2836 5644 17.
2959 5590 3007 5620 ⁸⁸
3034 5587 3134 5644 lsa.
3165 5603 3242 5650 Ix,
3281 5588 3336 5641 ti.
3447 5587 3492 5624 ⁸⁸
3525 5585 3670 5642 Psal.

2353 5665 2405 5708 11-
2509 5665 2555 5700 ⁸⁸
2605 5661 2748 5708 Psal.
2790 5675 2979 5708 LXVIII.
3021 5661 3112 5708 22.
3218 5660 3263 5689 ⁸⁸
3304 5658 3410 5708 lsa.
3456 5672 3576 5708 LIII.
3617 5656 3669 5708 7.

2373 5665 2405 5718 ἰ.
2509 5665 2555 5700 ⁸⁸
2603 5661 2748 5716 Psal.
2789 5675 2979 5724 vatn,
3021 5661 3112 5714 22.
3218 5660 3263 5689 ⁸⁸
3304 5658 3410 5711 lsa.
3456 5672 3576 5716 LIII,
3617 5658 3669 5712 7.

2373 5735 2416 5766 ⁸⁵
2446 5732 2635 5789 Matth.
2669 5747 2841 5800 xxvn,
2876 5730 2964 5786 55.
3042 5732 3087 5762 ⁵⁸
3117 5731 3225 5786 lsa.
3251 5744 3418 5788 xxxii.
3455 5727 3505 5779 1.
3538 5725 3597 5781 2.
