4092 6378
441 367 574 419 “‘2!

1857 366 2302 423 FRAGMENTA.

3565 368 3701 424 H22

436 495 625 540 ctuum
668 485 1078 555 pulchritudine
1127 495 1181 540 et
1237 489 1505 542 suaiitate
1550 487 1826 542 decorata.
1878 487 2013 541 Data
2047 488 2380 547 Alei-etuias
2435 488 2561 542 item
2613 488 2992 558 pronuntiavit
3038 486 3126 543 his.
3170 487 3354 544 verbis
3384 507 3397 544 ;
3430 485 3564 541 Ecce
3612 504 3702 542 oe-

437 584 616 631 autem
650 589 735 632 est
785 577 864 631 illi
901 578 1077 646 gloria
1129 577 1344 638 Libani,
1383 577 1487 632 hoc
1529 589 1632 640 est,
1667 578 1875 648 antiqui
1914 593 2012 647 po-

437 668 548 736 puli
581 683 743 736 quem
781 675 837 721 et
877 666 1189 722 Carmelnm
1220 679 1400 733 vocat,
1429 669 1514 722 ctti
1543 669 1716 738 gloria
1752 677 1806 723 et
1837 668 2012 722 honor

434 769 518 813 est
553 761 751 830 pietas,
790 761 984 830 religio
1017 769 1071 815 et
1107 761 1351 813 amicitia
1383 758 1499 823 Dei,
1541 773 1590 814 et
1628 759 1816 830 gloriae
1853 759 2013 830 legis-

433 867 541 920 que
600 851 946 916 sublimitas,
1003 860 1059 905 et
1126 850 1440 905 divinorum
1514 866 1800 905 munerum
1859 851 2014 918 copia

435 951 600 1012 atque
643 945 944 1012 gratiarum
994 942 1351 997 abundantia.
1386 943 1450 996 Et
1489 959 1708 997 rursum
1743 961 1755 998 :
1785 941 2013 1004 Ltetare,

436 1035 657 1101 sterilis,
689 1052 806 1103 qua:
836 1053 940 1088 non
971 1035 1141 1102 paris,
1171 1051 1384 1104 erumpe
1428 1046 1476 1089 et
1515 1036 1716 1095 clama,
1761 1050 1877 1104 qute
1912 1049 2016 1086 non

435 1129 692 1196 parturis,
738 1129 986 1197 quoniam
1038 1127 1194 1180 multi
1243 1137 1365 1181 sunt
1417 1127 1518 1196 ﬁlii
1562 1128 1727 1196 magis
1773 1127 2014 1188 desertae,

435 1234 598 1287 quant
632 1217 872 1270 habentis
921 1218 1091 1270 uirum
1117 1217 1185 1270 ⁸⁷.
1224 1216 1441 1270 Sterilis
1477 1217 1624 1271 enim
1671 1225 1789 1269 erat
1831 1215 2018 1268 Eccle-

439 1309 519 1361 sia
564 1322 726 1376 quam
757 1308 1131 1368 ostendimus,
1161 1322 1269 1360 nec
1302 1305 1444 1358 ullos
1497 1313 1628 1358 ante
1670 1303 1879 1358 ferebat
1908 1303 2020 1357 vir-

437 1409 610 1451 tutum
649 1397 883 1454 fructus.
927 1397 1285 1460 Postautem,
1323 1397 1580 1464 pietatem
1611 1404 1664 1448 et
1699 1395 2018 1463 religionem

437 1491 705 1560 amplexa,
741 1491 1038 1544 multorum
1065 1489 1208 1543 facta
1233 1497 1319 1542 est
1345 1489 1580 1542 ﬁliorum
1611 1496 1804 1553 mater,
1829 1485 2021 1540 Judai-

435 1598 668 1652 eamque
700 1597 1037 1652 synagogam
1072 1581 1234 1649 cujus
1271 1588 1430 1632 antea
1465 1579 1550 1633 vir
1577 1586 1694 1631 erat
1725 1577 1890 1639 Deus,
1927 1577 2018 1644 qui

435 1689 554 1725 eam
599 1672 858 1742 diligebat
895 1679 950 1726 et
996 1671 1336 1741 providentia
1392 1685 1489 1724 sua
1531 1668 1750 1723 fovebat
1792 1683 1855 1722 ac
1903 1678 2021 1721 tue-

439 1765 623 1830 batur,
656 1766 740 1818 vel
777 1765 940 1819 etiam
974 1765 1078 1826 lex,
1112 1765 1246 1817 vicit
1271 1762 1628 1819 fecunditate.
1681 1760 1924 1816 Rursum
1955 1777 2019 1816 ex

439 1871 671 1926 persona
717 1857 811 1912 Dei
852 1866 906 1912 et
947 1857 1129 1911 Patris
1173 1854 1369 1909 Filium
1403 1863 1457 1910 et
1510 1854 1681 1908 Deum
1733 1854 2020 1923 alloquens

440 1953 524 2004 sic
567 1950 645 2004 ait
696 1947 870 2005 Isaias
905 1969 916 2004 :
950 1948 1084 2002 Ecce
1127 1949 1246 2001 dedi
1280 1958 1329 2002 te
1366 1949 1420 2001 in
1461 1947 1631 2016 {trdus
1662 1947 1916 2017 gentium,
1963 1955 2022 1998 ut

443 2053 637 2095 terram
683 2042 1000 2106 constituas,
1057 2039 1361 2093 solitudinis
1422 2039 1682 2106 suscipias
1736 2036 2022 2090 lta'redita-

441 2149 543 2186 tem
567 2133 633 2196 '“,
669 2141 724 2186 et
753 2148 872 2202 qum
899 2139 1225 2201 sequuntur.
1255 2129 1409 2196 Quod
1438 2130 1602 2183 etiam
1641 2144 1736 2198 per
1761 2127 2020 2181 Davidem

441 2223 580 2278 Filio
611 2224 886 2294 pollicitus
916 2231 1022 2284 est,
1066 2221 1130 2275 Et
1153 2221 1313 2286 dabo,
1345 2220 1623 2289 inquiens,
1656 2228 1831 2288 gentes
1859 2218 2025 2270 Ita're-

437 2319 660 2370 ditatem
707 2315 938 2370 tuam”.
975 2316 1053 2369 Ac
1096 2316 1212 2383 ipse
1241 2313 1464 2383 quidem
1496 2311 1671 2366 David
1703 2310 1918 2364 Patrem
1956 2311 2020 2364 ad

443 2413 546 2463 hoc
577 2409 918 2472 hortabatur,
947 2406 1240 2470 Constitue,
1275 2406 1554 2476 inquiens,
1580 2403 1830 2468 Domine,
1868 2403 2025 2472 legis-

445 2504 667 2555 laturem
707 2517 862 2569 super
899 2515 986 2554 eos
1022 2501 1093 2552 "°.
1144 2500 1211 2552 At
1247 2497 1414 2553 Isaias
1453 2513 1518 2552 ex
1556 2497 1719 2565 hujus
1748 2496 2026 2566 legislatu—

441 2597 518 2648 ris
551 2609 782 2664 persona
811 2637 825 2660 ,
858 2591 991 2656 Lex,
1027 2592 1229 2661 inquit,
1258 2590 1556 2660 egredietur
1591 2606 1623 2642 a
1657 2604 1737 2641 me
1771 2588 1824 2640 in
1857 2586 2025 2639 lucem

439 2688 690 2755 gentium,
716 2686 841 2740 etin
875 2684 1090 2737 brachio
1120 2701 1232 2739 meo
1266 2693 1444 2754 gentes
1471 2681 1752 2751 sperabunt
1771 2681 1836 2732 τι.
1867 2681 2027 2744 Quae-

443 2791 566 2830 nam
593 2779 698 2831 alia
733 2789 816 2831 est
851 2777 959 2839 lex,
994 2786 1190 2845 praeter
1215 2774 1592 2843 evangelieam
1615 2812 1630 2837 ,
1666 2787 1788 2840 quae
1835 2779 2025 2840 gentes

444 2868 498 2920 in
540 2867 861 2936 ignorantia:
887 2866 1128 2920 tenebris
1169 2865 1493 2918 aberrantes
1523 2860 1861 2915 illustravit?
1888 2857 2023 2911 Nam

447 2958 527 3010 les
559 2958 778 3025 quidem
805 2955 1047 3008 Mosaiea
1070 2954 1263 3007 multis
1291 2952 1403 3022 jam
1433 2953 1592 3005 annis
1624 2956 2022 3005 antecesserat.

443 3045 562 3098 iam
593 3046 660 3099 de
699 3060 842 3098 novo
884 3043 1162 3111 Evangelii
1204 3048 1536 3095 testamento
1583 3053 1806 3093 rursum
1854 3037 2025 3092 Isaias

441 3147 568 3190 ante
607 3136 823 3188 loeutus
850 3146 935 3188 est
967 3155 978 3189 :
1008 3133 1090 3186 Ea:
1121 3132 1274 3196 Sion,
1319 3132 1598 3200 inquiens.
1627 3129 1790 3184 exibit
1835 3129 1941 3191 lex,
1975 3138 2024 3181 et

441 3242 612 3279 sermo
647 3226 861 3279 Domini
900 3240 964 3278 ex
1003 3223 1394 3277 Jerusalem".
1430 3222 1714 3291 Siquidem
1752 3220 2020 3274 Dominus

445 3324 628 3372 noster
663 3316 1100 3372 .Iesus’C'hristus
1140 3328 1288 3367 nunc
1323 3313 1379 3367 in
1414 3323 1597 3366 monte
1649 3311 1783 3364 Sion
1826 3310 2022 3365 sedens

439 3417 497 3462 et
538 3407 764 3471 docens,
801 3422 949 3462 nunc
979 3407 1034 3461 in
1066 3404 1290 3461 civitate
1317 3403 1623 3460 Jerusalem
1657 3415 1908 3463 versans,
1954 3400 2024 3454 le-

441 3516 562 3571 gem
624 3509 678 3555 et
727 3500 1036 3553 doctrinam
1091 3497 1463 3566 evangelieam
1523 3493 1769 3547 tradidit.
1837 3491 2025 3562 Neque

443 3591 590 3645 ('IIIm
617 3591 684 3646 de
720 3591 954 3645 Mosaica
987 3591 1104 3660 lege
1151 3587 1415 3658 propheta
1446 3601 1592 3641 nunc
1620 3584 1888 3650 loquitur.
1919 3582 2023 3648 Qui

445 3684 589 3737 enim
627 3683 683 3737 id
718 3682 835 3737 ﬁeri
882 3680 1087 3752 queat?
1125 3695 1252 3735 eum
1304 3694 1368 3734 ea
1424 3695 1533 3734 non
1571 3679 1626 3732 in
1658 3678 1788 3731 Sion
1841 3691 1940 3730 nec
1971 3676 2024 3728 in

442 3776 770 3842 Jerusalem,
817 3778 910 3830 sed
949 3777 1002 3828 in
1057 3781 1240 3828 monte
1286 3773 1416 3825 Sina
1469 3771 1633 3825 fuerit
1674 3771 1810 3833 lata,
1855 3769 2027 3822 multo

447 3876 739 3938 antequam
767 3875 932 3920 natus
962 3877 1107 3921 esset
1141 3863 1309 3919 Isaias
1329 3906 1344 3929 ,
1371 3863 1830 3933 quemadmodum
1862 3876 2028 3914 evan-

448 3961 619 4028 gelica
659 3959 832 4013 multo
859 3967 984 4028 post
1029 3958 1206 4026 ipsum
1254 3955 1450 4010 Isaiam
1505 3964 1748 4023 tempore
1781 3951 2027 4020 promul-

447 4063 569 4120 gata
603 4051 743 4107 fuit?
767 4051 1109 4121 Quapropter
1150 4050 1398 4118 apposite
1426 4047 1587 4111 dixit,
1645 4044 1845 4098 Exibit.
1878 4044 2028 4109 Quo-

448 4146 593 4197 niam
627 4145 850 4214 antiqua
891 4144 975 4197 lex
1005 4142 1118 4212 jam
1167 4143 1401 4196 exierat.
1446 4138 1560 4193 lloc
1591 4144 1769 4190 autem
1813 4143 2028 4202 tempus

2114 581 2266 633 niunt
2319 579 2454 645 dies,
2493 581 2621 632 dicit
2670 578 2946 640 Dominus,
2991 589 3040 634 et
3075 580 3265 648 feriant
3307 580 3570 634 vobiscum
3607 581 3704 650 fa:-

2114 671 2214 725 dns
2259 688 2468 733 norunt,
2519 688 2622 724 non
2664 670 2950 724 secundum
2992 671 3127 724 illud
3177 672 3346 740 [trdus
3393 673 3530 742 quod
3574 672 3703 725 iniri

2116 781 2232 816 cum
2274 763 2514 833 patribus
2544 764 2752 828 vestris,
2787 779 2890 832 qua
2921 762 3006 816 die
3038 779 3256 816 manum
3299 780 3481 818 eorum
3514 780 3704 833 appre-

2116 855 2272 907 hendi
2319 865 2374 906 ut
2410 852 2684 908 educerent
2731 870 2819 908 eos
2867 854 2931 907 de
2978 863 3121 907 terra
3162 852 3419 924 Egypti;
3451 857 3703 924 quoniam

2118 946 2202 998 illi
2246 945 2415 1004 [asilus
2464 962 2632 999 meum
2688 963 2793 999 non
2843 945 3215 1010 observarunt,
3271 954 3320 998 et
3364 963 3457 1017 ego
3499 948 3702 1016 neglexi

2115 1055 2204 1091 eos
2225 1038 2292 1092 ⁷³.
2327 1035 2452 1096 IIth
2483 1047 2536 1090 et
2579 1038 2664 1091 his
2697 1037 2902 1091 similia
2950 1039 3186 1091 obscure
3217 1037 3418 1091 tradita
3455 1051 3604 1098 sunt.
3636 1056 3705 1093 ne

2118 1127 2436 1182 delerentur
2467 1128 2616 1181 libri.
2651 1125 2785 1180 Nam
2827 1127 2921 1196 qui
2958 1126 3237 1180 Christum
3271 1135 3619 1196 prtesentem,
3649 1138 3706 1184 et

2119 1236 2210 1274 res
2243 1219 2600 1273 admirabiles
2640 1219 2983 1280 ellicientem,
3017 1226 3073 1273 et
3113 1218 3423 1273 certissima
3453 1220 3706 1274 divinita-

2122 1315 2192 1368 tis
2233 1327 2348 1367 sua:
2387 1311 2709 1365 all‘erentem
2739 1310 2943 1364 indicia
2984 1317 3315 1365 contuentes
3354 1324 3465 1377 non
3518 1326 3706 1366 susce-

2123 1414 2342 1474 perunt,
2387 1406 2480 1458 sed
2522 1413 2756 1473 egerunt
2813 1403 2867 1456 in
2919 1417 3137 1458 crucem
3165 1445 3181 1468 ,
3216 1402 3273 1456 hi
3316 1403 3530 1458 scilicet
3574 1419 3704 1472 pro-

2123 1497 2327 1567 plietiis
2374 1497 2751 1565 pepercissent
2802 1495 2868 1548 de
2920 1495 3041 1564 ipso
3085 1495 3462 1562 loquentibus.
3517 1497 3563 1551 si
3609 1513 3706 1552 cas

2126 1588 2274 1640 nti-lla
2310 1595 2596 1640 contectus
2649 1586 2867 1650 umbra,
2905 1585 2999 1640 sed
3033 1593 3252 1654 apertas
3300 1600 3365 1640 ac
3396 1587 3572 1642 nudas
3614 1603 3706 1642 ac-

2122 1679 2421 1747 Cupissem.

2193 1768 2312 1822 Jam
2343 1783 2471 1822 vero
2498 1783 2595 1821 nos
2625 1768 2826 1822 Christi
2853 1769 3074 1823 nomine
3108 1771 3438 1839 appellatum
3469 1770 3532 1824 iri
3569 1785 3706 1840 pne-

2125 1859 2258 1913 dixit
2288 1858 2479 1918 Isaias.
2531 1858 2650 1924 l’os,
2686 1860 2964 1929 inquiens,
3013 1862 3159 1915 tollet
3196 1872 3483 1930 erertetque
3520 1861 3705 1915 Domi-

2124 1967 2244 2004 nus.
2299 1949 2420 2004 ]llis
2462 1961 2637 2004 autent
2692 1954 2781 2020 qui
2817 1953 3040 2006 servient
3093 1955 3241 2016 mitti,
3291 1970 3480 2007 novum
3520 1968 3707 2006 nomen

2124 2044 2390 2108 imponet,
2452 2041 2589 2111 quod
2650 2042 2704 2094 in
2755 2043 3000 2095 universa
3068 2054 3214 2096 terra
3270 2041 3703 2096 celebrabitur".

2123 2131 2380 2203 Idemque
2427 2150 2642 2196 rursus,
2699 2133 2982 2196 Videbunt,
3021 2135 3221 2203 inquit,
3257 2145 3434 2204 gentes
3478 2135 3706 2203 gloriam

2126 2237 2292 2287 ruant,
2330 2237 2377 2278 et
2420 2241 2596 2278 omnes
2626 2241 2770 2295 reges
2789 2224 3084 2293 justitiam.
3129 2223 3198 2277 Et
3228 2223 3498 2278 vocabitur
3520 2240 3706 2278 nomen

2120 2333 2335 2379 norum,
2391 2317 2530 2386 quod
2596 2318 2705 2380 ipse
2771 2315 3029 2370 Dominus
3075 2315 3439 2385 pronuntiabit
3461 2317 3529 2370 ⁷⁸.
3591 2314 3708 2369 Hoc

2123 2408 2295 2464 Osi-as
2331 2411 2462 2463 item
2495 2410 2767 2479 praulixit,
2812 2409 2878 2462 Et
2902 2412 3025 2476 erit,
3069 2410 3348 2480 inquiens,
3398 2412 3450 2463 in
3480 2411 3706 2464 novissi-

2125 2499 2223 2548 mis
2280 2499 2597 2564 temporibus
2659 2515 2847 2552 nomen
2900 2499 3015 2568 ejus
3069 2500 3274 2553 illustre
3334 2502 3388 2553 in
3453 2502 3698 2554 universa

2127 2599 2288 2643 terra.
2338 2588 2405 2642 Et
2443 2590 2654 2642 nomine
2685 2590 2832 2643 illius
2865 2591 3020 2643 multi
3048 2592 3229 2658 populi
3275 2590 3705 2658 appellabuntur.

2127 2679 2193 2732 Et
2228 2682 2372 2732 ibunt
2405 2682 2460 2734 in
2498 2683 2595 2735 viis
2625 2681 2760 2750 ejus,
2789 2691 2837 2734 et
2870 2683 3033 2736 virent
3061 2684 3117 2735 in
3152 2684 3280 2750 ipsis
3305 2684 3373 2736 ".

2774 2769 3049 2838 Ejusdem.

2199 2859 2264 2912 Et
2298 2862 2351 2913 in
2402 2870 2451 2914 te
2509 2861 2886 2928 precabantur.
2931 2863 3199 2926 Quoniam
3253 2863 3307 2916 in
3354 2871 3403 2916 te
3448 2862 3709 2917 Dominus

2125 2959 2222 3003 est.
2269 2949 2334 3002 Et
2383 2969 2486 3004 non
2523 2963 2601 3005 est
2645 2952 2788 3006 Deus
2839 2964 3033 3020 prtrter
3076 2963 3143 3006 te.
3188 2952 3257 3005 Et
3314 2970 3418 3007 non
3467 2956 3712 3023 cognovi-

2127 3060 2243 3095 mus
2263 3044 2328 3095 ⁷⁷.
2361 3042 2498 3096 Illud
2531 3054 2580 3096 et
2617 3045 2975 3112 precabantur
3007 3045 3058 3098 in
3097 3057 3165 3106 te,
3197 3045 3582 3115 praesigniﬁeat
3614 3061 3710 3101 eos

2053 3163 2095 3220 ο
2131 3135 2223 3203 qui
2278 3135 2635 3189 crediderunt
2683 3135 2739 3188 in
2781 3135 3082 3190 Christum.
3139 3135 3273 3190 Illud
3319 3147 3528 3198 autem,
3565 3137 3712 3201 Quo-

2131 3226 2274 3278 niam
2322 3225 2457 3277 inte
2507 3224 2647 3277 Deus
2671 3234 2770 3289 est,
2817 3225 2870 3276 in
2914 3241 3082 3279 carne
3115 3236 3397 3295 assumpta
3441 3241 3712 3296 praemon-

2130 3323 2269 3368 strat
2291 3315 2655 3369 divinitatem.
2684 3316 2753 3367 At
2787 3315 2944 3378 illttd,
2981 3315 3059 3369 Tu
3088 3319 3223 3370 enim
3255 3334 3308 3371 es
3339 3317 3495 3382 Deus,
3527 3327 3575 3371 et
3609 3333 3713 3372 non

2130 3406 2500 3475 cognovimus,
2567 3407 2982 3461 excusationem
3036 3409 3240 3462 indit-at
3286 3409 3599 3464 Iudaeorum
3655 3410 3714 3466 itt

2128 3497 2340 3568 judicio
2372 3496 2578 3561 futuro,
2614 3513 2738 3567 qua:
2770 3500 2935 3552 stulta
2969 3511 3136 3570 atque
3164 3501 3347 3556 inanis
3373 3501 3498 3556 erit.

2203 3585 2260 3640 Si
2302 3585 2562 3640 Christus
2613 3587 2878 3656 itnpostor
2915 3587 3037 3649 fuit,
3083 3590 3360 3658 quomodo
3408 3605 3531 3660 quae
3570 3606 3714 3661 pra!-

2133 3680 2292 3742 dixit,
2341 3687 2538 3734 eventu
2573 3681 2928 3749 comprobata
2983 3690 3111 3736 sunt
3139 3684 3374 3737 omnia?
3415 3683 3563 3739 Utea
3594 3701 3715 3754 quie

2133 3769 2200 3822 ad
2251 3769 2434 3838 templi
2481 3770 2936 3834 destructionem,
2972 3787 3095 3840 qua:
3140 3773 3205 3826 ad
3247 3775 3524 3828 civitatem
3562 3773 3717 3829 Jero—

2136 3859 2470 3928 solytnorunt
2505 3861 2922 3928 expugnandam
2958 3863 3416 3932 evertendamque
3439 3873 3492 3919 et
3522 3865 3589 3918 ad
3631 3865 3717 3918 itt-

2135 3947 2506 4001 ternecionem
2531 3945 2866 4012 Iudaeorum,
2892 3965 3122 4018 quazque
3146 3952 3212 4004 ad
3237 3953 3538 4023 discipulos
3559 3969 3716 4018 suos,

2135 4050 2189 4094 et
2225 4040 2292 4093 ad
2343 4055 2431 4095 res
2482 4041 2835 4094 admirandas
2870 4059 3008 4110 quas
3047 4044 3099 4095 in
3155 4046 3376 4100 nomine
3412 4062 3514 4101 suo
3557 4053 3717 4102 erant

2139 4134 2365 4193 lat-turi,
2401 4133 2730 4202 pertinentia
2761 4135 3195 4203 praenuntiavit?

1706 4272 1854 4326 Idem
1882 4273 1964 4325 tit.
1995 4271 2051 4336 9,
2094 4287 2214 4340 pag.
2253 4268 2320 4322 30
2348 4284 2455 4337 seq.

1020 4417 1105 4471 Ea:
1141 4419 1276 4471 libro
1304 4416 1393 4484 qui
1428 4415 1711 4468 Caesonio
1741 4410 1933 4482 Nyssa:
1965 4409 2206 4481 ponti/iri
2237 4406 2545 4469 acet-ibitur,
2580 4404 2655 4459 De
2687 4407 3004 4476 cognitione
3037 4407 3149 4462 Dei.

526 4555 593 4610 Et
623 4559 864 4619 teneone,
894 4554 1071 4624 inquit
1102 4553 1302 4617 Moses,
1332 4565 1484 4610 erant
1519 4571 1674 4623 super
1695 4552 2026 4624 abyssum".
2067 4555 2106 4608 Ι)
2139 4551 2455 4609 struuntur,
2502 4545 2724 4598 evenire
2779 4546 3089 4602 consuevit.
3150 4549 3219 4601 At
3278 4549 3472 4608 harum
3517 4554 3718 4611 divisio

457 4648 534 4703 Ex
585 4663 694 4717 quo
743 4647 1016 4701 malitiose
1060 4647 1149 4700 isti
1199 4647 1597 4701 ratiocinantes
1643 4646 1834 4700 dicunt
1884 4654 2035 4698 tene-

457 4741 586 4794 bras
607 4738 798 4802 fuisse,
829 4754 1062 4808 quarum
1090 4739 1334 4793 ell‘ectrix
1361 4755 1523 4793 causa
1551 4740 1624 4793 sit
1645 4740 1844 4792 malum
1877 4739 2032 4808 prin-

449 4832 682 4900 ripium.
721 4829 947 4895 Deinde,
983 4833 1052 4884 Et
1072 4831 1251 4884 divisit
1277 4831 1417 4886 Deus
1452 4834 1588 4886 inter
1623 4833 1794 4886 lucem
1820 4843 1883 4885 et.
1900 4841 2036 4885 tene-

457 4922 579 4975 bras
601 4923 666 4974 ⁷⁸.
721 4921 778 4974 Si
819 4922 911 4974 lux
955 4930 1060 4985 est,
1099 4933 1152 4975 et
1185 4925 1426 4978 tenebrat
1469 4933 1619 4987 sunt,
1662 4938 1802 4994 quas
1845 4939 1875 4977 a
1911 4924 2032 4977 luce

457 5013 738 5081 sejunctas
787 5012 1068 5081 intelligis.
1129 5011 1254 5066 Haec
1294 5013 1624 5069 teuebricosi
1674 5013 1789 5078 isti,
1824 5014 1917 5084 qui
1975 5013 2029 5066 in

459 5105 576 5160 '.uce
609 5103 931 5157 caactitiunl.
976 5102 1088 5158 Nos
1135 5112 1318 5158 autem
1351 5105 1588 5161 dicimus
1627 5105 1884 5160 tenebras
1919 5121 2028 5158 non

456 5211 576 5250 esse
625 5203 874 5248 naturam
915 5195 1105 5256 ullam,
1157 5196 1251 5249 sed
1285 5197 1568 5260 accidens,
1617 5205 1670 5251 et
1707 5197 1841 5250 nihil
1885 5198 2030 5250 aliud

459 5282 564 5335 nisi
589 5283 728 5337 lucis
758 5283 1087 5336 absentiam.
1121 5283 1331 5338 Etenim
1359 5301 1484 5339 eum
1521 5288 1722 5341 cmlum
1757 5287 1914 5340 initio
1949 5289 2034 5340 in-

385 5411 390 5415 .
460 5375 770 5426 volveretur
803 5389 992 5428 eorum
1022 5390 1143 5443 qua:
1170 5375 1377 5429 circum
1418 5386 1575 5430 erant
1607 5378 1846 5446 objectu,
1884 5387 2035 5433 tene-

460 5458 570 5512 brae
603 5461 956 5516 exstiterunt.
997 5462 1150 5528 Quod
1183 5463 1347 5517 etiam
1397 5479 1548 5517 nunc
1585 5464 1638 5517 in
1690 5465 1757 5518 iis
1785 5480 1911 5535 qua:
1941 5466 2041 5520 ob-

531 5641 573 5670 ⁶⁷
604 5641 709 5693 lsa.
744 5655 853 5704 Liv,
884 5643 934 5695 I.
1041 5642 1090 5673 "‘
1119 5645 1221 5698 lsa.
1264 5658 1388 5705 th,
1437 5645 1488 5697 6.

463 5709 508 5740 "
537 5709 734 5762 .lercm.
768 5727 915 5771 xxxi,
961 5713 1050 5771 51,
1088 5714 1174 5766 3'2.

463 5793 586 5841 XLV,
626 5779 708 5841 Η,
740 5781 826 5832 lii.
904 5782 946 5811 7“
972 5782 1106 5836 Gen.
1137 5799 1173 5850 t,
1222 5784 1276 5838 ἓ.

1603 5644 1646 5675 ⁶⁹
1682 5643 1826 5698 Psal.
1868 5663 1927 5711 tt,
1961 5648 2013 5701 8.

1340 5786 1381 5818 ⁷⁸
1412 5787 1544 5839 ibid.
1579 5785 1630 5838 4.
1699 5787 1704 5792 ’

2117 5647 2165 5678 ⁷ο
2215 5645 2357 5701 Psal.
2401 5665 2480 5707 ηε.
2525 5651 2616 5704 Ἡ.

1252 5717 1295 5744 ⁷⁸
1339 5715 1438 5766 lsa.
1482 5729 1607 5772 MV.
1649 5716 1734 5780 l5,
1779 5717 1860 5780 l6,
1920 5735 2030 5771 sec.
2073 5715 2235 5770 LXX.
2275 5720 2318 5749 ⁷⁸
2351 5719 2452 5776 Isa.
2494 5735 2627 5785 uti,
2657 5722 2714 5778 2.

2141 4643 2225 4690 est
2267 4634 2504 4703 spatium
2559 4634 2713 4699 illud,
2753 4637 2898 4705 quod
2936 4636 3077 4692 lucis
3113 4639 3362 4695 absentia
3397 4643 3714 4701 demetitur.

2137 4728 2268 4794 Qtue
2315 4728 2536 4798 quidem
2567 4728 2710 4784 lucis
2757 4732 3005 4785 absentia
3040 4740 3093 4786 et
3127 4735 3358 4802 privatio
3383 4750 3468 4792 est
3503 4739 3722 4795 habitus

2135 4819 2542 4889 quodammodo
2576 4831 2630 4873 et
2671 4822 2910 4875 essentia
2960 4824 3330 4880 tenebrarum.
3379 4825 3718 4898 Principium

2136 4919 2319 4966 autem
2360 4913 2564 4965 malum
2610 4929 2718 4966 non
2762 4923 2867 4969 est.
2909 4914 3044 4969 Nam
3082 4919 3127 4971 si
3161 4917 3302 4973 Deus
3341 4930 3447 4984 est,
3489 4939 3598 4976 non
3631 4934 3718 4979 est

2135 5003 2364 5067 malum,
2391 5003 2502 5056 hoc
2537 5011 2643 5066 est,
2676 5004 2818 5060 Deus
2851 5008 3031 5060 malus
3057 5023 3164 5061 non
3193 5019 3295 5064 est.
3329 5009 3465 5065 Nam
3501 5013 3544 5068 si
3577 5014 3719 5070 Deus

2136 5103 2242 5157 est,
2297 5111 2406 5149 non
2447 5103 2530 5148 est
2569 5099 2767 5158 malus,
2817 5113 2943 5151 cum
3002 5099 3264 5152 bonitatis
3305 5104 3376 5157 sit
3420 5103 3545 5160 fons
3582 5125 3594 5160 :
3631 5108 3719 5162 sin

2138 5193 2336 5254 malus,
2384 5207 2493 5246 non
2525 5203 2613 5248 est
2659 5193 2817 5248 Deus.
2857 5195 3147 5260 Quomodo
3184 5199 3331 5252 enim
3381 5199 3524 5257 Deus
3562 5205 3720 5258 mali-

2139 5283 2234 5345 tia,
2281 5291 2376 5336 aut
2416 5292 2697 5352 peccatqu
2745 5300 2868 5339 esse
2922 5289 3139 5356 potest?
3187 5287 3319 5354 Qure
3374 5292 3617 5362 quidem,
3673 5296 3720 5350 si

2143 5373 2289 5428 Deus
2323 5383 2427 5439 est,
2461 5378 2642 5428 onmia
2675 5387 2908 5446 pereunt
2947 5387 3000 5433 et
3028 5387 3373 5438 evertuntur.

2715 5652 2758 5682 '“
2800 5651 2904 5706 lsa.
2957 5666 3030 5715 LI,
3084 5651 3136 5712 4,
3174 5653 3226 5705 ες.
3329 5654 3375 5683 τ’
3420 5651 3523 5705 lsa.
3570 5665 3630 5711 ll,
3665 5651 3718 5707 5.

2797 5727 2842 5761 ⁷⁸
2874 5725 3013 5778 Osee
3047 5741 3080 5784 I,
3133 5737 3190 5784 ιι,
3236 5724 3460 5792 passim.
3539 5721 3580 5752 ⁷⁷
3611 5721 3722 5778 Isti.
