4092 6378
405 336 544 394 “‘23

1020 453 1332 512 Excudent.

469 567 720 634 Quonam
740 575 901 638 pacto
923 567 1034 624 duo
1057 576 1285 639 possunt
1311 581 1435 621 esse
1457 564 1745 636 principia,
1770 565 1971 619 bonum

401 673 596 723 unum,
651 659 884 712 alterum
933 657 1172 712 malum?
1224 656 1430 710 Bonum
1482 655 1627 709 enim
1672 662 1728 709 et
1769 655 1970 706 malum

398 749 685 802 contraria
725 757 876 811 sunt,
925 764 1094 818 seque
1126 749 1366 806 vicissim
1398 747 1742 810 interimunt,
1786 754 1841 799 et
1875 760 1971 799 ne-

400 850 608 911 queunt
649 843 809 897 simul
844 844 1168 897 consistere.
1207 841 1396 907 Quare
1428 849 1522 896 aut
1565 840 1622 894 in
1667 847 1822 909 parte
1851 839 1973 892 uni-

403 932 688 987 versitatis
722 933 955 988 alterum
995 931 1124 996 erit,
1155 939 1210 985 et
1252 932 1322 986 ab
1358 945 1421 986 ea
1456 928 1972 992 circumscribatur,

401 1031 499 1076 aut
553 1038 676 1078 sese
720 1025 1042 1093 contingent
1083 1031 1384 1091 mutuoque
1427 1028 1785 1092 corrumpent
1812 1061 1828 1086 ,
1878 1027 1972 1073 aut

401 1113 544 1168 inter
579 1115 669 1166 illa
707 1113 944 1169 medium
974 1113 1194 1182 aliquod
1224 1113 1548 1177 intercedet,
1577 1120 1746 1181 atque
1769 1111 1844 1167 ita
1865 1111 1971 1164 tria

396 1208 510 1274 jam
564 1216 730 1260 erunt
769 1206 1062 1276 principia.
1109 1205 1378 1260 Praeterea
1429 1213 1522 1258 aut
1550 1220 1683 1274 pace
1723 1212 1970 1264 utentur,

399 1297 544 1365 quod
604 1297 805 1350 nmium
860 1313 968 1350 non
1034 1303 1372 1366 potestzaut
1425 1296 1763 1366 pugnabunt,
1825 1293 1972 1364 quod

400 1387 602 1440 bomnn
637 1395 874 1442 recusat.
911 1387 1042 1441 Nam
1075 1388 1206 1441 illud
1246 1388 1464 1457 quidem
1516 1387 1564 1440 si
1597 1394 1784 1441 utatur
1815 1399 1967 1454 pace,

400 1493 507 1529 non
534 1479 640 1529 erit
682 1477 1300 1544 bonum.Quamobrem
1346 1493 1453 1530 non
1501 1485 1630 1532 sunt
1672 1476 1780 1531 duo
1815 1476 1968 1546 priu-

397 1568 561 1634 cipia,
593 1568 892 1635 praesertim
919 1569 1059 1620 inter
1091 1581 1148 1620 se
1171 1567 1448 1620 contraria
1481 1573 1535 1620 et
1557 1566 1965 1628 inimicissima,

399 1658 494 1709 sed
549 1673 739 1720 unum,
789 1657 952 1726 idque
997 1656 1221 1710 bonum.
1281 1656 1481 1710 Malum
1538 1659 1685 1713 enim
1733 1674 1844 1714 non
1885 1668 1971 1714 est

398 1750 752 1820 principium,
784 1751 880 1806 sed
911 1752 1148 1822 privatio
1169 1760 1224 1806 et
1253 1752 1480 1807 amissio
1506 1752 1659 1808 boni.

1021 1863 1106 1919 Ex
1143 1865 1346 1920 eodem.

471 1981 526 2034 Si
556 1981 666 2036 duo
710 1989 840 2037 sunt
868 1979 978 2047 dei,
1019 1981 1199 2037 bonus
1234 1981 1455 2052 quidem
1501 1997 1666 2047 unus,
1704 1981 1839 2036 alter
1869 1996 1971 2035 au-

398 2082 508 2129 tem
547 2075 724 2129 malus
763 2073 956 2129 :aliud
1005 2073 1282 2128 habebunt
1309 2071 1663 2142 principium.
1715 2069 1973 2125 Binarius

396 2165 542 2219 enim
594 2181 856 2220 numerus
901 2179 1010 2218 non
1058 2172 1237 2234 potest
1280 2179 1407 2219 esse
1451 2163 1811 2234 principium,
1847 2178 1972 2216 ctnn

399 2257 515 2324 ipse
555 2259 624 2309 ab
679 2256 887 2310 unitate
933 2255 1203 2325 principio
1255 2255 1658 2324 proﬁciscatur.
1711 2254 1868 2319 Quod
1923 2254 1971 2308 si

399 2347 728 2417 principium
777 2362 885 2400 non
935 2356 1082 2409 sunt,
1134 2363 1202 2402 ne
1245 2347 1331 2400 dei
1368 2347 1588 2416 quidem
1645 2353 1806 2400 erunt
1853 2361 1974 2398 om-

397 2439 550 2492 nino.
601 2438 870 2505 Quoniam
921 2439 1085 2509 igitur
1134 2438 1319 2492 unitas
1369 2448 1454 2494 est
1499 2453 1678 2493 rerum
1724 2438 1969 2492 omnium

396 2530 752 2601 principiutn,
776 2547 920 2586 unus
951 2531 1140 2602 utique
1168 2537 1222 2586 et
1255 2531 1399 2585 Deus
1428 2538 1514 2585 est
1543 2545 1725 2584 rerum
1754 2539 1967 2594 auctor,

394 2629 447 2674 et
473 2619 696 2676 eﬁector
717 2622 983 2676 omnium.

1019 2731 1104 2785 Ex
1134 2733 1333 2787 eodem.

468 2850 523 2904 Si
550 2851 748 2904 bonum
786 2865 880 2920 per
909 2865 970 2904 se
997 2858 1099 2912 est,
1137 2851 1340 2904 malum
1374 2863 1482 2903 non
1523 2856 1626 2903 est.
1661 2848 1721 2900 Si
1762 2847 1964 2902 malum

391 2957 488 3013 per
520 2957 581 2995 se
619 2951 724 3004 est,
760 2956 868 2994 non
899 2949 984 2996 est
1024 2940 1251 2994 bonum.
1280 2937 1406 2993 lith
1451 2946 1536 2994 est
1563 2939 1710 2993 enim
1747 2949 1967 2992 contra-

390 3047 601 3086 riorum
676 3031 854 3085 medEo
907 3033 1208 3087 carentium
1271 3031 1414 3084 ratio
1471 3039 1637 3100 atque
1697 3030 1965 3084 conditio.

393 3123 585 3190 Qualia
628 3132 754 3178 sunt
802 3123 1056 3178 valetudo
1101 3130 1155 3176 et
1213 3121 1498 3192 aegritudo,
1528 3122 1639 3177 vita
1691 3133 1745 3177 et
1788 3138 1959 3177 mors.
1990 3111 2033 3168 C

392 3213 509 3267 Non
540 3213 705 3284 igitur
738 3213 879 3268 Deus
914 3213 1112 3268 malus.

1021 3343 1106 3398 Ea:
1137 3346 1336 3400 eodem.

463 3457 608 3513 Deus
643 3459 819 3513 bonus
849 3458 1091 3513 essentia
1120 3467 1173 3512 et
1200 3468 1398 3514 natura
1431 3460 1730 3516 bonitatem
1775 3461 1962 3527 habet,

395 3549 573 3602 malus
607 3548 870 3603 bonitatis
901 3548 1261 3618 privationem
1302 3559 1358 3604 ut
1407 3550 1649 3604 habitum
1677 3551 1962 3608 obtinebit.

391 3641 678 3704 Quomodo
709 3647 890 3693 autem
947 3639 1112 3704 Deus,
1156 3641 1247 3709 qui
1287 3655 1356 3695 eo
1407 3650 1616 3696 tantum
1665 3651 1771 3709 est,
1819 3643 1966 3713 quod

391 3729 595 3794 deﬁcit,
635 3740 806 3792 caret,
845 3744 956 3785 non
984 3731 1320 3800 assequitur,
1359 3741 1414 3788 et
1442 3748 1550 3788 non
1573 3735 1695 3790 est?

983 3864 1070 3915 Ex
1100 3861 1302 3917 eodem.

464 3971 522 4027 Si
558 3972 689 4036 duo,
724 3981 817 4027 aut
847 3980 960 4029 tres
1004 3975 1258 4045 pluresve
1287 3985 1472 4032 essent
1506 3978 1617 4044 dei,
1653 3995 1776 4034 cum
1815 3980 1965 4036 aliud

390 4064 498 4119 alio
537 4065 699 4120 modo
723 4075 778 4120 et
819 4066 1036 4123 diversa
1086 4069 1300 4126 ratione
1335 4081 1588 4142 ageretur
1619 4080 1674 4129 et
1712 4089 1963 4130 movere-

388 4165 501 4223 tur,
529 4159 767 4214 mundus
789 4159 905 4229 jam
937 4161 1148 4230 pridem
1176 4162 1567 4222 intercidisset.
1596 4165 1754 4221 Nunc
1779 4176 1964 4222 autem

389 4263 514 4302 cum
569 4251 751 4304 omnia
795 4253 1007 4308 ratione
1051 4263 1203 4310 certa
1251 4263 1306 4310 et
1353 4258 1534 4313 stabili
1587 4274 1805 4330 semper
1855 4277 1966 4316 mo-

389 4351 622 4395 veantur
652 4351 706 4396 et
742 4343 1125 4412 disponantur,
1163 4346 1320 4402 ﬁrma
1348 4348 1462 4403 hac
1490 4361 1665 4420 atque
1704 4361 1964 4423 perpetua

1622 335 1680 388 S.
1721 332 2048 390 GREGORII
2092 331 2382 388 NYSSE-Nl

3520 337 3541 392 Ι
3561 335 3653 393 ΙΉ

2704 446 2787 500 Ex
2825 447 3025 503 eodem.

2148 539 2204 591 Si
2242 540 2506 592 mundum
2535 539 2681 593 hunc
2706 540 2911 593 bonum
2942 552 3067 594 esse
3090 536 3456 602 conﬁtemini,
3482 536 3653 593 Deum
3685 580 3689 583 .

2074 639 2257 684 autem
2290 638 2344 683 et
2391 629 2607 684 Patrem
2646 631 2849 682 malum
2881 645 2990 683 non
3039 629 3271 699 hujusce
3305 629 3496 683 mundi
3528 629 3655 682 etre-

2073 729 2315 787 ctorem;
2344 722 2450 775 erit
2477 722 2667 791 utique
2704 720 2941 774 mundus
2971 721 3109 775 alter
3131 721 3310 775 malus
3349 735 3379 774 a
3419 721 3522 775 deo
3561 720 3654 774 illo

2073 810 2361 866 conlectus
2387 811 2552 865 malo.
2581 811 2746 880 Atqui
2777 809 3016 866 mundus
3048 810 3361 866 istiusmodi
3393 825 3503 864 non
3525 821 3609 865 est
3636 829 3649 865 :

2073 917 2142 956 ne
2177 900 2324 957 Deus
2368 902 2536 972 igitur
2565 903 2784 972 quidem
2827 903 3028 957 tnalus.
3081 900 3212 955 Nam
3259 901 3402 958 Deus
3451 900 3652 972 princi-

2073 994 2224 1064 pium
2250 1002 2354 1053 est.
2385 993 2748 1065 ell‘eetrixque
2777 1009 2968 1050 causa.
3005 995 3185 1061 Quare
3209 1010 3336 1048 cum
3365 1010 3474 1049 non
3507 994 3652 1048 exsi-

2073 1096 2222 1142 stant
2255 1103 2375 1158 qua:
2414 1103 2444 1142 a
2493 1087 2763 1158 principio
2797 1088 2990 1143 ell'ecta
3025 1096 3080 1141 et
3131 1087 3358 1142 condita
3411 1089 3544 1149 siut,
3584 1102 3652 1141 ne

2073 1180 2404 1251 principium
2437 1180 2655 1250 quidem
2686 1187 2792 1246 est,
2820 1196 2923 1236 nec
2961 1179 3107 1236 Deus
3142 1181 3312 1250 igitur
3337 1179 3539 1233 malus.

2690 1294 2776 1348 Ex
2823 1295 3026 1351 eodem.

2144 1405 2386 1474 Veteris,
2445 1407 2730 1478 inquiunt,
2778 1406 3117 1462 Testamenti
3165 1407 3311 1462 Deus
3339 1423 3449 1462 non
3480 1422 3540 1462 ea
3565 1417 3649 1462 est

2073 1499 2428 1567 providentia
2481 1509 2536 1555 et
2593 1499 2824 1554 scientia
2859 1514 2980 1568 qua:
3013 1501 3196 1553 omnia
3226 1501 3646 1569 complectatur.

2073 1589 2376 1657 lnterrogat
2432 1591 2584 1644 enin
2615 1589 2811 1653 Adam,
2871 1589 2993 1655 Ubi,
3053 1590 3333 1658 inquiens,
3372 1605 3427 1643 es
3459 1589 3546 1641 '°?
3585 1587 3649 1641 Et

2070 1682 2227 1746 Cain,
2268 1681 2368 1736 Ubi
2395 1693 2494 1746 est,
2543 1683 2827 1751 inquiens,
2857 1683 3024 1752 frater
3062 1691 3182 1736 tuus
3227 1682 3313 1735 ll"2
3364 1681 3429 1734 Et
3475 1681 3650 1735 Abra-

2002 1783 2046 1840 Β
2078 1773 2222 1839 ham,
2258 1772 2357 1827 Ubi
2387 1785 2488 1838 est,
2529 1773 2809 1844 inquiens,
2840 1774 2984 1830 Suo
3011 1790 3150 1830 uxor
3185 1784 3279 1828 tua
3305 1774 3400 1828 ⁸ίῖ
3439 1772 3503 1827 Et
3540 1775 3648 1827 alia

2077 1867 2247 1918 multa
2315 1866 2382 1920 ad
2447 1867 2698 1923 eumdem
2753 1867 2998 1922 modum.
3064 1867 3168 1924 llis
3223 1865 3646 1938 respondemus,

2073 1956 2344 2023 ejusmodi
2400 1957 2740 2028 interrogata
2775 1974 2886 2012 non
2925 1959 2994 2013 ab
3050 1958 3387 2028 ignorantia,
3421 1957 3516 2014 sed
3553 1971 3649 2028 po-

2075 2048 2187 2102 tius
2234 2063 2264 2101 a
2316 2050 2632 2120 cognitione
2688 2049 2996 2120 proﬁcisci.
3058 2049 3179 2105 Nisi
3240 2050 3388 2105 enim
3441 2065 3650 2121 cogno-

2075 2141 2245 2196 visset
2277 2149 2331 2196 et
2359 2143 2531 2197 Adam
2561 2152 2616 2196 et
2655 2141 2791 2196 Cain
2828 2157 3114 2213 peccasse,
3148 2158 3259 2198 non
3309 2157 3408 2198 eos
3465 2142 3652 2197 conti-

2074 2246 2184 2286 nuo
2227 2232 2651 2303 interrogasset.
2710 2233 3050 2304 Cognovisse
3087 2243 3296 2299 autem,
3333 2249 3399 2288 ex
3431 2234 3500 2289 iis
3529 2248 3646 2303 qua:

2074 2331 2384 2394 sequuntur
2444 2325 2800 2394 perspicuum
2863 2332 2968 2380 est.
3032 2323 3126 2380 Sic
3170 2325 3316 2380 enim
3346 2324 3648 2394 alloquitur

2071 2417 2242 2469 Adam
2300 2415 2455 2484 prius
2495 2431 2659 2486 quam
2709 2417 2802 2472 ille
2851 2433 2912 2473 se
2967 2417 3276 2473 comedisse
3337 2416 3640 2472 fateretur:

2073 2507 2268 2578 Ecquis
2298 2507 2554 2561 indicavit
2587 2507 2686 2560 tibi
2713 2517 2761 2561 te
2790 2511 2991 2561 nudum
3025 2524 3156 2569 esse.
3199 2510 3304 2563 nisi
3353 2513 3494 2579 quod
3519 2525 3548 2562 e
3581 2509 3645 2562 li-

2067 2615 2170 2669 gno
2215 2599 2277 2652 de
2308 2615 2410 2668 quo
2457 2598 2570 2652 solo
2598 2600 2826 2669 praecepi
2877 2600 2972 2653 tibi
3023 2617 3086 2655 ne
3118 2601 3435 2666 comederes,
3468 2618 3644 2654 come-

2068 2691 2196 2744 disti
2245 2691 2332 2744 3'?
2379 2689 2510 2745 Cain
2553 2706 2704 2753 vero,
2741 2690 2832 2761 qui
2857 2692 3163 2747 conabatur
3182 2693 3376 2762 etipse
3399 2693 3640 2755 latitare,

2069 2783 2361 2853 compellat
2427 2783 2516 2837 bis
2565 2783 2792 2840 verbis:
2858 2783 2971 2838 Vox
3013 2784 3286 2853 sanguinis
3341 2783 3531 2853 fratris
3564 2784 3643 2834 tui

2068 2876 2267 2928 clamat
2339 2873 2408 2927 ad
2479 2890 2557 2928 me
2605 2875 2672 2927 ⁸⁸.
2742 2873 2869 2929 Haec
2936 2890 3047 2929 non
3116 2874 3420 2945 ignorantis
3481 2883 3640 2934 sunt,

2070 2967 2165 3022 sed
2195 2970 2356 3038 plane
2379 2974 2433 3020 et
2464 2966 2756 3036 perspicue
2789 2966 3202 3036 cognoscentis,
3232 2966 3326 3035 qui
3362 2981 3426 3020 ea
3454 2968 3640 3036 specie

2071 3057 2520 3128 interrogationis
2557 3057 2674 3111 vult
2725 3057 2793 3111 iis
2835 3057 2932 3127 qui
2977 3064 3361 3126 peccaverant,
3411 3072 3640 3126 persuao

2067 3152 2194 3204 dere
2227 3160 2286 3203 ut
2333 3147 2694 3218 resipiscant,
2727 3163 2854 3201 cum
2886 3163 2946 3202 se
2979 3147 3356 3217 deprehensos
3387 3146 3638 3202 animad-

2067 3247 2302 3295 vertant.
2339 3237 2413 3291 Ea
2449 3239 2578 3294 item
2636 3237 2804 3292 verba
2833 3255 2847 3291 :
2905 3235 3007 3290 Ubi
3036 3247 3115 3291 est
3146 3235 3282 3291 Sara
3333 3253 3469 3292 uxor
3498 3248 3587 3291 tua
3617 3239 3640 3291 .’

2065 3330 2353 3383 declarant
2393 3344 2519 3383 eum
2568 3343 2678 3382 non
2731 3328 3020 3396 ignorare,
3078 3328 3354 3382 Abraham
3411 3343 3636 3382 uxorem

2067 3421 2294 3483 habere,
2358 3434 2591 3488 eamque
2631 3419 2821 3474 vocari
2864 3417 3078 3473 Saram.
3131 3418 3234 3484 Qui
3289 3427 3472 3473 autem
3525 3419 3639 3474 haec

2064 3513 2190 3576 scit,
2235 3512 2282 3565 is
2314 3510 2562 3580 profecto
2594 3525 2705 3566 non
2739 3516 2860 3564 erat
2893 3510 3135 3572 nescius.
3167 3509 3260 3565 ubi
3291 3518 3437 3564 esset
3475 3511 3634 3563 Sara.

2065 3601 2253 3672 Neque
2311 3603 2480 3668 enim,
2515 3616 2640 3656 cum
2694 3601 2830 3655 Sara
2862 3609 2988 3672 post
3014 3602 3217 3657 ostium
3252 3608 3441 3665 staret,
3481 3601 3638 3655 risis-

2066 3703 2258 3762 setque
2291 3692 2431 3748 clam
2465 3691 2694 3747 audiens
2729 3707 2788 3748 se
2823 3701 3052 3746 matrem
3087 3693 3223 3756 fore,
3256 3691 3640 3757 dixisset,Cur

2064 3785 2186 3837 risit
2211 3781 2353 3838 Sara
2385 3785 2432 3815 ⁸⁵
2457 3784 2480 3836 ?
2508 3783 2658 3840 risus
2697 3784 2862 3838 etiam
2899 3798 3122 3838 causam
3161 3785 3419 3854 subjecit,
3450 3801 3637 3840 secum

2066 3875 2183 3944 ipsa
2208 3875 2462 3945 inquiens
2483 3894 2496 3930 :
2519 3874 2731 3930 Verene
2752 3876 2956 3945 pariam
2974 3875 2998 3930 ?
3015 3876 3138 3930 Haec
3155 3879 3299 3932 enim
3321 3878 3470 3933 illius
3486 3886 3636 3940 sunt,

2065 3969 2158 4038 qui
2213 3983 2310 4022 cor
2356 3967 2519 4021 etiam
2563 3975 2728 4037 atque
2781 3968 3024 4022 animum
3075 3970 3247 4023 novit.
3280 3968 3639 4039 Interrogavit

2065 4067 2246 4114 autem
2273 4099 2288 4122 ,
2329 4058 2428 4113 Ubi
2476 4069 2554 4113 est
2609 4059 2748 4114 sam
2796 4076 2933 4114 uxor
2987 4070 3077 4114 tua
3105 4065 3131 4117 ?
3175 4077 3242 4116 co
3279 4064 3546 4127 consilio,
3579 4072 3639 4118 ut

2065 4151 2337 4204 Abraham
2395 4166 2735 4221 cognoscens
2791 4168 2852 4208 se
2895 4162 3020 4208 ante
3075 4168 3407 4224 cognoscere
3435 4164 3489 4210 et
3529 4172 3639 4210 om-

2067 4243 2156 4296 nia
2198 4243 2366 4307 scire,
2395 4244 2500 4297 sibi
2539 4254 2599 4297 ut
2639 4245 3010 4314 praestantiori
3060 4255 3304 4310 vacaret,
3360 4254 3416 4301 et
3462 4251 3639 4302 omni-

2067 4336 2171 4390 bus
2195 4352 2315 4406 qua:
2342 4335 2599 4406 deinceps
2625 4338 2939 4392 dicerentur
2956 4336 3112 4392 iidem
3141 4339 3443 4394 adhiberet.
3462 4341 3664 4409 Atque.

393 4446 575 4486 rerum
607 4435 849 4487 onmium
874 4437 1242 4506 concinnitas,
1269 4449 1325 4495 et
1351 4441 1506 4508 ordo,
1539 4451 1592 4496 et
1629 4445 1956 4511 moderatio,

2068 4432 2234 4485 etiam
2277 4431 2432 4493 illud,
2467 4430 2612 4501 quod
2643 4431 2711 4485 de
2742 4431 2979 4485 Sodoma
3011 4439 3067 4486 et
3088 4430 3396 4487 Gomorrha
3431 4433 3637 4487 dictum

392 4532 447 4578 et
499 4528 846 4581 conservatio
903 4543 1068 4583 unam
1129 4533 1487 4604 eamdemque
1543 4536 1781 4591 clamant
1841 4553 1962 4594 esse

392 4631 636 4680 causam,
682 4634 852 4672 unum
897 4631 1201 4688 auctorem,
1239 4640 1268 4678 a
1295 4643 1403 4696 quo
1434 4636 1488 4682 et
1529 4639 1814 4699 procreata
1847 4632 1961 4687 sint

389 4708 574 4761 omnia
599 4717 652 4762 et
675 4719 936 4779 regantur
965 4721 1021 4766 et
1051 4727 1464 4774 conserventur.

1009 4845 1094 4899 Ea:
1132 4849 1327 4903 eodem.

455 4953 515 5010 Si
549 4956 728 5012 malus
751 4964 806 5012 et
836 4959 1105 5016 scelestus
1137 4970 1222 5017 est
1253 4963 1341 5018 hic
1365 4967 1604 5024 mundus
1627 4968 1879 5034 inferior,
1903 4979 1959 5025 et

383 5059 483 5099 vos
531 5046 793 5101 nimirum
842 5049 971 5102 mali
1028 5051 1382 5123 scelestique,
1441 5057 1644 5128 quippe
1691 5060 1784 5129 qui
1832 5075 1960 5129 pars

386 5135 508 5190 sitis
533 5136 729 5206 ipsius.
763 5137 922 5205 Quod
953 5143 1000 5197 si
1029 5151 1232 5199 natura
1267 5147 1404 5202 estis
1441 5149 1672 5218 improbi
1708 5160 1763 5206 et
1801 5154 1956 5219 mali,

382 5225 590 5282 veritas
614 5244 725 5282 non
755 5231 912 5287 adest
944 5235 1122 5290 vobis.
1159 5236 1374 5295 Veritas
1396 5241 1540 5295 enim
1565 5241 1768 5297 bonum
1798 5245 1957 5314 plane

381 5325 485 5371 est.
520 5317 730 5382 Bonum
770 5332 866 5377 est.
899 5324 1136 5380 alienum
1183 5343 1213 5380 a
1258 5330 1425 5386 malo.
1453 5329 1572 5386 Jam
1603 5335 1696 5403 qui
1727 5337 1959 5391 veritate

381 5419 591 5473 carent,
622 5425 811 5465 eorum
852 5412 1098 5472 doctrina
1139 5418 1274 5475 falsa
1307 5422 1462 5478 nullo
1496 5425 1673 5480 solido
1705 5428 1962 5484 innititur

385 5497 762 5557 fundamento.

2065 4528 2149 4574 est
2179 4538 2192 4574 :
2249 4519 2572 4574 Descendam
2627 4529 2676 4574 et
2722 4520 2900 4574 videbo
2936 4531 3113 4575 utrum
3141 4540 3197 4577 re
3229 4525 3346 4592 ipsa
3371 4539 3488 4594 quo:
3517 4525 3636 4579 cta~

2066 4628 2182 4664 mor
2231 4612 2464 4679 ipsorum
2513 4611 2713 4662 indicat
2780 4612 3190 4679 compleverint,
3263 4630 3332 4666 an
3381 4631 3484 4667 non
3515 4653 3530 4678 ,
3579 4621 3639 4667 ut

2064 4705 2227 4759 sciant
2271 4703 2340 4766 ⁸⁸,
2391 4703 2524 4772 quid
2571 4703 2718 4757 aliud
2778 4701 3076 4772 signiﬁcat,
3125 4704 3234 4760 nisi
3283 4719 3348 4758 eo
3409 4704 3640 4770 consilio

2066 4796 2236 4850 Deum
2299 4797 2376 4848 ita
2423 4796 2669 4848 locutum
2719 4809 2864 4857 esse,
2901 4804 2959 4849 ut
3003 4809 3106 4849 nos
3142 4796 3406 4860 erudiret,
3436 4810 3504 4849 ne
3534 4812 3640 4848 un-

2065 4902 2228 4957 quam
2263 4887 2574 4956 praecipites
2623 4887 2901 4942 irruamus
2931 4886 2998 4941 ad
3030 4887 3323 4956 irroganda
3352 4886 3640 4956 supplicia,

2068 4986 2376 5048 propterea.
2412 4978 2558 5048 quod
2605 4977 2916 5048 aliquorum
2958 4977 3164 5048 ﬂagitia
3211 4979 3639 5048 prospiciamus,

2067 5069 2161 5124 sed
2199 5078 2605 5141 exspectemus,
2648 5078 2710 5124 ut
2741 5085 2800 5125 re
2847 5071 2968 5140 ipsa
3002 5069 3248 5139 perfecta
3306 5070 3457 5125 sint?
3505 5069 3640 5124 Nam

2067 5161 2112 5215 si
2175 5177 2284 5216 non
2345 5163 2718 5231 cognovisset,
2779 5162 3055 5231 quomodo
3106 5161 3376 5231 potuisset
3411 5161 3638 5214 dicere:

2068 5251 2289 5308 Clamor
2339 5253 2690 5307 Sodomorum
2746 5264 2794 5308 et
2837 5251 3142 5308 Gomorrlue
3167 5253 3303 5305 venit
3337 5250 3406 5304 ad
3445 5266 3526 5303 me
3554 5249 3645 5302 "1’

2065 5346 2258 5407 Terra.
2311 5346 2514 5416 inquit,
2555 5347 2781 5411 clamat,
2817 5347 2984 5402 etiam
3040 5353 3169 5401 ante
3219 5359 3332 5400 res.
3392 5343 3456 5398 Et
3511 5343 3643 5413 ipsa!

2062 5453 2151 5493 res
2196 5438 2575 5494 vociferantur
2619 5447 2672 5493 et
2702 5439 2965 5493 clamant.
2996 5437 3178 5492 Multae
3209 5445 3340 5492 sunt
3367 5435 3641 5506 ejusmodi

2062 5529 2530 5601 interrogationes
2559 5546 2668 5586 non
2711 5531 2892 5586 solum
2924 5530 2979 5584 in
3018 5528 3223 5596 Veteri,
3255 5530 3350 5585 sed
3385 5530 3550 5584 etiam
3584 5528 3642 5582 in

449 5685 976 5780 :‘l‘qutL-.III..?.EP'I‘
1013 5692 1147 5780 gen.
1187 5711 1260 5761 tv,
1307 5698 1347 5752 9ι
1436 5701 1482 5733 ⁸²
1514 5705 1647 5760 Gen.
1701 5724 1855 5774 xrtu,
1894 5711 1946 5765 9.
1997 5709 2043 5744 ³³
2084 5711 2220 5768 Gen.
2265 5728 2347 5776 ιιι,
2391 5714 2476 5767 ll.
2554 5713 2599 5746 ⁸⁸
2627 5713 2763 5770 Gen.
2819 5729 2872 5769 tv
2926 5715 3011 5772 lt).
3088 5718 3133 5750 ⁸⁸
3179 5717 3316 5773 Cen.
3357 5729 3510 5780 svnt,
3551 5713 3641 5773 i3.

379 5756 426 5788 ⁸⁸
455 5758 587 5812 ibid.
622 5761 712 5816 “2|.
785 5761 827 5792 ’τ
856 5762 985 5817 ibid.
1020 5764 1108 5818 ‘20.
