4092 6378
418 296 560 354 Ητῖὕ

1841 299 2281 354 FRAGMENTA.

3542 300 3681 359 “26

410 416 571 474 Novo
604 416 989 486 Testamento,
1027 436 1151 492 qure
1200 429 1382 475 tamen
1437 434 1632 474 omnes
1676 420 1996 489 mysterium
2028 434 2070 486 Α
2103 420 2327 486 inquit,
2390 433 2560 471 meum
2609 418 2815 486 justum
2865 428 2942 472 est
3000 418 3067 492 εἴ.
3129 416 3284 484 Quod
3316 424 3500 473 autem
3536 432 3682 473 unus

411 515 723 573 continent,
758 520 811 564 et
843 511 1053 581 aliquid
1092 512 1241 566 aliud
1276 520 1466 582 agunt.
1525 509 1658 564 Nam
1715 510 1807 565 Dei
1869 526 1986 580 pro-

409 603 592 671 prium
647 611 731 656 est
778 615 979 658 cuncta
1031 620 1406 676 cognoscere;
1435 614 1489 659 et
1522 604 1615 675 qui
1670 604 1855 658 omnia
1883 620 1993 659 non

411 692 574 747 habet
606 694 848 764 cognita,
882 710 991 749 non
1020 706 1104 750 est
1134 696 1299 751 Deus.

1045 827 1127 881 Ea:
1154 829 1356 883 eadem.

479 963 769 1029 Quomodo
815 965 1004 1020 dicitis
1052 965 1278 1035 Antiqui
1336 964 1683 1019 Testamenti
1717 964 1996 1035 legislatu-

409 1073 523 1112 rcm
551 1058 789 1126 justum,
817 1056 953 1112 Novi
988 1068 1171 1112 autem
1212 1058 1438 1119 bonum,
1476 1068 1642 1127 atque
1668 1058 1790 1112 ideo
1826 1074 1994 1111 unmu

409 1150 479 1203 ab
518 1150 628 1203 alio
654 1151 935 1203 diversum
972 1166 1096 1205 esse
1143 1150 1521 1204 contenditis?
1564 1148 1698 1202 Nam
1750 1150 1796 1203 si
1848 1149 1995 1219 quod

403 1236 616 1305 justum
675 1246 782 1304 est,
841 1239 1042 1292 bonum
1084 1240 1427 1308 est;justus
1483 1241 1588 1294 erit
1639 1240 1814 1294 bonus
1870 1255 1992 1294 om-

407 1327 560 1381 nino.
617 1327 806 1398 Neque
855 1332 1001 1383 enim
1059 1333 1344 1385 contraria
1384 1339 1514 1385 sunt
1556 1330 1763 1399 justum
1802 1338 1855 1384 et
1901 1332 1996 1384 bo-

408 1436 537 1473 num
571 1438 583 1474 :
645 1421 742 1477 sed
784 1421 938 1489 justo
988 1431 1260 1493 repugnat
1294 1422 1583 1491 injustum,
1616 1430 1671 1476 et
1694 1422 1838 1475 bono
1881 1436 1996 1474 ma-

407 1512 518 1563 lum
571 1511 919 1566 adversatur.
980 1511 1255 1567 Praeterea
1318 1514 1364 1569 si
1439 1513 1644 1567 malum
1700 1514 1989 1583 injustum,

406 1603 607 1656 bonum
659 1606 847 1675 utique
892 1605 1128 1675 justum,
1176 1614 1231 1661 et
1282 1606 1460 1660 bonus
1520 1606 1983 1675 omninojustus.

410 1696 543 1751 llum
587 1706 769 1753 autem
812 1699 1238 1754 innumerabilia
1268 1700 1380 1756 sint
1408 1700 1750 1767 testimonia,
1791 1702 1993 1771 quibus

2100 524 2262 582 atque
2301 512 2443 566 idem
2500 512 2571 566 sit
2624 511 2838 566 Veteris
2873 526 2937 565 ac
2966 505 3103 564 Novi
3140 509 3477 564 Testameuti
3513 508 3680 573 Deus,

2099 603 2357 674 praedixit
2411 600 2700 665 Jeremias,
2753 600 2903 663 Ecce,
2960 601 3239 671 inquiens.
3281 599 3392 652 dies
3450 600 3680 662 veniunt,

2097 693 2227 745 dicit
2279 690 2562 757 Dominus,
2614 699 2663 743 et
2711 690 3033 743 constituam
3087 689 3229 742 vobis
3290 687 3683 742 Testamentum

2100 800 2312 848 novum,
2348 799 2452 835 non
2492 790 2550 834 ut
2588 780 2981 836 Testamentum
3016 780 3150 833 illud
3189 780 3329 849 quod
3356 797 3474 833 cum
3512 781 3685 849 patri-

2100 880 2195 931 bus
2261 878 2448 931 vestris
2488 876 2759 941 constitui,
2808 892 2907 944 quo
2933 874 3019 928 die
3047 891 3259 927 manum
3288 891 3470 928 eorum
3494 890 3683 943 appre-

2098 968 2278 1029 hendi,
2317 976 2372 1020 ut
2394 967 2667 1022 educerem
2708 984 2794 1020 eos
2840 982 2904 1021 ea:
2943 966 3200 1037 nggpto.
3238 965 3378 1031 Quia
3425 966 3525 1034 ipsi
3576 983 3681 1021 nor.

2099 1067 2410 1112 manserunt
2465 1059 2521 1111 in
2580 1056 2915 1111 Testamento
2959 1074 3093 1111 meo.
3148 1056 3217 1109 Et
3260 1073 3351 1127 ego
3382 1058 3586 1128 neglexi
3614 1057 3677 1110 il.

2101 1150 2179 1204 los
2206 1150 2275 1205 ’°.
2312 1148 2377 1201 Et
2408 1150 2523 1218 ipse
2554 1156 2669 1202 tum
2703 1148 2953 1218 Antiqui,
3006 1156 3122 1202 tum
3160 1146 3295 1202 Novi
3339 1149 3676 1203 Testamenti

2097 1250 2289 1297 auctor
2318 1241 2597 1297 Christus.
2633 1239 2756 1294 Non
2794 1242 2931 1303 teni,
2960 1241 3161 1311 inquit,
3200 1248 3258 1293 ut
3302 1238 3463 1310 legem
3507 1240 3677 1294 solue-

2097 1354 2230 1397 rem,
2282 1335 2371 1389 sed
2412 1345 2467 1388 ut
2524 1352 2639 1389 eam
2692 1336 2967 1401 implerem
3025 1338 3093 1389 '3.
3138 1335 3253 1390 Hoc
3292 1345 3397 1403 est,
3434 1344 3492 1389 ut
3527 1336 3675 1390 illam

2096 1438 2319 1499 propter
2361 1427 2716 1482 Hebraeorum
2752 1428 3224 1499 imperfectionem
3274 1428 3673 1498 imperfectam,

2097 1519 2305 1589 majore
2356 1520 2594 1588 quadam
2631 1528 2685 1573 et
2744 1521 2880 1573 viris
2934 1526 3275 1589 congruente
3328 1518 3674 1587 philosophia

2095 1612 2413 1683 perlicercm
2467 1620 2523 1666 et
2569 1612 2937 1666 absolverem.
2972 1610 3068 1665 Illa
3098 1612 3243 1666 enim
3274 1618 3392 1664 erat
3422 1609 3675 1681 ptedago-

2095 1719 2192 1771 gus
2237 1704 2304 1768 θ’,
2340 1702 2431 1772 qui
2465 1702 2531 1755 ad
2565 1702 2916 1773 Evangelium
2959 1702 3375 1772 suscipiendum
3412 1701 3673 1755 institue-

406 1788 625 1845 Veteris
674 1790 1015 1846 Testamenti
1057 1792 1203 1849 Deus
1244 1808 1370 1848 esse
1417 1792 1731 1849 declaratur
1774 1794 1986 1857 bonus,
2027 1780 2065 1833 Β
2099 1796 2209 1848 hat.
2239 1795 2361 1848 llaec
2391 1801 2571 1847 autem
2604 1803 2690 1848 est
2717 1800 3023 1863 pneceptor
3066 1793 3207 1863 ipse.
3239 1792 3517 1862 quidocet
3544 1806 3668 1861 per-

403 1896 506 1951 ego
542 1898 709 1935 unum
745 1882 1015 1938 duntaxat
1050 1883 1104 1937 in
1143 1883 1323 1939 medio
1354 1884 1620 1940 an'eram:
1679 1885 1854 1953 Dicat,
1911 1886 1989 1938 in-

404 1975 546 2043 quit,
576 1972 773 2040 Israel,
824 1977 1076 2046 quoniam
1108 1978 1273 2031 bonus
1327 1978 1421 2042 ⁸⁸;
1473 1986 1527 2034 et
1580 1979 1673 2048 qui
1730 1979 1989 2048 deinceps

403 2077 731 2135 sequuntur,
764 2068 875 2122 duo
912 2069 1187 2124 versiculi.
1232 2068 1411 2125 Unum
1466 2070 1619 2136 item,
1684 2086 1794 2140 quo
1849 2069 1987 2124 Novi

404 2157 736 2215 Testamenti
769 2160 912 2239 Deus
945 2162 1134 2231 justus
1189 2163 1523 2219 ostenditur.
1584 2162 1651 2215 Et
1690 2163 1983 2231 judicium,

2097 1886 2343 1941 rectiora.
2402 1884 2468 1937 Et
2503 1884 2595 1938 illa
2631 1885 2855 1955 quidem
2899 1899 3135 1955 corpora
3165 1882 3523 1946 informabat,
3558 1882 3675 1936 haec

2094 1986 2277 2032 autem
2335 1978 2551 2031 animos
2608 1977 2813 2031 erudit.
2871 1974 3043 2031 Vetus
3096 1990 3229 2046 ergo
3287 1982 3374 2030 est
3419 1974 3674 2029 ministra

2096 2081 2287 2120 novae:
2331 2066 2399 2120 ad
2456 2080 2653 2120 novam
2708 2066 2855 2120 enim
2912 2065 3066 2119 ducit
3121 2075 3177 2119 et
3235 2065 3379 2119 viam
3428 2064 3674 2119 ostendit

2094 2168 2147 2213 et
2182 2167 2359 2229 parat.

1983 2270 2089 2324 VII.

1648 2384 1789 2439 Ibid.
1834 2386 1913 2438 tit.
1955 2386 2042 2449 ll,
2092 2400 2215 2453 pag.
2247 2385 2275 2437 7
2302 2400 2417 2452 sqq.

1134 2499 1402 2554 Gnscoau
1436 2497 1629 2569 Nyssa!
1667 2500 1938 2569 pontiﬁcis
1969 2513 2040 2554 ex
2078 2497 2334 2552 Oratione
2376 2504 2567 2551 contra
2617 2496 2936 2551 Ahlabium.

471 2634 607 2689 Cum
660 2643 717 2689 et
768 2632 984 2689 Patrem
1022 2633 1192 2689 Deum
1239 2636 1343 2707 (5),
1395 2646 1450 2691 et
1478 2636 1676 2691 Filium
1710 2636 1983 2701 Deum,et

403 2726 669 2796 Spiritum
727 2735 980 2781 sanctum
1013 2727 1184 2782 Deum
1234 2742 1358 2783 esse
1391 2727 1683 2791 fateamur,
1730 2743 1830 2782 cur
1874 2743 1983 2782 non

401 2822 638 2876 dicimus
693 2832 806 2875 tres
866 2823 1020 2884 deos,
1052 2822 1146 2876 sed
1180 2837 1349 2876 unum
1378 2822 1548 2877 Deum
1577 2824 1600 2876 ?
1629 2822 1894 2886 Primum,
1926 2830 1985 2875 ut

402 2908 547 2976 quod
604 2908 658 2961 in
710 2918 966 2977 promptu
999 2919 1082 2964 est
1123 2909 1580 2979 respondeamus,
1613 2927 1681 2966 ne
1716 2911 1984 2981 multipli-

401 3015 517 3055 cem
572 3000 799 3055 deorum
836 3000 1054 3054 turbam
1100 3015 1130 3054 a
1178 3000 1387 3057 Graecis
1410 3002 1703 3055 conﬁctam
1737 3001 1981 3056 introdu-

400 3106 611 3146 camus.
670 3090 902 3157 Deinde,
960 3091 1008 3145 si
1057 3092 1192 3163 quid
1225 3092 1535 3162 elegantius
1575 3093 1859 3163 magisque
1893 3108 1982 3147 re-

2086 2618 2338 2672 homines
2389 2617 2776 2686 appellamus:
2810 2614 3081 2685 siquidem
3142 2614 3331 2682 homo,
3383 2624 3437 2671 et
3486 2616 3671 2673 huma-

2085 2711 2234 2764 nitas
2293 2709 2618 2763 nniversum
2660 2708 2922 2777 quiddam
2986 2706 3319 2777 signiﬁcant,
3373 2710 3518 2777 quod
3553 2710 3669 2763 sin-

2088 2804 2302 2872 gularia
2368 2802 2791 2870 complectatur.
2835 2799 3042 2855 Deinde
3090 2801 3221 2854 illud
3274 2801 3532 2873 adjungo,
3566 2818 3669 2856 no-

2089 2913 2210 2950 men
2247 2895 2351 2949 hoc
2383 2894 2458 2950 rei
2492 2902 2747 2948 naturam
2786 2895 3069 2963 explicare
3100 2912 3114 2960 ;
3146 2895 3198 2947 in
3234 2892 3509 2950 Trinitatc
3536 2911 3669 2950 vero

2087 3002 2211 3055 qua:
2258 2992 2441 3038 creata
2483 2999 2592 3037 non
2626 2991 2737 3046 est,
2781 2984 2992 3037 nullum
3026 2983 3258 3039 inveniri
3292 2999 3491 3039 nomen
3519 2987 3667 3057 quod

2086 3078 2207 3148 ejus
2242 3083 2501 3130 naturam
2535 3074 2797 3129 declaret.
2830 3075 2900 3127 At
2938 3089 3063 3139 cur,
3091 3090 3215 3128 cum
3251 3091 3520 3145 personas
3545 3078 3665 3132 sin-

399 3182 678 3236 conditum
737 3181 1032 3237 dicendum
1094 3192 1227 3247 est,
1287 3183 1553 3253 quoniam
1620 3198 1822 3239 nomen
1852 3183 1976 3248 hoc,

2088 3172 2240 3243 gulas
2291 3170 2632 3239 appellemus
2681 3166 2872 3230 Deum,
2909 3183 3017 3220 non
3053 3168 3219 3222 etiam
3252 3183 3442 3222 earum
3478 3170 3667 3239 singu-

398 3273 563 3340 Deus,
606 3274 878 3329 actionem
932 3274 1208 3344 signiﬁcat
1249 3292 1263 3328 :
1327 3290 1357 3328 a
1420 3276 1589 3330 verbo
1635 3276 1782 3330 enim
1833 3275 1976 3329 Θέειν

399 3366 695 3421 deductum
753 3376 859 3431 est,
895 3368 1041 3436 quod
1094 3366 1299 3437 passim
1357 3373 1587 3434 currat;
1637 3367 1722 3421 vel
1753 3367 1975 3422 averbo

400 3457 623 3512 θεᾶσθαι
650 3499 665 3524 ,
705 3458 851 3528 quod
902 3464 1097 3513 cernat
1141 3459 1326 3513 omnia
1353 3474 1368 3523 ;
1401 3459 1486 3514 vel
1517 3473 1545 3512 a
1581 3458 1751 3513 verbo
1782 3458 1974 3523 αἴθειν,

398 3550 544 3621 quod
598 3550 1009 3621 improbitatem
1063 3559 1260 3606 exurat
1312 3566 1377 3605 ac
1432 3552 1643 3620 perdat.
1698 3551 1976 3617 Quemad-

399 3642 620 3697 modum
655 3643 823 3713 igitur
856 3657 1200 3713 unaqmcque
1240 3657 1479 3713 persona
1514 3641 1674 3696 talem
1702 3642 1974 3696 actionem

398 3730 699 3802 perfectam
748 3732 936 3795 habet,
974 3732 1057 3787 sic
1089 3747 1287 3785 nomen
1313 3732 1582 3785 actionem
1626 3733 1771 3785 illam
1800 3732 1976 3802 signi-

400 3825 570 3880 ticans
603 3824 834 3891 obtinet,
870 3832 928 3879 ut
956 3832 1009 3880 et
1035 3825 1107 3881 sit
1136 3832 1191 3880 et
1216 3823 1525 3894 appelletur
1559 3823 1724 3877 Deus.
1759 3822 1973 3877 Rursus

396 3917 858 3987 quemadmodum
898 3932 1007 3971 una
1060 3926 1226 3987 atque
1281 3911 1747 3971 incommutabilis
1778 3914 1832 3968 in
1877 3914 1976 3968 tri-

396 4009 499 4064 bus
549 4016 635 4064 est
680 4010 846 4071 actio,
877 4009 959 4064 sic
1007 4008 1171 4063 etiam
1201 4015 1286 4062 est
1309 4022 1416 4060 una
1439 4006 1699 4060 divinitas
1734 4011 1789 4058 et
1827 4018 1971 4058 unus

396 4098 540 4154 Deus
588 4099 643 4153 in
677 4100 856 4153 tribus
905 4098 1180 4168 personis.
1207 4096 1275 4148 At
1307 4097 1476 4157 enim,
1512 4093 1751 4162 inquies,
1778 4089 1975 4144 Petrus

394 4201 447 4243 et
484 4188 687 4244 Paulus
726 4196 782 4243 ct
812 4186 1055 4243 Joannes
1086 4195 1199 4241 tres
1231 4201 1481 4256 persona:
1537 4200 1663 4238 cum
1708 4183 1841 4245 sint,
1889 4181 1975 4235 di-

395 4290 596 4335 cuntur
647 4281 811 4335 etiam
863 4288 973 4334 tres
1007 4279 1276 4333 homines.
1326 4276 1674 4347 Respondeo,
1731 4275 1969 4345 primum

394 4389 494 4429 nos
546 4382 600 4427 et
648 4374 737 4427 hic
794 4372 946 4426 abuti
1003 4372 1244 4425 hominis
1279 4358 1564 4431 vocabulo,
1597 4381 1723 4421 cum
1758 4380 1823 4419 eo
1857 4374 1970 4419 tres

497 4549 544 4579 ³⁸
587 4548 729 4603 Psal.
762 4563 927 4609 csvn,
964 4550 1013 4602 l.

461 4703 536 4771 (5i
578 4702 711 4756 Cum
752 4710 800 4753 et
835 4699 1281 4771 Patrem_Deum,
1316 4707 1423 4754 etc.
1468 4698 1738 4771 Observat
1769 4693 1962 4771 Fabri-

391 4767 515 4827 cius
544 4772 683 4827 Bibl.
719 4771 807 4825 Gr.
848 4781 983 4823 tom.
1014 4768 1149 4831 Vlll,
1176 4784 1296 4838 pag.
1334 4770 1458 4833 165,
1496 4784 1618 4839 qme
1644 4767 1732 4839 hic
1766 4769 1962 4839 recitat

388 4844 750 4916 buthymius,
797 4856 905 4896 non
952 4836 1268 4895 exstare‘in‘
1310 4836 1583 4903 oratione,
1633 4836 1708 4891 De
1738 4853 1794 4890 eo
1822 4836 1960 4906 quod

1092 4546 1135 4578 δ’
1167 4544 1327 4599 Joan.
1361 4561 1413 4608 v,
1440 4545 1529 4598 50.
1573 4545 1649 4587 -'°
1674 4542 1783 4598 Jer.
1823 4559 1975 4605 χχχι,
2003 4542 2091 4605 51,
2125 4542 2214 4596 5‘1.
2256 4543 2300 4574 ⁹¹
2332 4540 2521 4593 Matth.
2564 4556 2618 4606 v,
2651 4540 2702 4592 7.

2085 3265 2166 3319 las
2193 3262 2547 3317 Divinitatem
2580 3258 2927 3329 appellamus
2957 3258 2981 3311 ἲ
3006 3256 3278 3325 Quoniam
3302 3258 3663 3329 quemadmo-

2083 3356 2214 3408 dum
2249 3353 2378 3406 licet
2425 3350 2593 3406 homo
2637 3357 2693 3404 et
2716 3349 3030 3404 humanitas
3058 3350 3266 3419 pariter
3292 3349 3359 3404 de
3391 3349 3664 3404 universis

2084 3450 2360 3511 dicantur,
2411 3462 2523 3501 non
2573 3454 2754 3499 tamen
2796 3458 2953 3513 teque
2984 3442 3247 3497 dicuntur
3288 3441 3356 3497 de
3387 3442 3659 3513 singulis:

2086 3540 2345 3595 Socrates
2370 3537 2515 3592 enim
2552 3534 2719 3589 homo
2743 3532 2852 3587 dici
2893 3540 3094 3602 potest,
3127 3531 3442 3587 humanitas
3479 3540 3661 3585 autem

2082 3644 2426 3699 nequaquam
2472 3632 2648 3697 potest
2693 3642 2708 3679 :
2749 3624 2830 3679 sic
2878 3625 3044 3678 etiam
3090 3621 3230 3677 Deus
3276 3628 3332 3677 et
3384 3620 3659 3676 Divinitns

2079 3721 2303 3775 habent.
2354 3718 2498 3774 Deus
2539 3717 2686 3773 enim
2735 3722 2987 3786 agentem
3044 3712 3353 3784 signiﬁcat;
3392 3711 3665 3766 Divinitas

2076 3821 2258 3868 autem
2289 3814 2581 3867 actionem.
2606 3808 2798 3862 Trium
2828 3822 2959 3862 vero
2990 3820 3351 3877 personarum
3376 3805 3525 3859 nulla
3550 3812 3656 3869 est,

2074 3920 2197 3974 qua:
2226 3904 2297 3959 sit
2326 3904 2503 3968 actio;
2544 3901 2637 3957 sed
2674 3916 2844 3971 agens
2886 3899 3071 3970 potius
3106 3906 3192 3953 est
3220 3912 3560 3967 unaquaeque
3587 3895 3655 3949 il-

2074 3995 2271 4048 larum.
2308 3993 2550 4048 Dicimus
2593 4000 2773 4046 tamen
2807 3989 3143 4044 divinitatem
3179 3986 3355 4041 Patris
3404 3994 3456 4041 et
3513 3986 3655 4040 divi-

2069 4089 2296 4141 nitatem
2352 4086 2474 4139 Filii
2527 4093 2582 4140 et
2616 4083 2961 4139 divinitatem
3000 4080 3176 4136 sancti
3214 4078 3473 4150 Spiritus,
3509 4078 3652 4133 sicut

2076 4179 2472 4234 humanitatem
2518 4176 2767 4231 Socratis
2808 4182 2862 4229 et
2917 4173 3215 4228 essentiam
3264 4181 3319 4225 et
3376 4178 3650 4234 naturam,

2074 4279 2128 4327 et
2168 4271 2212 4325 si
2245 4270 2374 4340 quid
2412 4268 2559 4322 aliud
2592 4276 2675 4323 est
2703 4268 2955 4337 personis
2985 4280 3294 4319 commune.

2783 4541 2827 4572 "
2852 4538 2969 4594 Gal.
3011 4553 3095 4597 ur,
3129 4538 3218 4590 21.

2070 4712 2168 4749 non
2191 4694 2482 4764 putandum
2532 4697 2601 4749 sit
2647 4705 2749 4747 tres
2788 4694 2911 4746 deos
2952 4693 3059 4745 dici
3091 4702 3349 4764 oportere,
3382 4691 3447 4743 ad
3476 4690 3646 4764 Abla-

2071 4767 2241 4827 bium,
2289 4782 2409 4834 qum
2452 4767 2693 4818 occurrit
2738 4774 2869 4834 tom.
2916 4764 3015 4823 ΙΙΙ,
3053 4763 3275 4834 με),ίῦ
3309 4777 3461 4834 seqq.
3494 4763 3640 4834 edit.

2069 4834 2246 4894 Paris.
2279 4830 2432 4890 11358.
2459 4834 2711 4906 (llujuse.
2746 4833 2952 4888 Patrol.
2988 4842 3027 4887 t.
3056 4830 3221 4896 XLV,
3253 4834 3400 4887 circa
3434 4831 3578 4901 init.)
