4092 6378
1657 315 1725 375 S.
1767 308 2096 370 GREGOBII
2134 304 2428 362 NYSSIENI

1760 559 2404 770 nonin.

1313 1045 1540 1134 ΤΟΥ
1612 1042 1754 1126 ΕΝ
1810 1036 2173 1122 ΑΓΙΟΙΣ
2243 1029 2841 1120 ΓΡΗΓΟΡΙΟῚ

487 1243 1016 1365 ΛΟΓΟΣ
1089 1241 1330 1354 ΕΙΣ
1403 1235 1719 1348 ΤΗΝ
1799 1225 2578 1344 ΓΕΝΝΗΣΙΝ
2671 1219 2972 1335 ΤΟΥ
3027 1211 3682 1331 ΧΡΙΣΤΟΥ

944 1458 1063 1513 ΚΑΙ
1098 1455 1208 1510 ΕΙΣ
1243 1453 1335 1506 ΤΛ
1367 1451 1589 1506 NHIIIA
1621 1449 1713 1502 TA
1744 1447 1834 1501 ΕΝ
1863 1442 2194 1498 ΒΗΘΛΕΕΜ
2228 1435 2723 1495 ΑΝΔΙΡΕΘΕΝΤΛ
2755 1435 2896 1488 ΥΠΟ
2927 1429 3220 1486 ῙΙΡΩΔΟΥ.

1547 1781 1640 1869 S.
1701 1781 1807 1867 P.
1881 1779 1999 1866 N.
2049 1773 2630 1866 GREGORII

772 1998 1301 2114 ORATIO
1386 1994 1532 2107 IN
1623 1993 1970 2106 DIEM
2058 1987 2734 2102 NATALEM
2805 1983 3392 2102 CHRISTI

956 2222 1044 2276 ET
1107 2221 1172 2275 IN
1234 2216 1582 2274 INFANTES
1629 2213 1750 2281 QUI
1788 2213 1855 2267 IN
1896 2208 2050 2264 BETI

2142 2209 2269 2264 EEM
2303 2208 2532 2264 OCCISI
2575 2206 2759 2264 SUN'I‘
2799 2206 2889 2260 ΑΒ
2927 2205 3228 2261 IIEinDE.

1717 2367 1984 2422 Fraucisco
2012 2365 2134 2417 Zino
2156 2365 2457 2428 interprete.

527 2681 838 2744 Buccinate,
868 2676 1046 2748 inquit
1087 2673 1258 2730 David
1294 2674 1334 2735 ί,
1372 2673 1428 2726 in
1472 2670 1763 2727 Neontenia
1802 2671 1950 2736 tuba,
1982 2673 2037 2724 in

2214 2667 2561 2721 Σαλπίσατε
2589 2663 2657 2716 ἐφ’
2683 2663 2984 2732 Νεομηνίᾳ
3021 2660 3334 2731 σάλπιγγι,
3372 2662 3536 2733 φησὶν
3563 2664 3592 2716 ὁ
3621 2665 3731 2717 Δα-

459 2772 658 2843 insigni
690 2770 773 2824 die
803 2766 1151 2823 solemnitatis
1179 2773 1380 2818 vestrae.
1431 2762 1690 2816 Caelestis
1720 2769 1901 2815 autem
1941 2762 2041 2814 do-

457 2866 652 2918 ctrinae
681 2861 933 2915 instituta
970 2855 1197 2910 omnino
1227 2859 1358 2908 sunt
1393 2855 1571 2907 instar
1600 2852 1738 2922 legis
1773 2849 1917 2920 apud
1947 2863 2044 2904 eos

461 2955 556 3024 qui
607 2951 858 3006 audiunt.
890 2944 1281 3013 Quamobrem,
1315 2942 1575 3012 quoniam
1617 2941 1776 2993 adest
1813 2938 2044 3012 insignis

458 3044 586 3097 dies
616 3035 986 3095 solemnitatis
1017 3042 1240 3096 nostrae,
1278 3044 1380 3085 nos
1405 3029 1538 3082 item
1571 3029 1930 3082 observemus
1967 3027 2044 3080 le-

464 3148 609 3204 gem,
641 3138 695 3186 et
723 3127 1027 3185 elliciamur
1059 3138 1233 3179 sacrae
1265 3119 1602 3177 celebritatis
1637 3118 2042 3172 buccinatores.

459 3221 682 3293 Legalis
713 3227 894 3274 autem
928 3216 1081 3281 tuba,
1107 3223 1165 3267 ut
1203 3213 1449 3268 declarat
1479 3210 1798 3279 Apostolus,
1819 3215 1902 3262 est
1923 3221 2046 3260 ora-

465 3315 562 3368 tio.
593 3314 864 3367 Incertum
917 3309 1065 3363 enim
1099 3305 1282 3375 inquit
1310 3304 1331 3334 ¹
1369 3303 1514 3356 tubae
1555 3301 1877 3370 clangorem
1924 3313 2048 3352 esse

466 3421 574 3459 non
626 3411 902 3474 oportere,
948 3397 1044 3452 sed
1087 3397 1244 3452 sonis
1291 3394 1641 3457 distinctum,
1689 3399 1750 3445 ut
1799 3408 1886 3456 ea,
1927 3408 2049 3460 qua:

461 3497 748 3560 dicuntur,
791 3491 1083 3564 perspicua
1137 3489 1271 3544 sint.
1310 3485 1554 3541 Edamus
1595 3485 1765 3556 igitur
1812 3496 1867 3537 et
1919 3499 2047 3544 nos,

465 3588 689 3649 fratres,
732 3585 943 3637 clarum
992 3580 1230 3649 aliquem
1285 3578 1628 3645 sonum,qui
1693 3590 1803 3628 non
1862 3577 2048 3627 minus

467 3677 817 3738 exaudiatur,
842 3687 1006 3743 quam
1052 3671 1100 3726 si
1138 3669 1399 3724 ederetur
1450 3683 1652 3722 cornea
1685 3668 1837 3722 tuba.
1863 3666 2050 3732 Quan-

467 3765 762 3835 doquidem
793 3770 848 3818 et
880 3763 968 3815 lex
1014 3760 1068 3814 in
1121 3760 1334 3814 umbrae.
1363 3758 1552 3829 ﬁguris
1583 3766 1711 3812 ante
1750 3757 2049 3826 dcpingcns

469 3859 778 3919 veritatem,
811 3855 867 3908 in
911 3852 1401 3908 tabernaculorum
1438 3850 1764 3906 celebritate
1805 3849 1948 3904 tubis
1992 3857 2051 3902 ut

466 3957 779 4013 caneretur,
805 3943 1141 4002 mandavit'.
1167 3943 1234 3998 Et
1256 3959 1503 4014 przcsens
1527 3943 1866 3998 celebritatis
1887 3956 2050 4011 argu-

2145 2757 2249 2820 διδ,
2273 2757 2342 2809 ἐν
2361 2755 2608 2824 εὐσήμῳ
2627 2754 2810 2822 ἡμέρᾳ
2838 2750 3048 2822 ἑορτῆς
3071 2751 3257 2821 ὑμῶν.
3287 2752 3368 2806 Τὰ
3394 2753 3451 2808 δὲ
3485 2755 3581 2825 τῆς
3609 2757 3730 2808 θεο-

2149 2847 2412 2902 πνεύστου
2443 2844 2787 2907 διδασκαλίας
2845 2845 3242 2914 προστάγματα
3269 2845 3432 2916 νόμος
3457 2847 3575 2899 ἐστὶ
3602 2848 3736 2900 πάν-

2147 2958 2253 3003 τως
2286 2941 2398 3003 τοῖς
2424 2937 2731 2992 ἀκούουσιν.
2755 2935 2962 2990 Οὐκοῦν
2989 2935 3177 3007 ἐπειδὴ
3211 2937 3475 3007 πάρεστιν
3500 2940 3532 3008 ἡ
3567 2937 3730 3010 εὔση-

2152 3047 2251 3101 μος
2277 3030 2460 3100 ἡμέρα
2486 3028 2584 3097 τῆς
2615 3026 2807 3097 ἑορτῆς
2830 3026 2987 3097 ἡμῶν
3014 3067 3028 3092 ,
3060 3027 3436 3098 πληρώσωμεν
3458 3029 3549 3082 καὶ
3570 3031 3730 3099 ἡμεῖς

2147 3122 2238 3174 τὸν
2271 3120 2454 3190 νόμον,
2489 3119 2822 3186 σαλπιγκταὶ
2847 3119 2944 3186 τῆς
2973 3118 3293 3188 ἱερομηνίας
3328 3117 3617 3191 γινόμενοι.
3663 3121 3731 3175 Ἠ

2148 3211 2202 3264 δὲ
2222 3209 2420 3280 νομικὴ
2443 3207 2697 3277 σάλπιγξ,
2721 3207 2905 3270 καθὼς
2929 3207 3142 3260 κελεύει
3167 3210 3307 3261 νοεῖν
3331 3209 3358 3260 6
3393 3208 3731 3274 Ἀπόστολος,

2147 3305 2175 3354 ὁ
2204 3303 2360 3370 λόγος
2393 3301 2527 3355 ἐστί.
2554 3301 2694 3370 Φησὶ
2721 3301 2850 3371 γὰρ,
2889 3299 2963 3370 μὴ
2997 3299 3192 3369 ἄδηλον
3219 3300 3328 3354 δεῖν
3362 3301 3607 3370 γίνεσθαι
3637 3301 3732 3355 τὸν

2148 3395 2246 3463 τῆς
2278 3393 2574 3460 σάλπιγγος
2619 3387 2752 3462 ἦχον
2774 3431 2788 3454 ,
2833 3390 2966 3443 ἀλλὰ
2997 3391 3379 3462 διεσταλμένον
3411 3395 3522 3457 τοῖς
3567 3394 3735 3462 φθόγ-

2149 3500 2265 3550 γοις
2308 3483 2446 3552 πρὸς
2493 3483 2591 3552 τὴν
2631 3481 2740 3535 τῶν
2789 3481 3096 3534 ἀκουόντων
3148 3484 3466 3554 σαφήνειαν.
3525 3485 3734 3537 Οὐκοῦν

2149 3575 2445 3644 ἠχήσιιψεν
2477 3574 2570 3626 καὶ
2598 3574 2779 3644 ἡμεῖς,
2828 3573 3076 3642 ἀδελφοὶ,
3127 3572 3389 3645 λαμπράν
3435 3591 3554 3628 τινα
3595 3573 3734 3644 ἠχὴν

2149 3669 2243 3719 καὶ
2270 3666 2614 3732 ἐξάκουστον,
2645 3665 2796 3718 οὐδὲν
2815 3668 2913 3736 τῆς
2941 3666 3231 3736 κερατίνης
3252 3667 3599 3737 ἀτιμοτέραν.
3623 3667 3735 3718 Καὶ

2150 3757 2258 3827 γὰρ
2285 3757 2380 3810 καὶ
2405 3758 2435 3810 ὁ
2462 3757 2625 3826 νόμος
2665 3757 2723 3808 ὲν
2764 3759 2875 3819 τοῖς
2901 3757 3000 3826 τῆς
3028 3758 3184 3820 σκιᾶς
3212 3756 3404 3820 τύποις
3431 3757 3732 3827 προδιαζω-

2149 3848 2380 3918 γραφῶν
2409 3851 2510 3920 τὴν
2537 3847 2820 3919 ἀλήθειαν,
2856 3850 2914 3902 ὲν
2937 3851 3002 3918 τῇ
3041 3849 3385 3920 σκηνοπηγίᾳ
3412 3849 3503 3902 τὸν
3535 3851 3600 3902 ὲκ
3623 3849 3734 3904 τῶν

2154 3939 2472 4009 σαλπίγγων
2521 3935 2654 4010 ἦχον
2699 3939 3079 4012 ἐνομοθέτησε.
3125 3941 3236 3994 Καὶ
3276 3943 3310 4011 ἡ
3355 3942 3600 4012 παροῦσα
3633 3943 3734 4011 τῆς

450 4031 736 4103 ιιιεωιιιιη,
761 4051 902 4093 verte
937 4035 1276 4090 tabernaculi
1309 4033 1701 4088 exstructionis
1731 4031 2048 4103 mysterium

2155 4033 2350 4103 ἑορτῆς
2389 4031 2641 4107 ὑπόθεσις
2699 4031 2756 4084 τὸ
2790 4032 2888 4102 τῆς
2916 4032 3175 4102 ἀληθινῆς
3206 4033 3579 4102 σκηνοπηγίας
3613 4034 3734 4086 ἐστὶ

467 4131 654 4188 est.ln
681 4131 783 4185 hac
811 4129 956 4185 enim
987 4128 1295 4181 humanum
1318 4127 1365 4181 ei
1393 4124 1813 4180 tabernaculqu
1847 4125 2049 4194 ﬁgitur,

467 4223 566 4295 qui
598 4229 822 4292 prepter
852 4235 954 4275 nos
989 4217 1222 4273 formam
1255 4217 1497 4272 hominis
1527 4215 1730 4279 induit,
1756 4215 1811 4268 in
1846 4213 1950 4267 bac
1971 4222 2054 4267 ta-

472 4315 768 4370 bernacula
792 4318 1006 4375 nostra,
1027 4323 1149 4379 quae
1167 4314 1344 4362 morte
1368 4313 1715 4370 corruerant,
1741 4305 2054 4359 instauran-

471 4418 563 4460 tur
605 4407 676 4460 ab
727 4418 815 4469 eo,
846 4403 941 4472 qui
987 4401 1057 4454 ab
1108 4399 1268 4454 initio
1309 4404 1700 4453 construxerat
1737 4394 2055 4450 aediﬁcium.

471 4497 583 4552 Nos
612 4497 776 4552 etiam
803 4509 866 4549 ea
892 4493 1061 4547 verba
1089 4489 1290 4545 Psalmi
1315 4505 1442 4543 cum
1467 4489 1640 4542 vocali
1665 4487 1872 4544 Davide
1901 4488 2057 4559 plan-

475 4591 669 4644 dentes
706 4586 958 4640 dicamus
998 4598 1014 4634 :
1057 4580 1398 4645 Benedictus,
1431 4581 1523 4650 qui
1571 4580 1706 4634 venit
1755 4581 1808 4633 in
1849 4583 2057 4634 nomine

479 4680 695 4736 Domini
724 4678 762 4730 ⁸.
784 4673 1070 4742 Quomodo
1097 4679 1279 4726 autem
1322 4671 1506 4725 venit?
1545 4671 1664 4725 Non
1698 4672 1940 4742 navigio,
1961 4681 2056 4726 aut

468 4787 643 4829 curru
695 4768 899 4839 aliquo,
932 4764 1027 4820 sed
1076 4764 1394 4831 incorrupta
1443 4764 1761 4832 virginitate
1794 4764 1846 4817 in
1882 4765 2053 4818 vitam

477 4866 769 4918 humanam
829 4857 1070 4926 trajecit.
1098 4853 1199 4908 Hic
1250 4853 1386 4908 Deus
1421 4865 1618 4916 noster,
1654 4857 1738 4910 hic
1797 4856 2055 4910 Dominus

477 4957 655 5010 illuxit
695 4953 842 5006 nobis
862 4951 904 5014 ',
939 4957 1000 5003 ut
1033 4949 1177 5002 diem
1225 4947 1369 5000 hanc
1401 4949 1708 5002 solemnem
1746 4949 2057 5002 constitue-

481 5056 560 5102 ret
612 5049 669 5102 in
723 5043 1020 5100 condensis
1055 5056 1233 5110 usque
1280 5040 1350 5094 ad
1389 5055 1601 5094 cornua
1643 5041 1858 5095 altaris.
1898 5039 2054 5106 Quod

480 5144 660 5190 autem
694 5132 1041 5204 mysterium,
1072 5129 1297 5194 fratres,
1333 5130 1390 5184 in
1424 5131 1517 5192 iis,
1548 5145 1672 5199 qua:
1717 5129 1864 5184 dicta
1901 5139 2052 5197 sunt,

480 5226 852 5284 contineatur,
889 5221 1212 5291 neutiquam
1263 5221 1586 5291 ignoramus
1616 5239 1629 5274 :
1669 5220 1879 5276 scimus
1907 5221 2054 5275 enim

483 5317 768 5369 universas
797 5327 887 5367 res
908 5319 1228 5380 procreatas
1252 5325 1379 5365 esse
1399 5310 1567 5365 veluti
1597 5311 1858 5380 templum
1883 5310 2056 5378 quod-

2157 4127 2474 4196 μυστήριον.
2515 4125 2604 4179 Ἐν
2630 4124 2804 4197 ταύτῃ
2833 4125 2942 4196 γὰρ
2974 4129 3398 4196 σκηνοπηγεῖται
3424 4126 3486 4178 τὸ
3517 4125 3732 4197 ἀνθρὼ-

2155 4232 2306 4272 πινον
2342 4217 2605 4286 σκήνωμα
2638 4215 2717 4285 τῷ
2761 4216 2826 4268 δι’
2860 4217 3006 4286 ἡμᾶς
3033 4215 3377 4288 ὲνδυσαμὲνῳ
3401 4217 3492 4269 τὸν
3520 4217 3733 4288 ἄνθρωι-

2155 4324 2255 4360 πον
2280 4325 2292 4339 ·
2324 4307 2381 4360 ὲν
2407 4306 2578 4378 ταύτῃ
2607 4307 2674 4360 τὰ
2699 4307 3115 4362 διαπεπτωκότα
3137 4308 3293 4380 ἡμῶν
3313 4308 3418 4361 ὑπὸ
3443 4308 3535 4362 τοῦ
3565 4309 3733 4361 θανά-

2154 4418 2245 4454 του
2279 4399 2612 4470 σκηνώματα
2634 4399 2796 4452 πάλιν
2828 4402 3212 4470 συμπήγνυται
3237 4399 3340 4454 ὑπὸ
3359 4399 3452 4453 τοῦ
3483 4399 3542 4465 ἐξ
3561 4400 3735 4470 ἀρχῆς

2155 4489 2216 4541 τὸ
2261 4491 2576 4561 οἰκητήριον
2624 4490 2781 4560 ἡμῶν
2829 4491 3296 4561 οἰκοδομήσαντος.
3348 4493 3605 4563 Εῖπωμεν
3639 4493 3734 4544 καὶ

2156 4583 2316 4650 ἡμεῖς
2342 4581 2402 4642 τὸ
2429 4582 2528 4650 τῆς
2556 4581 2892 4651 ψαλμῳδίας,
2929 4582 3004 4652 τῷ
3035 4581 3401 4654 μεγαλοφώνῳ
3425 4583 3586 4636 Δαϐὶδ
3611 4601 3739 4650 συγ-

2155 4674 2488 4744 χορεύοντες,
2517 4675 2598 4727 ὅτι
2633 4674 3053 4743 Εὐλογημένος
3090 4678 3121 4728 ό
3149 4676 3471 4744 ἐρχόμενος
3507 4676 3576 4730 ἐν
3601 4675 3733 4728 ὀνό-

2151 4781 2290 4832 ματι
2341 4766 2584 4832 Κυρίου.
2646 4765 2768 4828 Πῶς
2813 4766 3140 4836 ὲρχὸμενοςς
3206 4767 3282 4820 Οὐ
3339 4767 3590 4838 καθάπερ
3645 4767 3737 4822 διὲ

2157 4855 2341 4908 πλοίου
2397 4857 2562 4919 τινὸς,
2604 4857 2638 4926 ἧ
2671 4858 2968 4928 ὀχήματος,
3025 4859 3112 4912 διὰ
3160 4859 3215 4912 δὲ
3261 4859 3363 4930 τῆς
3403 4859 3738 4930 παρθενικῆς

2157 4946 2422 5018 ἁφθορίας
2444 4949 2537 5000 ἐπὶ
2558 4950 2646 5002 τὸν
2673 4949 3013 5020 ἀνθρώπινον
3031 4952 3144 5022 βίον
3159 4953 3514 5024 διαπεράσας.
3545 4947 3732 5018 οὗτος

2158 5038 2190 5088 ὀ
2222 5035 2366 5102 Θεὸς
2409 5037 2599 5104 ἡμῶν,
2642 5035 2820 5106 οὗτος
2843 5043 2876 5093 ό
2909 5042 3122 5109 Κύριος
3155 5042 3460 5110 ἐπέφανεν
3479 5041 3622 5111 ἡμῖν
3647 5043 3739 5107 είς

2157 5129 2217 5182 τὸ
2267 5131 2636 5200 συστήσασθαι
2689 5131 2789 5204 τὴν
2836 5133 3031 5203 ἑορτὴν
3068 5134 3272 5205 ταύτην
3305 5136 3362 5188 ὲν
3404 5135 3516 5198 τοῖς
3559 5133 3741 5186 πυκά·-

2159 5220 2362 5286 ζουσιν,
2405 5225 2508 5287 ἕως
2541 5225 2648 5278 τῶν
2677 5227 2924 5296 κεράτων
2951 5226 3042 5281 τοῦ
3074 5226 3481 5298 θυσιαστηρίου.
3515 5226 3742 5289 Πάντως

2158 5314 2215 5367 δὲ
2239 5315 2340 5368 οὑκ
2368 5315 2692 5387 ἀγνοοῦμεν,
2725 5318 2962 5387 ἀδελφοὶ,
2988 5319 3050 5372 τὸ
3079 5320 3136 5372 ὲν
3157 5322 3269 5383 τοῖς
3298 5321 3610 5389 εἰρημένοις
3639 5336 3741 5388 μυ·

482 5409 606 5461 dam
627 5401 863 5466 Domini,
887 5417 917 5454 a
949 5415 1060 5470 quo
1077 5411 1378 5468 procreata:
1396 5408 1546 5455 sunt.
1575 5400 1799 5466 Verum,
1822 5401 1949 5469 quia
1973 5416 2050 5454 su«

2165 5407 2416 5476 στήριονσ
2462 5409 2542 5461 ὅτι
2573 5411 2719 5462 πᾶσα
2750 5413 2782 5480 ἡ
2817 5411 2992 5473 κτίσις
3033 5411 3091 5463 ἓν
3131 5428 3182 5463 τι
3213 5409 3304 5464 τοῦ
3339 5410 3609 5464 Δεσπότου
3640 5410 3743 5478 τῆς

482 5496 806 5572 perinducto
831 5502 1056 5564 peccato
1080 5495 1362 5548 obstructa
1391 5504 1546 5549 erant
1566 5509 1662 5547 ora
1693 5495 1934 5555 illorum,
1961 5493 2054 5566 qui

481 5610 513 5648 a
554 5590 762 5648 malitia
798 5587 929 5643 victi
965 5586 1204 5653 fuerant,
1236 5587 1631 5642 exsultationis
1669 5603 1770 5641 vox
1807 5587 2054 5642 obticue-

555 5759 572 5791 ⁸
602 5755 745 5809 Psal.
797 5768 958 5817 LXXX,
994 5749 1046 5804 4.
1128 5752 1147 5782 ²
1178 5749 1194 5803 ι
1224 5751 1346 5804 (lor.
1397 5767 1500 5817 xw,
1544 5751 1573 5802 ’ἲ
1599 5767 1718 5822 sqq.

2163 5496 2390 5559 κτίσεώς
2415 5498 2558 5550 ἐστιν
2579 5499 2896 5571 ἀνάκτορον.
2941 5500 3096 5564 Ἀλλ’,
3127 5501 3311 5572 ἐπειδὴ
3340 5503 3440 5572 τῆς
3469 5498 3738 5570 ἁμαρτίας.

2163 5587 2580 5658 ἐπεισελθούσης
2609 5591 2820 5660 ὲιρράγη
2853 5590 2960 5642 τῶν
2987 5594 3052 5662 τῇ
3086 5593 3255 5663 κακίᾳ
3288 5590 3745 5664 κατειλημμένον)

1821 5751 1839 5782 ³
1894 5749 2066 5805 chit.
2124 5768 2281 5818 χχιιι,
2335 5753 2426 5806 ‘l-I.
2475 5752 2490 5783 ⁵
2523 5752 2668 5808 Psal.
2708 5770 2878 5821 cxvn,
2912 5756 3002 5810 25.
3077 5757 3094 5788 ⁵
3137 5756 3265 5810 ibid.
3294 5756 3386 5811 27.
