4092 6378
364 382 505 440 “‘29

1515 374 1579 428 IN
1619 374 1778 429 DIE.“
1820 372 2148 429 NATALEM
2185 374 2485 431 CHRISTI.

3493 382 3633 439 H30

363 506 430 552 τα
461 497 743 564 στόματα,
797 496 890 547 καὶ
939 493 1307 564 κατεσιγάσθη
1359 493 1509 564 φωνὴ
1552 493 1944 561 ἀγαλλιάσεως,

2050 502 2164 559 rat,
2193 502 2249 549 et
2284 495 2405 550 dies
2436 494 2610 551 festos
2639 494 3041 552 celebrantium
3078 513 3388 554 consensus
3427 499 3634 555 distra-
3692 534 3693 537 η

364 592 457 642 καὶ
481 585 782 656 διεσπάσθη
810 585 918 638 τῶν
944 585 1306 656 ἑορταζόντων
1327 587 1359 655 ἡ
1393 586 1700 658 συμφωνία,
1726 584 1827 655 τῆς
1849 585 1949 639 ἀν-

365 681 645 751 θρωπίνης
667 678 896 741 κτίσεως
923 676 982 730 οὐ
1004 676 1467 749 συνεορταζούσης
1496 678 1560 748 τῇ
1595 676 1950 748 ὑπερκοσμίῳ

364 772 548 842 φύσει,
582 769 672 824 διὰ
706 769 893 823 τοῦτον
935 764 1098 840 ἦλθον
1148 768 1205 821 αἱ
1232 767 1341 821 τῶν
1367 767 1661 840 προφητῶν
1690 769 1784 821 καί
1812 768 1946 821 ἀπο-

365 864 566 919 στόλων
616 862 917 931 σάλπιγγες
937 902 951 922 ,
978 860 1045 925 ἀς
1091 859 1379 930 κερατίνας
1412 861 1441 913 ὁ
1468 859 1651 930 Νόμος
1680 860 1833 931 φησι,
1862 858 1953 914 διὰ

361 958 422 1010 τὺ
452 953 593 1011 εἶναι
622 956 802 1010 αὐτῶν
830 954 929 1025 τὴν
958 952 1301 1025 κατασκευὴν
1334 954 1397 1005 ὲκ
1431 952 1524 1006 τοῦ
1557 951 1811 1024 ἀληθινοῦ
1855 970 1952 1024 μο-

362 1049 687 1120 νοκέρωτος.
736 1048 803 1103 Ai
854 1047 995 1101 κατὰ
1039 1047 1141 1117 τὴν
1191 1045 1283 1099 τοῦ
1333 1046 1647 1117 [Ινεύματος
1688 1045 1949 1117 δύναμιν,

365 1141 617 1195 σύντονον
661 1140 754 1194 τὸν
801 1140 902 1210 τῆς
945 1139 1205 1209 ἀληθείας
1249 1139 1459 1210 ἤχησαν
1488 1138 1666 1206 λόγον,
1717 1138 1805 1191 ἴνα
1853 1136 1952 1207 τῆς

363 1233 531 1303 ἀκοῆς
554 1231 662 1291 τῶν
688 1231 792 1285 ὑπὸ
822 1235 921 1302 τῆς
945 1230 1222 1302 ἁμαρτίας
1252 1229 1731 1301 ὲμπεφραγμένων
1755 1229 1953 1282 διανοι-

366 1324 607 1395 χθείσης,
662 1325 760 1396 μία
787 1324 1010 1393 γένηται
1046 1323 1335 1392 σύμφωνος
1377 1322 1558 1394 ἑορτὴ,
1607 1322 1694 1375 διά
1720 1320 1812 1375 τοῦ
1846 1338 1951 1373 πυ-

366 1417 580 1488 κασμοῦ
608 1417 707 1488 τῆς
731 1416 1105 1488 σκηνοπηγίας
1132 1417 1231 1485 τῆς
1260 1416 1410 1469 κάτω
1440 1415 1671 1477 κτίσεως
1695 1413 1831 1486 πρὸς
1852 1412 1952 1476 τὰς

366 1509 656 1579 ἐξεχούσας
706 1508 800 1562 καὶ
847 1506 1292 1578 προϐεϐλημένας
1334 1504 1463 1575 περὶ
1500 1503 1561 1557 τὸ
1602 1504 1714 1558 ἄνω
1763 1502 1953 1555 θυσια-

369 1602 588 1671 στήριον
617 1600 875 1671 δυνάμεις
918 1597 1323 1669 συνυπηχοῦσα.
1377 1597 1458 1651 Τὰ
1488 1598 1595 1667 γὰρ
1621 1595 1828 1666 κέρατα
1858 1592 1951 1647 τοῦ

366 1693 559 1764 νοητοῦ
609 1691 993 1763 θυσιαστηρίου
1044 1692 1100 1744 αἱ
1145 1688 1585 1763 προϐεϐλημέναι
1633 1705 1691 1740 τε
1739 1687 1833 1741 καὶ
1865 1684 1954 1750 ἐξ·

368 1784 589 1853 ἐχουσαι
620 1785 719 1852 τῆς
746 1783 935 1853 νοερᾶς
971 1780 1183 1850 φύσεως
1204 1781 1473 1851 Δυνάμεις
1494 1778 1860 1850 είσὶν,Ἀρχαί
1890 1794 1949 1829 τε

2051 594 2174 643 ctus
2194 594 2335 651 erat,
2358 602 2482 643 cum
2512 587 2752 642 humana
2785 599 2983 644 natura
3012 604 3137 645 cum
3170 590 3455 646 beatarum
3479 606 3636 646 meu-

2052 677 2190 741 tium
2224 684 2421 731 natura
2452 680 2505 732 in
2537 678 2873 734 celebrando
2904 696 3012 734 non
3047 680 3394 744 conveniret,
3420 680 3636 735 idcirco

2051 780 2329 824 venerunt
2354 770 2747 841 prophetarum
2785 779 2840 827 et
2868 773 3249 843 apostolorum
3279 774 3472 839 turbae,
3496 789 3637 845 quas

2054 860 2165 916 Lex
2200 877 2437 917 corneas
2466 872 2649 929 vocat,
2678 865 2807 936 quia
2832 880 2897 919 ex
2929 880 3060 921 vero
3082 865 3335 921 uuicorni
3368 867 3637 922 confectae

2053 962 2203 1008 sunt.
2228 953 2317 1009 lla:
2346 953 2554 1023 Spiritu
2585 965 2779 1011 sancto
2803 957 3001 1012 inﬂata:
3031 958 3353 1012 continuum
3386 960 3636 1015 veritatis

2053 1061 2251 1101 sonum
2285 1046 2662 1115 protulerunt,
2689 1057 2750 1101 ut
2779 1049 3009 1103 auribus
3037 1064 3254 1113 eorum,
3282 1050 3375 1119 qui
3406 1056 3634 1120 propter

2054 1146 2345 1210 peccatum
2383 1139 2813 1201 obsurducraut.
2847 1141 3159 1211 patefactis,
3193 1157 3288 1211 per
3319 1140 3635 1196 condensa-

2053 1233 2259 1287 tionem
2294 1232 2639 1287 tabernaculi
2672 1231 2955 1287 inferioris
2989 1247 3113 1287 cum
3156 1231 3374 1286 eximiis
3412 1237 3468 1286 et
3498 1245 3635 1301 prte-

2054 1324 2333 1379 stantibus
2373 1324 2481 1379 illis
2515 1324 2839 1390 virtutibus,
2866 1340 2991 1394 quae
3025 1325 3091 1377 ad
3134 1324 3308 1378 altare
3331 1338 3633 1394 supernum

2054 1424 2265 1479 astant,
2294 1417 2710 1479 coneinentem,
2745 1431 2852 1470 una
2887 1413 3629 1471 solemnitascelcbraretur.

2054 1507 2237 1562 Dirini
2284 1508 2433 1563 enim
2468 1508 2620 1563 illius
2664 1507 2859 1563 altaris
2900 1522 3113 1561 cornua
3162 1512 3293 1560 sunt
3332 1505 3551 1559 eximia:
3580 1514 3636 1558 et

2055 1609 2380 1672 praestantes
2412 1600 2655 1656 ca‘lestis
2702 1609 2913 1656 naturae
2957 1599 3221 1663 Virtutes,
3253 1606 3310 1654 ct
3349 1597 3636 1669 Principa-

2055 1699 2167 1754 tus,
2198 1698 2252 1745 et
2278 1688 2613 1755 Potestates,
2637 1698 2690 1744 et
2711 1689 2940 1756 Throni,
2965 1698 3024 1744 et
3047 1688 3483 1751 nominationes,
3512 1688 3635 1757 qui—

2055 1783 2290 1838 buscum
2321 1799 2416 1854 per
2441 1783 2785 1839 tabernaculi
2818 1783 3208 1838 excitationem
3233 1782 3288 1836 in
3314 1780 3635 1837 celebritate

365 1877 459 1929 καὶ
478 1875 767 1939 Ἐξουσίαι,
794 1874 888 1927 καὶ
909 1874 1118 1943 Θρόνοι,
1139 1874 1233 1926 καὶ
1255 1871 1605 1943 Κυριότητεςο
1631 1868 1766 1942 πρὸς
1792 1869 1858 1929 ἀς
1887 1869 1945 1937 τῇ

2060 1875 2422 1947 conjungitur
2460 1875 2703 1930 humana
2765 1882 2986 1940 natura,
3029 1874 3391 1929 renovatione
3437 1886 3635 1942 corpo-

366 1968 621 2040 κοινωνία
665 1968 764 2039 τῆς
815 1966 1008 2037 ἑορτῆς
1054 1967 1386 2021 συνάπτεται
1429 1964 1520 2019 διὰ
1546 1965 1647 2037 τῆς
1682 1963 1823 2019 κατὰ
1850 1963 1949 2034 τὴν

365 2062 661 2113 ἀνάστασιν
691 2058 1063 2129 σκηνοπηγίας
1090 2059 1124 2128 ἡ
1166 2056 1480 2128 ἀνθρωπίνη
1511 2056 1693 2126 φύσις,
1720 2058 1787 2127 τῇ
1815 2057 1950 2109 ἀνα-

364 2149 598 2202 καινίσει
646 2146 756 2200 τῶν
787 2148 1054 2219 σωμάτων
1104 2147 1479 2217 πυκαζομένη.
1532 2147 1605 2200 Τὸ
1636 2146 1745 2218 γὰρ
1774 2147 1951 2200 πυκά-

365 2241 554 2305 ζεσθαι
602 2237 718 2294 ἶσόν
765 2242 882 2293 ἐστι
927 2239 1005 2310 τῷ
1052 2240 1376 2310 κοσμεῖσθαι
1426 2240 1459 2310 ἢ
1507 2240 1946 2312 περιϐάλλεσθαι,

363 2334 547 2395 καθὼς
599 2333 996 2405 ἑρμηνεύουσιν
1046 2334 1095 2385 οἱ
1149 2332 1319 2386 ταῦτα
1361 2331 1735 2401 γινώσκοντες.
1789 2331 1952 2385 Δεῦτε

363 2427 541 2478 τοίνυν
564 2425 701 2493 πρὸς
724 2426 823 2495 τὴν
849 2424 1223 2495 πνευματικὴν
1249 2424 1467 2495 χορείαν
1489 2423 1584 2487 τὰς
1602 2423 1778 2494 ψυχάς
1798 2423 1954 2495 ἡμῶν

364 2517 745 2588 διεγείραντες,
774 2515 1001 2586 ἔξαρχον
1032 2516 1126 2568 κα¹ι
1152 2514 1505 2585 καθηγεμόνα
1534 2516 1625 2568 καὶ
1654 2518 1952 2586 κορυςαίον

2054 1982 2178 2021 rum
2222 1968 2583 2023 condensata.
2636 1966 2771 2022 Nam
2823 1967 3177 2031 condensari,
3224 1975 3279 2021 et
3327 1967 3537 2031 ornari,
3580 1974 3635 2017 et

2056 2058 2206 2114 indui
2242 2058 2385 2115 idem
2416 2068 2524 2123 est,
2556 2070 2615 2115 ut
2658 2060 2759 2117 illi.
2795 2060 2888 2129 qui
2937 2059 3053 2113 lucc
3091 2059 3241 2113 intcll
3268 2066 3424 2129 gunt,
3460 2059 3631 2111 inter-

2057 2160 2363 2221 pretantur.
2390 2151 2551 2222 Agite
2580 2152 2767 2222 igitur,
2793 2152 2860 2207 a'l
2895 2152 3200 2221 spiritalem
3227 2152 3481 2204 choream
3515 2149 3633 2202 ani-

2058 2258 2176 2297 mos
2211 2251 2430 2298 nostros
2469 2244 2796 2306 excitemus,
2828 2245 3099 2312 nobisque
3129 2243 3285 2297 chori
3331 2243 3550 2304 ducem,
3580 2251 3635 2294 et

2060 2335 2390 2405 principem,
2430 2346 2483 2391 et
2521 2337 2871 2406 coryphaeum
2915 2334 3174 2389 Davidem
3233 2348 3630 2405 proponamus,

2061 2434 2116 2479 et
2154 2441 2259 2479 una
2294 2441 2418 2481 eum
2472 2427 2566 2480 illo
2615 2427 2832 2482 dulcem
2870 2428 3015 2480 illam
3051 2428 3372 2481 emittanms
3419 2440 3633 2482 vocem.

2060 2530 2224 2583 quam
2260 2524 2386 2570 ante
2421 2518 2746 2573 cecinimus.

364 2606 463 2675 τῆς
495 2605 850 2675 χοροστασίας
885 2605 1040 2676 ἡμῶν
1061 2646 1076 2671 ,
1129 2606 1222 2658 τὸν
1253 2605 1419 2659 Δαϐὶδ
1449 2604 1904 2677 προστησώμεθα*
1947 2605 2041 2659 καὶ
2063 2607 2303 2676 εἴπωμεν
2327 2610 2444 2675 μετ’
2466 2608 2672 2661 ἐκείνου
2697 2607 2792 2679 τὴν
2825 2609 3082 2677 γλυκεῖαν
3116 2607 3296 2679 φωνὴν
3328 2606 3542 2677 ἐκείνην
3566 2606 3635 2677 ῆν

366 2702 671 2770 φθάσαντες
704 2702 1120 2773 ὑμνῳδὴσαμεν.

436 2796 546 2848 Καὶ
580 2794 739 2849 πάλιν
765 2794 933 2865 αὐτὴν
960 2794 1339 2868 ἀναλάϐωμεν,
1374 2797 1455 2850 ὅτι
1505 2797 1666 2864 Αὕτη
1696 2798 1733 2864 ἡ
1760 2796 1948 2865 ἡμέραν

365 2885 433 2953 ἣν
482 2888 770 2956 ἐποίησεν
802 2891 834 2943 ό
873 2888 1117 2956 Κύριος,
1162 2888 1665 2959 ἀγαλλιασώμεθα
1714 2889 1815 2942 καί
1852 2891 1950 2943 εὐ-

363 2978 717 3049 φρανθῶμεν
756 2980 825 3033 ἐν
868 2979 1044 3047 αὐτῇ.
1112 2981 1200 3033 Ἐν
1335 2980 1619 3051 μειοῦσθαι
1654 2982 1715 3033 τὸ
1759 2981 1948 3044 σκότος

362 3070 629 3140 ἄρχεται,
676 3072 770 3125 καὶ
814 3071 883 3126 τὰ
926 3073 1025 3144 τῆς
1059 3073 1251 3133 νυκτὸς
1289 3072 1462 3142 μέτρα
1493 3071 1570 3141 τῷ
1602 3072 1949 3135 πλεονάζοντι

364 3163 462 3231 τῆς
484 3163 699 3226 ἀκτῖνος
731 3165 1048 3217 συνωθεῖ-ται
1075 3164 1220 3234 ,πρὸς
1253 3162 1511 3233 ἔκλειψιν.
1542 3164 1616 3217 Ού
1651 3164 1943 3235 συντυχικὴ

363 3272 467 3316 τις,
515 3255 766 3324 ἀδελφοὶ,
806 3255 997 3323 γέγονε
1034 3254 1174 3308 κατά
1206 3254 1266 3308 τὸ
1296 3255 1602 3324 αὐτόματον
1644 3256 1677 3326 ἡ
1724 3255 1943 3326 τοιαύτη

367 3347 496 3416 περὶ
543 3346 640 3417 τὴν
687 3347 881 3418 ἑορτὴν
912 3346 1227 3417 οἰκονομία,
1276 3347 1339 3400 τὸ
1376 3346 1471 3400 νῦν
1503 3346 1834 3417 ἐπιφανῆναι
1872 3349 1940 3417 τῇ

364 3440 679 3512 ἀνθρωπίνῃ
708 3442 819 3510 ζωῇ
850 3438 948 3510 τὴν
974 3438 1121 3492 θείαν
1152 3439 1298 3509 ζωήν
1321 3456 1334 3469 ·
1385 3439 1521 3493 ἀλλά
1562 3455 1614 3491 τι
1647 3439 1943 3510 μυστήριον

362 3530 451 3584 διὰ
482 3530 589 3583 τῶν
633 3531 975 3601 φαινομένων
1016 3534 1126 3594 τοῖς
1165 3530 1631 3602 διορατικωτέροις
1677 3531 1942 3601 διηγεῖται

362 3626 395 3692 ἡ
428 3624 621 3686 κτίσις,
661 3624 941 3694 μονονουχὶ.
987 3624 1169 3694 φωνὴν
1218 3625 1438 3692 ἀφιεῖσα
1481 3624 1576 3677 καί
1618 3623 1942 3677 διδάσκουσα

362 3713 454 3766 τὸν
496 3713 711 3766 ἀκούειν
746 3713 1061 3783 δυνάμενον,
1094 3715 1147 3767 τί
1188 3712 1433 3782 βούλεται
1470 3713 1528 3767 ἐν
1560 3716 1626 3785 τῇ
1670 3716 1941 3786 παρουσίᾳ

362 3803 456 3856 τοῦ
483 3805 751 3857 Δεσπότου
781 3806 964 3876 ἡμέρα
993 3804 1497 3875 προσαυξανομένη,
1541 3805 1633 3857 καί⁵
1660 3804 1757 3869 νὺξ
1788 3804 1941 3859 κολο-

361 3897 625 3967 ϐουμένη.
697 3896 838 3964 Ἐγὼ
880 3898 987 3966 γάρ
1022 3914 1112 3967 μοι
1140 3897 1282 3949 δοκῶ
1312 3895 1535 3950 τοιαῦτά
1567 3914 1686 3951 τινα
1718 3897 1941 3962 διεξιού-

362 4005 462 4054 σης
499 3989 716 4047 ἀκούειν
738 3989 837 4058 τῆς
863 3989 1125 4053 κτίσεως,
1174 3989 1255 4044 ὅτι
1285 3987 1469 4042 Ταῦτα
1502 3988 1734 4058 βλέπων,
1766 3983 1811 4043 ὦ
1843 3990 1940 4044 ἀν-

362 4080 569 4152 θρωπε,
610 4083 717 4135 νόει
745 4082 805 4135 τὸ
839 4081 926 4135 διά
959 4082 1067 4134 τῶν
1102 4082 1436 4152 φαινομένων
1466 4082 1706 4153 κρυπτάν
1740 4100 1822 4135 σοι
1848 4082 1940 4154 δη-

361 4172 639 4243 λούμενον.
675 4173 835 4244 Ὁρᾷς
861 4175 952 4227 ἐπὶ
973 4173 1033 4226 τὸ
1052 4174 1348 4244 ἀκρότατον
1372 4176 1545 4244 μῆκος
1573 4173 1833 4245 προελθοῦ
1844 4191 1938 4229 σαν

360 4266 458 4334 τὴν
485 4265 676 4327 νύκτα,
707 4267 801 4318 καὶ
832 4265 1128 4337 ἱσταμένην
1158 4266 1255 4336 τῆς
1282 4267 1374 4319 ἐπὶ
1418 4266 1477 4318 τὸ
1526 4265 1714 4333 πρόσω
1743 4268 1937 4337 φορᾶς,

363 4358 559 4420 καὶείς
584 4358 643 4410 τὸ
668 4357 901 4427 ἔμπαλιν
931 4357 1298 4423 ἀναλύουσαν;
1326 4358 1536 4429 Νόησον
1564 4359 1645 4411 ὃτι
1671 4359 1704 4429 ἡ
1728 4358 1939 4429 πονηρά

358 4444 458 4514 τῆς
488 4446 756 4517 ἁμαρτίας
783 4447 898 4512 νὺξ,
933 4447 1017 4515 ἐφ’
1044 4448 1166 4501 ὅσον
1192 4442 1303 4501 οἷόν
1330 4466 1389 4501 τε
1418 4444 1487 4519 ἦν
1506 4448 1822 4518 αὐξηθεῖσα,
1847 4448 1940 4503 καὶ

357 4533 445 4586 διά
492 4536 670 4603 πάσης
720 4536 905 4589 κακῶν
953 4536 1195 4601 ἐπινοίας
1241 4538 1335 4591 ἐπὶ
1382 4537 1445 4591 τὸ
1497 4538 1796 4609 ἀκρότατον
1841 4541 1939 4610 τῆς
1972 4570 2017 4626 D

360 4628 622 4696 πονηρίας
678 4627 904 4697 μέγεθος
950 4629 1235 4696 φθάσασα,
1284 4630 1525 4702 σήμερον
1558 4631 1796 4703 ἀνεκόπη
1840 4634 1940 4704 τῆς

359 4719 451 4771 ἐπὶ
480 4720 663 4772 πλεῖον
692 4720 860 4790 νομῆς
880 4760 892 4780 ,
946 4722 1039 4773 καὶ
1069 4721 1138 4774 τά
1170 4722 1278 4775 ἀπὸ
1313 4722 1502 4775 τούτου
1534 4723 1670 4793 πρὸς
1699 4722 1939 4795 ἔκλειψίν

357 4828 417 4864 τε
440 4812 534 4865 καί
554 4811 859 4881 ἀφανισμὸν
891 4812 1286 4869 συνελαύνεται.
1330 4814 1491 4886 Ὁρᾷς
1518 4816 1617 4885 τὴν
1640 4814 1732 4869 τοῦ
1764 4818 1940 4885 φωτὸς

357 4900 552 4951 ἀκτῖνα
583 4898 995 4971 διαρκεστέραν,
1046 4902 1138 4955 καὶ
1166 4902 1491 4974 ὑψηλότερον
1521 4906 1619 4975 τῆς
1652 4907 1938 4977 συνηθείας

355 4991 449 5044 τὸν
476 4991 627 5061 ἦλιον
656 5008 670 5056 ;
697 4991 826 5044 Νόει
865 4991 958 5044 τοῦ
987 4992 1238 5062 ἀληθινοῦ
1275 4995 1451 5063 φωτὸς
1483 4997 1579 5066 τὴν
1608 4998 1932 5068 παρουσίαν,

355 5080 448 5133 τοῦ
490 5084 610 5144 ταῖς
644 5079 1028 5149 εὑαγγελικαῖς
1056 5083 1237 5135 ἀκτῖσι
1270 5085 1450 5138 πᾶσαν
1482 5086 1579 5156 τὴν
1613 5089 1937 5159 οἰκουμένην

354 5170 847 5236 καταφωτίζοντος.
881 5172 1034 5242 Τάχα
1064 5173 1120 5225 δὲ
1153 5174 1247 5227 καὶ
1274 5173 1367 5226 τοῦ
1397 5175 1473 5246 μὴ
1513 5177 1790 5248 καταρχὰς
1816 5180 1938 5231 ὲπι-

356 5262 594 5332 φανῆναι
639 5264 731 5317 τὸν
776 5264 980 5337 Κύριον
998 5306 1012 5330 ,
1061 5265 1174 5318 ἀλλ’
1206 5267 1292 5318 ἐπ’
1321 5268 1566 5338 ἐσχάτων
1593 5270 1703 5323 τῶν
1731 5270 1937 5341 χρόνων

355 5356 683 5424 χαρίσασθαι
724 5358 791 5426 τῇ
824 5355 1136 5427 ἀνθρωπίνῃ
1172 5355 1284 5427 ζωῇ
1326 5357 1426 5427 τῆς
1473 5358 1725 5428 θεότητος
1769 5342 1934 5413 αύτου

354 5447 454 5516 τὴν
503 5446 836 5516 ἐμφάνειαν,
886 5448 1091 5517 ταύτην
1121 5446 1186 5501 ἄν
1222 5465 1304 5510 τις
1344 5448 1442 5519 τὴν
1477 5450 1656 5503 αἰτίαν
1698 5453 1936 5519 εὐλόγως

355 5537 724 5605 ὑπονοήσειεν,
754 5537 835 5589 ὃτι
860 5538 888 5589 ό
914 5538 1122 5607 μέλλων
1148 5539 1240 5591 ἐπὶ
1262 5538 1577 5611 καθαιρέσει
1608 5540 1706 5610 τῆς
1738 5541 1934 5604 κακίας

351 5627 429 5697 τῷ
449 5626 776 5698 ἀνθρωπίνῳ
800 5630 1232 5699 καταμίγνυσθαι
1262 5629 1382 5700 βίῳ,
1415 5631 1726 5696 ἀναγκαίως
1755 5633 1935 5686 πᾶσαν

1008 5816 1050 5843 ¹τ
1093 5814 1282 5867 Matth.
1329 5830 1410 5872 Ill.
1452 5816 1536 5871 1οο

1146 5909 1363 5969 XLVI.

356 5815 395 5844 ¹“
434 5813 574 5869 l‘sal.
628 5828 797 5877 cxvu,
831 5814 921 5868 ειι.

676 5908 944 5966 ΡΑτιιοι..
987 5908 1079 5967 Gn

2127 2792 2216 2846 Sic
2244 2792 2412 2861 igitur
2448 2808 2672 2846 rursum
2706 2803 3037 2863 repetamus.
3078 2794 3205 2848 ch
3228 2804 3305 2846 est
3341 2796 3452 2848 dies
3472 2810 3632 2864 quam

2051 2884 2175 2951 fecit
2196 2882 2452 2937 Dominus
2476 2901 2493 2936 :
2515 2884 2861 2945 exsultemus,
2888 2894 2937 2938 et
2954 2884 3193 2939 lmtemur
3211 2888 3261 2938 in
3288 2902 3350 2939 ea
3368 2885 3431 2938 '°.
3454 2883 3511 2937 In
3533 2886 3633 2938 hac

2052 2976 2293 3032 tenebrae
2327 2976 2597 3045 incipiunt
2640 2976 2835 3041 minui,
2876 2984 2932 3031 et
2968 2984 3260 3032 crescente
3313 2976 3629 3047 splendore,

2051 3070 2230 3124 noctis
2265 3068 2485 3123 termini
2516 3070 2941 3122 contrahuntur.
2967 3067 3154 3138 Neque
3180 3070 3325 3123 enim
3370 3085 3505 3124 casu
3535 3082 3631 3124 aut

2053 3170 2246 3230 sponte
2276 3175 2376 3214 sua
2409 3160 2738 3229 contingunt
2769 3160 2903 3222 hzec,
2937 3161 3161 3225 fratres,
3191 3163 3243 3216 in
3282 3162 3382 3216 hac
3412 3162 3503 3217 die
3536 3178 3629 3217 so-

2053 3252 2243 3315 lemni,
2268 3267 2375 3322 qua
2408 3253 2659 3306 humana:
2696 3252 2819 3306 vita:
2852 3254 3106 3321 splendet
3129 3253 3315 3309 divina
3354 3255 3461 3309 vita
3492 3271 3505 3307 :
3535 3258 3629 3311 sed

2053 3360 2147 3414 per
2174 3359 2236 3400 ea
2262 3360 2383 3415 qua:
2406 3354 2712 3399 cernuntur
2743 3346 2945 3401 mentis
2981 3347 3155 3401 aciem
3196 3346 3627 3411 intendentibus,

2052 3451 2321 3490 arcanum
2353 3436 2628 3506 quoddam
2654 3437 2901 3491 ostendit
2931 3446 3151 3501 natura,
3180 3454 3242 3494 ac
3273 3448 3483 3495 tantum
3516 3457 3626 3496 non

2052 3543 2239 3582 vocem
2269 3532 2527 3583 emitteus
2556 3528 2715 3582 docet
2739 3544 2856 3591 eos,
2881 3530 2972 3596 qui
3002 3529 3193 3584 audire
3221 3541 3472 3602 possunt,
3496 3536 3626 3605 quid

2050 3620 2155 3674 sibi
2190 3620 2340 3683 velit,
2367 3618 2514 3688 quod
2548 3620 2602 3673 in
2634 3620 2869 3674 adventu
2894 3619 3107 3675 Domini
3139 3622 3258 3678 dies
3298 3635 3550 3695 augetur,
3572 3636 3627 3681 ct

2050 3727 2155 3766 nox
2188 3712 2552 3766 imminuitur.
2580 3711 2704 3765 Mihi
2736 3713 2881 3765 enim
2917 3714 3110 3769 videor
3144 3730 3263 3769 eam
3295 3716 3374 3771 sic
3400 3718 3625 3789 loquen-

2049 3812 2156 3859 tem
2191 3805 2454 3861 exaudirc
2482 3820 2495 3857 :
2527 3804 2853 3866 Considera,
2888 3806 3076 3872 homo,
3107 3808 3200 3873 qui
3234 3808 3350 3864 hagc
3395 3812 3621 3882 aspicis.

2046 3896 2204 3951 exiis
2239 3913 2361 3967 quae
2399 3897 2679 3961 videntur,
2713 3914 2776 3951 ea
2808 3898 2905 3952 tibi
2939 3901 3141 3970 aperiri
3179 3916 3301 3970 qua:
3342 3904 3623 3960 recondita

2047 3997 2196 4044 sunt.
2220 3988 2382 4045 Vides
2399 3996 2614 4044 noctem
2642 3989 2706 4041 ad
2728 4004 2997 4043 summam
3023 3990 3421 4061 longitudinem
3444 4011 3627 4064 pervc-

2047 4082 2219 4146 nisse,
2261 4087 2317 4135 et
2352 4094 2479 4134 cum
2528 4081 2782 4150 progredi
2843 4082 3076 4138 ulterius
3128 4096 3381 4154 nequeat,
3434 4089 3624 4143 consi-

2046 4181 2215 4237 stere,
2249 4186 2313 4226 ac
2338 4168 2801 4240 regredi?Cogita
2827 4172 3117 4229 exitiosam
3151 4177 3355 4245 peccati
3382 4187 3623 4245 noctem,

2048 4276 2170 4333 quae
2199 4261 2361 4316 malis
2384 4259 2643 4315 omnibus
2671 4262 2884 4317 artibus
2916 4274 3074 4318 aucta
3105 4265 3173 4318 ad
3203 4282 3480 4323 summum
3514 4287 3624 4324 ma-

2046 4354 2178 4409 litia:
2200 4353 2482 4409 cumulum
2512 4361 2760 4420 venerat,
2787 4354 2951 4410 hodie
2984 4357 3216 4411 recisam
3241 4374 3390 4425 esse,
3415 4376 3484 4415 ne
3512 4362 3623 4416 lon-

2046 4442 2172 4517 gius
2196 4453 2463 4517 serperet,
2498 4454 2662 4517 atque
2697 4448 2828 4501 illuc
2854 4449 3118 4520 deinceps
3150 4451 3346 4521 redigi,
3376 4465 3434 4508 ut
3462 4456 3623 4525 plane

2046 4535 2286 4598 deﬁciat,
2318 4551 2383 4590 ac
2421 4534 2692 4590 deleatur.
2716 4534 2881 4593 Vides
2912 4538 3199 4595 uberiores
3242 4540 3383 4595 lucis
3412 4543 3620 4607 radios,

2046 4637 2103 4683 et
2118 4629 2290 4685 solem
2312 4628 2477 4683 solito
2500 4629 2880 4684 sublimiorem
2899 4631 2923 4684 ?
2942 4630 3129 4701 Cogita
3155 4650 3296 4689 verae
3326 4636 3462 4691 lucis
3492 4652 3624 4706 pra»

2046 4719 2277 4773 sentiam
2320 4716 2600 4788 Evangelii
2650 4719 2821 4773 radiis
2878 4727 3051 4774 totum
3100 4723 3290 4778 orbem
3346 4733 3620 4782 terrarqu

2046 4808 2345 4862 illustrare.
2367 4807 2523 4873 Quod
2562 4816 2743 4862 autem
2776 4809 3028 4865 humana:
3055 4812 3178 4867 vita:
3204 4829 3313 4868 non
3337 4816 3406 4869 ab
3434 4816 3618 4881 initio,

2045 4898 2140 4955 sed
2182 4899 2251 4954 ab
2282 4900 2546 4956 extremis
2586 4902 2926 4971 temporibus
2977 4902 3243 4960 Dominus
3276 4910 3617 4977 apparuerit,

2045 4991 2188 5046 hanc
2215 4996 2411 5047 merito
2448 4992 2682 5048 lortasse
2702 5008 2926 5047 causam
2959 4995 3232 5065 quispiam
3257 4999 3619 5067 existimabit,

2044 5082 2190 5152 quod
2239 5082 2355 5152 qui,
2404 5084 2667 5137 malitiam
2709 5092 2767 5137 ut
2807 5085 3055 5149 tolleret,
3104 5088 3396 5143 humanam
3446 5093 3619 5148 vitam

2042 5184 2161 5228 erat
2207 5176 2583 5245 ingressurus,
2610 5179 2953 5247 exspectavit
2996 5185 3333 5249 necrssario,
3354 5191 3415 5238 ut
3458 5200 3622 5241 omne

2042 5269 2111 5322 ab
2134 5268 2361 5322 inimico
2384 5277 2562 5323 satum
2595 5279 3062 5343 propagatumque
3101 5286 3387 5345 peccatum
3413 5281 3619 5349 germi-

2042 5367 2218 5423 naret,
2242 5373 2307 5412 ac
2345 5369 2460 5412 tum
2492 5359 2738 5427 demum,
2768 5370 2827 5414 ut
2858 5362 3057 5433 legitur
3092 5363 3145 5418 in
3180 5364 3499 5438 Evangelia,
3526 5386 3619 5423 ra-

2041 5451 2148 5504 dici
2193 5451 2431 5505 securim
2480 5451 2723 5505 admovit
2747 5454 2808 5507 ".
2842 5452 2974 5508 Nam
3005 5464 3057 5510 et
3087 5457 3177 5526 qui
3205 5468 3465 5528 praestant
3504 5478 3622 5517 mea

2040 5542 2204 5596 dendi
2255 5541 2536 5608 facultate,
2572 5542 2702 5598 dum
2741 5543 2914 5603 febris
2943 5550 3123 5605 adhuc
3169 5567 3374 5624 corpus
3408 5556 3615 5618 exurit,

2041 5642 2096 5688 et
2130 5649 2193 5686 cx
2226 5634 2411 5689 causis
2454 5635 2708 5691 morbum
2744 5636 3108 5695 cﬂicicntibus
3141 5645 3403 5712 paulatim
3434 5645 3614 5698 inten-

3195 5916 3277 5976 36
