4092 6378
507 383 639 440 1131

1722 380 1778 436 S.
1821 381 2148 437 GREGORII
2184 381 2482 438 NYSSENI

3594 363 3758 450 tisi

505 500 674 562 ditur,
707 497 1088 552 obsecumlant
1130 496 1340 560 morbo,
1373 495 1552 564 quoad
1582 493 1665 548 vis
1701 494 1768 547 ad
1801 508 2076 548 summum

2190 495 2433 565 ἀνέμεινε
2462 494 2559 566 τὴν
2590 494 2740 566 παρὰ
2763 495 2855 548 τοῦ
2885 495 3109 566 Ἐχθροῦ
3138 495 3459 566 ῥιζωθεῖσαν
3486 469 3756 566 ἁμαρτίαν

505 589 841 659 pervenerit,
886 602 987 640 nec
1034 587 1142 641 cibi
1194 585 1504 641 subsidium
1564 583 1734 638 ullum
1792 576 2080 653 aegrotanti

508 681 753 753 praebent
783 697 795 732 :
827 689 884 732 at
919 679 1010 732 ubi
1047 679 1252 732 malum
1281 677 1615 745 constiterit,
1656 677 1928 748 patefacto
1968 677 2082 748 jam

507 783 624 828 toto
662 773 875 835 morbo,
917 781 1047 825 tunc
1090 780 1262 826 artem
1315 771 1598 826 adhibent.
1631 773 1724 827 Sic
1769 773 2080 826 animorum

509 865 896 934 egrotantium
917 863 1162 918 medicus
1180 864 1542 933 exspectavit,
1562 865 1689 919 dum
1713 865 1931 919 malitire
1947 879 2086 920 mor-

509 960 638 1022 bus,
667 972 776 1027 quo
811 966 1004 1010 natura
1047 956 1330 1009 hominum
1365 957 1510 1010 victa
1553 957 1858 1016 laborabat.
1883 973 1944 1012 sc
1995 965 2082 1011 to-

509 1060 624 1104 tum
663 1048 922 1119 aperiret,
950 1063 1015 1102 ne
1045 1047 1220 1102 latens
1251 1047 1456 1117 aliquid
1484 1049 1796 1103 incuratum
1829 1065 2083 1104 remane-
2113 1107 2120 1111 ,

510 1151 614 1205 ret,
658 1140 702 1194 si
735 1146 958 1192 curaret
1003 1137 1054 1192 id
1097 1137 1276 1192 solum
1311 1139 1457 1208 quod
1500 1149 1840 1195 cerneretur.
1893 1140 2084 1211 Itaque

507 1248 612 1288 nec
641 1231 754 1286 Noe
785 1238 1135 1301 tempestate,
1168 1246 1294 1286 cum
1327 1230 1511 1286 omnis
1538 1247 1669 1287 caro
1701 1233 1756 1287 in
1793 1233 2086 1304 iniquitate

509 1335 772 1394 corrupta
794 1331 964 1387 esset,
980 1321 1218 1377 adventu
1244 1338 1345 1377 suo
1370 1323 1697 1378 medicinam
1720 1324 1926 1387 attulit,
1953 1325 2082 1395 quia

509 1413 754 1470 nondum
791 1413 1117 1469 Sodomitici
1156 1415 1383 1470 sceleris
1417 1430 1637 1486 germen
1674 1415 2081 1484 pulluluverat:

510 1522 613 1563 nec
655 1515 899 1576 tempore
937 1507 1240 1562 eversionis
1293 1505 1654 1561 Sodomorum
1687 1506 1952 1565 Dominus
1991 1510 2087 1563 ad-

509 1599 688 1663 venit,
731 1600 995 1668 quoniam
1051 1597 1104 1650 in
1148 1597 1385 1651 humana
1435 1609 1632 1650 natura
1683 1597 1854 1651 multa
1909 1598 2086 1653 adhuc

512 1691 651 1742 mala
676 1689 982 1744 latitabant.
1005 1686 1107 1742 Ubi
1133 1688 1279 1742 enim
1306 1687 1508 1757 impius
1532 1685 1781 1744 Pharao?
1803 1687 1903 1744 Ubi
1931 1689 2086 1744 indo-

511 1782 643 1834 mita
678 1780 1060 1851 {Egyptiorum
1102 1776 1350 1831 malitia?

2186 586 2590 658 ἀναϐλαστῆσαι
2618 603 2632 616 ·
2681 580 2780 639 εἷθ’
2818 585 2988 650 οὓτως
3023 587 3292 657 ἐπήγαγε,
3325 585 3509 650 καθώς
3541 603 3672 657 φησι
3699 587 3759 640 τὸ

2184 669 2538 748 Εὐαγγέλιον,
2567 678 2663 750 τὴν
2693 677 2880 748 ἀξίνην
2908 680 2972 749 τῇ
3000 677 3144 749 ῥίζῃ.
3176 678 3286 731 Καὶ
3305 677 3413 748 γὰρ
3431 677 3540 730 τῶν
3563 678 3759 747 ἰατρῶν

2184 775 2236 827 οἰ
2284 775 2351 844 τῇ
2392 773 2558 843 τέχνῃ
2605 771 2957 842 προέχοντες,
3001 770 3209 825 ἔνδοθεν
3251 771 3331 824 ἔτι
3372 771 3433 824 τὸ
3481 771 3639 841 σῶμα
3665 771 3759 824 τοῦ

2187 864 2422 937 πυρετοῦ
2453 864 2865 934 διασμύχοντος,
2893 864 2987 917 καὶ
3013 863 3134 916 κατ’
3160 863 3337 931 ὀλίγον
3365 863 3471 916 ύπδ
3496 863 3601 916 τῶν
3621 881 3761 916 νοσο-

2186 957 2356 1010 ποιῶν
2397 956 2586 1010 αἰτιῶν
2629 953 2998 1024 ὲξαπτομένου
3020 993 3035 1017 ,
3081 953 3337 1006 ὲνδιδόασι
3369 953 3446 1022 τῷ
3479 954 3761 1024 ἀρρωστή-

2190 1066 2342 1119 ματι,
2383 1049 2574 1118 μέχρις
2602 1045 2667 1099 ἃν
2709 1046 2789 1109 είς
2819 1044 3002 1115 ἀκμὴν
3030 1043 3265 1114 προέλθῃ
3300 1044 3360 1097 τὸ
3391 1043 3580 1108 πάθος,
3615 1044 3761 1097 οὐδε-

2190 1141 2317 1209 μίαν
2355 1139 2419 1192 ὲκ
2459 1138 2567 1191 τῶν
2602 1136 2785 1191 σιτίων
2830 1136 3126 1204 ἐπάγοντες
3163 1134 3242 1206 τῷ
3277 1135 3591 1188 ἀσθενοῦντι
3637 1133 3762 1204 βοή-

2188 1230 2357 1284 θειαν·
2407 1228 2626 1283 ἐπειδὰν
2669 1227 2725 1280 δὲ
2769 1227 3030 1296 στάσιμον
3069 1225 3290 1297 γένηται
3321 1225 3380 1278 τὸ
3417 1225 3607 1289 κακὸν,
3640 1225 3761 1278 τότε

2186 1323 2284 1394 τὴν
2306 1323 2500 1392 τέχνην
2541 1321 2855 1389 ἐπάγουσιν,
2881 1319 3208 1390 ἐκφανείσης
3236 1318 3416 1388 πάσης
3453 1319 3551 1389 τῆς
3581 1318 3756 1374 νόσου.

2189 1414 2373 1475 Οὕτως
2394 1412 2488 1467 καλ⁸
2509 1414 2537 1465 6
2563 1412 2689 1475 τοὺς
2717 1410 2902 1473 κακῶς
2921 1411 3140 1482 ἔχοντας
3158 1409 3256 1481 τὴν
3275 1409 3452 1482 ψυχὴν
3479 1410 3760 1482 ἰατρεύων,

2188 1505 2437 1575 ἀνέμεινε
2466 1504 2564 1575 τὴν
2593 1505 2656 1557 ὲκ
2689 1502 2886 1566 κακίας
2923 1503 3110 1568 νόσον,
3238 1501 3621 1573 κατεκρατήθη
3655 1501 3764 1555 τῶν

2186 1596 2486 1663 ἀνθρώπων
2535 1597 2569 1666 ἡ
2619 1594 2806 1665 φύσις,
2861 1595 3043 1647 πᾶσαν
3091 1592 3527 1665 ὲκκαλυφθῆναι,
3574 1595 3648 1657 ὼς
3696 1594 3764 1648 ἂν

2191 1688 2356 1758 μηδὲν
2382 1688 2490 1740 τῶν
2529 1686 2926 1758 κεκρυμμένων
2969 1685 3339 1756 ἀθεράπευτον
3391 1685 3613 1756 μείνειε,
3667 1685 3763 1739 τοῦ

2193 1779 2377 1851 ἰατροῦ
2416 1779 2575 1850 μόνον
2600 1778 2661 1832 τὸ
2684 1778 2850 1848 φανὲν
2877 1777 3290 1850 θεραπεύοντος.
3322 1778 3420 1832 Διὰ
3452 1776 3613 1832 τοῦτο
3640 1776 3762 1830 οὕτε

511 1873 652 1927 κατά
675 1874 798 1935 τοὺς
833 1872 1058 1943 καιροὺς
1100 1869 1194 1924 τοῦ
1231 1872 1354 1924 Νῶε
1381 1871 1563 1941 πάσης
1589 1871 1790 1942 σαρκὸς
1847 1874 1906 1924 ἐν
1970 1872 2154 1944 ἀδικίᾳ
2195 1873 2656 1944 καταφθαρείσης,
2704 1871 2900 1940 ἐπάγει
2935 1871 3021 1926 διὰ
3051 1874 3150 1942 τῆς
3180 1869 3312 1934 ἰδίας
3340 1871 3639 1941 ἐμφανείας
3665 1871 3764 1941 τὴν

510 1966 654 2016 ῐασιν
675 2005 686 2027 ,
733 1963 815 2016 ὅτι
850 1961 1005 2016 ούπω
1042 1963 1142 2032 τῆς
1176 1961 1528 2032 Σοδομιτικῆς
1566 1962 1764 2026 κακίας
1789 1963 1818 2016 6
1842 1962 2070 2032 βλαστὸς
2111 1965 2314 2035 ὲξεφύη
2337 1981 2352 1996 ⁶
2401 1963 2524 2018 οὕτε
2557 1963 2650 2018 τοῦ
2677 1962 2870 2035 καιροῦ
2909 1963 3008 2034 τῆς
3074 1961 3324 2032 Σοδόμων
3382 1961 3764 2032 καταστροφῆς

508 2059 537 2108 6
571 2055 772 2124 Κύριος
805 2051 1074 2122 φαίνεται.
1120 2051 1263 2104 Διότι
1308 2049 1475 2105 πολλὰ
1509 2050 1614 2105 τῶν
1647 2051 1953 2105 ὑπολοίπων
1993 2053 2178 2107 κακῶν
2222 2053 2302 2107 ἔτι
2345 2057 2413 2125 τῇ
2447 2053 2761 2126 ἀνθρωπίνῃ
2801 2053 3210 2124 κατεκρύπτετο
3235 2053 3415 2123 φύσει.
3457 2050 3566 2105 Ποῦ
3600 2050 3707 2121 γὰρ
3735 2052 3767 2104 6

513 2148 778 2219 θεομάχος
804 2146 1030 2219 Φαραώ;
1061 2146 1170 2200 Ποῦ
1198 2145 1306 2200 τῶν
1334 2129 1644 2213 Αἰγυπτίων
1672 2149 1706 2218 ἡ
1732 2147 2040 2218 ἀδάμαστος
2079 2150 2310 2221 πονηρία
2335 2167 2349 2214 ;

584 2241 693 2294 Nec
721 2249 851 2294 tunc
877 2239 1042 2309 igitur
1073 2246 1288 2307 tempus
1315 2236 1441 2294 fuit.
1472 2246 1530 2291 ut
1552 2245 1836 2309 reparator
1859 2239 2079 2292 univer-

2257 2240 2330 2292 Ού
2363 2240 2471 2309 μὴν
2514 2241 2634 2294 οὐδὲ
2671 2241 2791 2293 τότε
2839 2238 2918 2310 τῷ
2961 2238 3224 2310 διορθωτῇ
3274 2237 3368 2292 τοῦ
3420 2237 3627 2302 παντὸς
3676 2235 3769 2291 εῦ-

513 2334 584 2396 si,
612 2339 881 2402 tempore,
919 2331 1165 2401 inquam,
1209 2328 1592 2400 Aigyptiorum
1630 2331 1921 2394 malorum,
1955 2331 2083 2387 huic

513 2426 638 2478 vitae
669 2439 729 2479 se
771 2421 1318 2478 commisceret:sed
1365 2421 1669 2490 oportebat,
1705 2430 1763 2477 ut
1811 2423 2086 2478 lsraelita-

517 2531 636 2569 rum
661 2515 923 2585 iniquitas
943 2513 1239 2584 pateﬁeret.
1260 2512 1575 2584 Oportebat,
1599 2525 1658 2569 ut
1681 2531 1906 2586 regnum
1925 2517 2086 2588 Assy-

518 2608 822 2670 riorum,et
878 2605 1133 2674 superbia
1184 2603 1706 2668 Nabuchodonosor,
1754 2606 1930 2659 adhuc
1959 2607 2085 2661 lati-

516 2709 660 2761 tans,
695 2699 748 2750 in
804 2697 914 2750 vita
953 2695 1358 2751 ostenderetur.
1391 2695 1717 2766 Oportebat,
1761 2705 1820 2751 ut
1868 2699 2084 2766 piorum

513 2791 691 2854 caades
759 2797 1017 2860 tanquam
1083 2789 1347 2843 scelerata
1405 2791 1735 2859 spinosaque
1787 2790 1974 2859 planta
2019 2805 2087 2845 ex

514 2883 654 2936 mala
680 2882 884 2937 diaboli
929 2881 1111 2936 radice
1143 2880 1405 2951 prodiret.
1430 2879 1749 2950 Oportebat,
1783 2889 1842 2935 ut
1872 2880 2087 2936 Judaao-

516 2990 635 3027 rum
681 2973 980 3044 prophetas
1011 2973 1402 3035 occidentium,
1433 2980 1487 3026 et
1518 2988 1548 3025 a
1573 2971 1685 3027 Deo
1715 2973 1914 3029 missos
1946 2973 2085 3044 lapi-

515 3066 676 3120 dibus
711 3065 1082 3130 obruentium,
1121 3078 1183 3118 ac
1220 3063 1487 3118 Zacharia
1516 3064 1739 3119 tandem
1781 3065 1923 3120 inter
1953 3075 2087 3121 tem-

515 3159 662 3227 plum
690 3166 744 3212 et
779 3157 951 3211 altare
983 3153 1272 3211 interfecto
1293 3156 1357 3221 ιθ,
1380 3156 1655 3226 piaculum
1679 3158 2085 3213 admittentium

517 3249 696 3303 rabies
717 3247 1088 3316 detegeretur.
1109 3246 1189 3300 Ad
1215 3249 1607 3302 sceleratorum
1640 3250 1950 3319 germinum
1983 3267 2087 3304 nu-

515 3355 725 3396 merum
759 3339 897 3395 adde
923 3346 978 3392 et
1009 3338 1297 3391 infantium
1335 3338 1405 3392 ab
1438 3337 1651 3394 Herode
1682 3349 1950 3410 patratam
1985 3357 2086 3396 cte-

517 3433 661 3486 dem.
702 3431 836 3486 Cum
897 3429 1064 3501 igitur
1101 3428 1323 3482 malitiae
1361 3430 1444 3485 vis
1475 3446 1532 3485 se
1573 3440 1744 3487 totam
1772 3433 2082 3500 elludisset,

519 3524 816 3592 multisque
847 3524 1133 3578 luxurians
1173 3525 1352 3580 modis
1390 3525 1652 3578 crevisset
1681 3525 1732 3577 in
1766 3526 1967 3579 animis
1992 3541 2080 3580 eo.

517 3613 774 3682 rum,qui
815 3613 1046 3682 singulis
1084 3614 1299 3670 saeculis
1347 3613 1553 3668 scelere
1585 3614 1824 3684 insignes
1862 3617 2088 3670 exstite-
2117 3589 2164 3652 ο

518 3716 666 3771 rant,
717 3716 849 3760 tunc
884 3705 1046 3772 Deus,
1093 3715 1150 3760 ut
1204 3710 1271 3761 ad
1317 3705 1684 3780 Athenienses
1737 3705 1940 3762 Paulus
1993 3710 2088 3775 ait,

517 3799 840 3869 ignorantiae
895 3807 1139 3868 tempora
1190 3797 1524 3867 despiciens,
1560 3797 1612 3852 in
1645 3798 1840 3855 diebus
1883 3801 2091 3855 ultimis

515 3894 822 3958 advenit",
869 3892 1091 3963 quando
1128 3905 1237 3946 non
1269 3899 1386 3944 erat
1427 3890 1736 3961 intelligens
1769 3908 1867 3948 nec
1903 3895 2090 3962 requi-

516 4000 644 4042 rens
681 3983 852 4040 Deum
888 4004 900 4039 :
932 3984 1153 4054 quando
1183 3985 1373 4040 cuncti
1417 3984 1825 4039 declinaverant
1860 3993 1914 4039 et
1963 3984 2089 4039 lacti

516 4086 674 4133 erant
707 4076 931 4132 inutiles
951 4077 1018 4142 ὀ,
1043 4077 1263 4147 quando
1306 4064 1564 4131 conclusa
1598 4084 1756 4130 erant
1781 4077 1963 4130 omnia
1990 4077 2092 4131 sub

518 4175 745 4236 peccato
766 4168 833 4231 “,
857 4167 1080 4238 quando
1111 4169 1373 4238 iniquitas
1400 4167 1733 4233 abundabat,
1758 4168 1978 4238 quando
2013 4170 2092 4222 vi-

517 4260 717 4314 tiorum
741 4259 976 4314 tenebrae
1008 4258 1074 4312 ad
1097 4275 1370 4314 summum
1403 4275 1574 4330 usque
1602 4261 1896 4314 terminum
1934 4266 2092 4314 vesc-

521 4357 665 4405 rant.
690 4348 843 4404 Tunc
871 4351 1122 4420 apparuit
1150 4353 1347 4422 gratia,
1377 4359 1506 4406 tunc
1550 4367 1690 4407 vera:
1721 4351 1858 4404 lucis
1892 4351 2092 4404 enituit

519 4441 726 4503 radius,
751 4447 883 4494 tunc
920 4441 976 4495 in
1025 4442 1268 4497 tenebris
1296 4450 1350 4495 et
1379 4442 1570 4496 umbra
1613 4442 1808 4496 mortis
1847 4441 2092 4496 sedenti-

519 4531 625 4586 bus
669 4539 824 4586 ortus
862 4539 945 4586 est
972 4530 1197 4599 iustitia:
1244 4534 1324 4586 sol
1349 4535 1395 4565 ¹²
1422 4550 1435 4585 :
1464 4541 1596 4588 tunc
1631 4532 1922 4586 humanam
1971 4547 2092 4586 car-

521 4636 645 4676 nem
680 4620 904 4676 indutus
928 4622 1097 4675 multa
1129 4623 1401 4692 serpentis
1430 4623 1610 4693 capita
1645 4623 1777 4691 pede
1807 4625 2089 4687 contrivit,

521 4710 589 4765 ad
622 4719 937 4782 terramque
971 4712 1202 4766 allidens
1244 4715 1606 4769 conculcavit.
1634 4713 1712 4770 Ne
1751 4716 1875 4785 quis
1907 4723 2089 4770 autem

522 4803 686 4869 mala,
713 4819 833 4873 quae
868 4819 1016 4858 nunc
1060 4804 1114 4858 in
1151 4804 1261 4858 vita
1292 4814 1442 4869 sunt,
1468 4806 1791 4876 respiciens,
1823 4805 1960 4860 falsa
1988 4821 2092 4862 nos

2187 2349 2376 2403 καιρον
2409 2328 2497 2404 ἦν,
2533 2336 2600 2404 τῇ
2635 2333 2743 2386 τῶν
2789 2331 3101 2400 Αἰγυπτίων
3139 2330 3282 2399 λέγω
3311 2330 3498 2400 κακίᾳ,
3532 2347 3768 2400 καταμι-

2187 2425 2378 2495 χθῆναι
2411 2425 2490 2495 τῷ
2536 2425 2654 2496 βίῳ.
2703 2424 2844 2476 Ἀλλ’
2873 2423 2977 2476 ἔδει
3012 2425 3105 2476 καὶ
3130 2423 3237 2476 τῶν
3285 2422 3632 2494 Ἰσραηλιτῶν
3663 2423 3766 2492 τὴν

2187 2517 2533 2587 παρανομίαν
2587 2516 2948 2586 ἀναφανῆναι.
2997 2515 3146 2568 Ἔδει
3193 2517 3284 2568 καὶ
3327 2516 3426 2587 τὴν
3468 2515 3770 2586 ’Λσσυρίων

2189 2606 2482 2676 βασιλείαν,
2515 2605 2608 2659 καὶ
2637 2604 2731 2658 τοῦ
2765 2605 3230 2676 Ναϐουχοδονόσορ
3263 2607 3363 2677 ’τὴν
3390 2606 3768 2678 ὑπερηφανίαν

2188 2696 2606 2767 ὑποσμύχουσαν
2652 2696 2731 2750 ἔτι
2757 2695 2835 2767 τῷ
2868 2696 2968 2768 βίῳ
2998 2697 3237 2768 φανερὰν
3280 2696 3555 2765 γενέσθαι.
3596 2698 3767 2765 Ἔδει,

2186 2791 2286 2862 τὴν
2324 2791 2464 2845 κατά
2505 2789 2612 2844 τῶν
2657 2790 2818 2842 ὁσίων
2865 2790 3191 2860 μιαιφωνίαν
3225 2784 3334 2842 οἷόν
3365 2807 3487 2843 τινα
3524 2791 3770 2863 πονηρὰν

2189 2885 2282 2938 καὶ
2311 2882 2595 2953 ἀκανθώδη
2623 2882 2859 2952 βλάστην
2889 2881 2989 2952 τῆς
3021 2882 3191 2952 κακῆς
3222 2880 3313 2936 τοῦ
3339 2881 3584 2937 διαϐόλου
3610 2885 3800 2956 ῥίζης.

2189 2974 2518 3044 ἀναδραμεῖν
2540 2990 2552 3002 ·
2591 2972 2696 3025 ἔδει
2726 2973 2824 3043 τὴν
2849 2971 2957 3024 τῶν
2999 2971 3268 3026 Ἰουδαίων
3303 2975 3443 3027 κατά
3470 2973 3578 3027 τῶν
3597 2973 3771 3042 ἁγίων

2186 3063 2281 3116 τοῦ
2324 3061 2459 3116 Θεοῦ
2495 3062 2876 3134 φανερωθῆναι
2920 3060 3144 3124 λύσσαν,
3193 3063 3299 3115 τῶν
3329 3063 3455 3127 τοὺς
3485 3065 3772 3135 προφήτας

2189 3155 2626 3209 ἀποκτεινάντων
2674 3155 2769 3208 καὶ
2795 3154 3210 3207 λιθοϐολούντων
3261 3155 3385 3218 τοὺς
3419 3154 3770 3225 ἀπεσταλμέ-

2190 3264 2334 3310 νους,
2386 3247 2480 3300 καὶ
2517 3246 2668 3309 τέλος
2709 3245 2910 3316 μεταξὺ
2940 3245 3033 3298 τοῦ
3069 3244 3198 3299 ναοῦ
3227 3245 3320 3299 καὶ
3348 3245 3441 3298 τοῦ
3476 3245 3774 3316 θυσιαστη-

2195 3336 2309 3406 ρίου
2365 3335 2427 3387 τὸ
2489 3333 2631 3388 κατά
2684 3333 2778 3387 τὸν
2835 3335 3108 3404 Ζαχαρίαν
3173 3335 3303 3403 ἄγος
3351 3335 3766 3406 ἐργασαμένων.

2191 3427 2430 3498 Πρόσθες
2463 3426 2541 3497 τῷ
2576 3426 2856 3497 καταλόγῳ
2901 3425 3009 3480 τῶν
3054 3426 3305 3498 πονηρῶν
3353 3427 3770 3500 βλαστημάτων,

2192 3519 2409 3575 καὶτοῦ
2450 3519 2688 3591 Ἡρώδου
2733 3520 2832 3590 τὴν
2869 3519 3236 3588 παιδοφονίαν.
3284 3520 3433 3574 Ἐπεὶ
3479 3516 3572 3575 οὖν
3618 3523 3806 3577 πᾶσα’

2193 3613 2291 3682 τῆς
2323 3611 2576 3681 κακίαςὴ
2605 3611 2830 3682 δύναμις
2867 3613 2930 3664 ὲκ
2965 3612 3063 3682 τῆς
3114 3613 3350 3682 πονηρᾶς
3387 3612 3542 3683 ῥίζης
3569 3612 3774 3666 ἀνεδεί-

2193 3703 2318 3774 χθη,
2347 3704 2442 3756 καὶ
2473 3702 2676 3773 ηὔξησε
2723 3701 3015 3766 πολυειδῶς
3043 3704 3100 3756 ὲν
3132 3705 3252 3767 ταῖς
3279 3704 3628 3775 προαιρέσεσι
3658 3706 3774 3761 τῶν

2193 3795 2314 3850 καθ’
2345 3795 2580 3867 ἑκάστην
2623 3795 2816 3863 γενεάν
2847 3798 2916 3867 τῇ
2963 3794 3130 3864 κακίᾳ
3176 3796 3466 3866 γνωρίμων
3500 3797 3777 3869 ύλομανή-

2177 3884 2354 3949 σασα,
2381 3888 2520 3949 τότε,
2561 3886 2744 3950 καθώς
2770 3903 2901 3957 φησι
2952 3886 3088 3958 πρὸς
3132 3885 3448 3958 Ἀθηναίους
3481 3889 3509 3940 6
3535 3887 3768 3952 Παῦλος,

2192 3980 2317 4041 τοὺς
2345 3980 2570 4049 χρόνους
2611 3980 2710 4049 τῆς
2747 3978 2967 4047 ἀγνοίας
3004 3978 3272 4049 ὑπεριδὼν
3301 3980 3328 4032 6
3353 3979 3504 4045 Θεὸς,
3542 3981 3775 4034 ἐπὶτῶν

2193 4071 2437 4140 ἐσχάτων
2477 4069 2698 4141 ἡμερῶν
2740 4069 3118 4141 παραγίνεται,
3155 4071 3243 4124 ὅτε
3279 4071 3378 4124 ούκ
3405 4067 3472 4142 ἦν
3515 4072 3543 4124 ό
3575 4071 3777 4124 συνιὼν

2193 4163 2288 4216 καὶ
2333 4161 2576 4232 ἐκζητῶν
2607 4162 2696 4214 τὸν
2752 4162 2885 4216 Θεόν
2905 4177 2920 4191 ⁸
2954 4164 3058 4217 -ὂτε
3088 4162 3289 4226 πάντες
3317 4163 3611 4227 ἐξέκλιναν,
3651 4163 3777 4233 ἅμα

2193 4253 2572 4325 ὴχρειὼθησαν
2609 4271 2622 4284 ·
2671 4254 2759 4306 ὅτε
2793 4253 3142 4323 συνεκλείσθη
3171 4253 3240 4306 τὰ
3280 4253 3454 4308 πάντα
3481 4255 3558 4317 είς
3585 4254 3776 4324 ἁμαρ-

2191 4347 2310 4398 τίαν
2336 4363 2346 4374 ·
2400 4346 2487 4399 ὅτε
2530 4345 2852 4399 ἐπλεόνασεν
2893 4347 2926 4415 ἡ
2955 4344 3151 4414 ἀνομία
3173 4361 3186 4374 ·
3237 4345 3323 4397 ὅτε
3354 4345 3492 4415 πρὸς
3522 4345 3580 4398 τὺ
3605 4345 3780 4415 ἀκρό-

2193 4458 2351 4494 τατον
2387 4441 2584 4510 μέτρον
2613 4443 2640 4494 6
2672 4441 2770 4510 τῆς
2808 4441 3003 4504 κακίας
3041 4440 3199 4509 ζόφος
3226 4440 3428 4512 ηὔξησε
3451 4459 3463 4473 ”
3503 4443 3623 4496 τότε
3671 4445 3778 4496 ἐπ-

2194 4533 2365 4602 εφάνη
2389 4534 2419 4601 ὴ
2443 4531 2619 4602 χάρις,
2651 4533 2770 4585 τότε
2793 4534 2824 4603 ἡ
2849 4531 2940 4585 τοῦ
2963 4533 3214 4602 ἀληθινοῦ
3237 4532 3412 4601 φωτὸς
3431 4535 3587 4597 ἀκτὶς
3608 4535 3781 4588 ἐπαν-

2194 4623 2384 4676 ἐτειλε.
2419 4622 2550 4674 Τότε
2583 4623 2816 4690 ὲπέφανε
2847 4625 2944 4692 τῆς
2972 4625 3314 4695 δικαιοσύνης
3345 4626 3373 4678 ό
3403 4625 3551 4696 ἥλιος
3575 4629 3686 4688 τοῖς
3715 4628 3780 4678 ἐν

2196 4715 2375 4766 σκότει
2402 4715 2495 4767 καὶ
2528 4715 2654 4784 σκιᾷ
2681 4714 2908 4768 θανάτου
2941 4717 3284 4788 καθημένοις,
3309 4719 3428 4771 τότε
3453 4717 3549 4781 τὰς
3574 4717 3782 4782 πολλάς

2195 4803 2434 4872 κεφαλὰς
2465 4802 2560 4856 τοῦ
2610 4803 2902 4875 δράκοντος
2930 4807 3252 4860 συνέθλασεν
3281 4808 3477 4871 ἐπιϐάς
3506 4807 3582 4878 τῷ
3627 4809 3778 4870 ποδὶ,

521 4890 706 4947 dicere
755 4894 1090 4963 suspicetur,
1133 4895 1278 4964 quod
1327 4894 1381 4947 in
1431 4895 1697 4948 extremis
1749 4895 2091 4963 temporibus

2197 4895 2284 4947 διὰ
2311 4894 2411 4964 τῆς
2440 4894 2784 4966 ἀνθρωπίνης
2821 4899 3038 4968 σαρκὸς,
3086 4900 3180 4952 καὶ
3221 4901 3286 4969 τῇ
3317 4902 3384 4968 γῇ
3424 4899 3782 4970 προσθλάσας

521 4985 870 5056 splenduisse
902 4985 1060 5039 nobis
1080 4984 1369 5040 Dominum
1395 5001 1726 5040 asset-alnus.
1753 4985 1886 5038 Nam
1915 4987 1933 5050 (
1950 4987 2090 5056 obji-

521 5077 630 5132 ciet
661 5077 895 5147 aliquis)
923 5076 1013 5146 qui
1044 5085 1312 5147 tempora,
1341 5077 1538 5145 quibus
1575 5077 1781 5130 malitia
1811 5084 2087 5146 relegere-

523 5175 633 5228 tur,
679 5168 1040 5237 exspectavit,
1089 5175 1148 5221 ut
1197 5167 1345 5221 illam
1386 5174 1601 5220 auctam
1645 5166 2091 5237 cumulatamque

443 5324 448 5328 .
522 5255 792 5310 radicitus
821 5258 1096 5318 evelleret,
1132 5257 1214 5312 sic
1265 5271 1384 5310 eam
1416 5256 1626 5320 tollere,
1673 5265 1838 5325 atque
1873 5256 2094 5311 abolere

524 5357 778 5400 cunctam
807 5347 1093 5410 debuerat,
1127 5357 1184 5400 ut
1213 5347 1374 5401 nulla!
1410 5347 1583 5416 ipsius
1617 5347 1669 5400 in
1706 5346 1813 5400 vita
1845 5345 2090 5415 reliquiae

524 5445 892 5490 remanerent.
918 5436 1075 5492 Nune
1111 5448 1289 5492 autem
1322 5446 1375 5492 et
1407 5438 1725 5502 homicidia,
1754 5447 1808 5492 et
1843 5436 2008 5501 furta,
2037 5447 2094 5494 et

523 5525 815 5587 adulteria,
853 5533 906 5580 et
948 5527 1158 5597 reliqua
1189 5529 1370 5582 omnia
1403 5527 1608 5597 ﬂagitia
1646 5535 1702 5582 et
1741 5529 1948 5584 scelera
1998 5527 2094 5584 de-

524 5616 883 5669 baccliantur.
918 5615 968 5670 ls
1000 5630 1154 5686 ergo,
1181 5618 1275 5687 qui
1313 5616 1427 5670 haec
1463 5626 1718 5687 spectans
1754 5618 1834 5672 sic
1877 5617 2089 5686 objicit,

596 5797 639 5827 ¹¹¹
683 5795 870 5854 Matth.
903 5815 1058 5869 xxut,
1088 5797 1175 5854 55.
1253 5799 1291 5832 ¹⁹
1325 5801 1445 5856 Act.
1479 5815 1611 5867 xvu,
1645 5800 1731 5856 30.
1813 5802 1858 5832 ²⁰
1890 5800 2036 5858 Psal.
2067 5816 2188 5868 xm,
2219 5801 2271 5858 9..

2197 4986 2292 5039 καὶ
2319 4988 2732 5054 καταπατήσας,
2761 4988 2853 5040 καὶ
2885 4989 3072 5058 μηδεὶς
3099 4989 3236 5060 πρὸς
3271 4989 3334 5041 τὰ
3361 4989 3454 5042 νῦν
3486 4991 3544 5041 ὲν
3573 4988 3648 5058 τῷ
3673 4988 3785 5059 βίῳ

2197 5074 2410 5144 βλέπων
2434 5073 2866 5143 καταψεύδεσθαι
2895 5077 3160 5148 νομιζέτω
3204 5078 3293 5130 τὸν
3323 5078 3480 5146 λόγον
3502 5119 3516 5142 ,
3562 5077 3682 5131 καθ’
3715 5081 3786 5132 ὃν

2195 5167 2251 5216 ὲν
2275 5168 2384 5228 τοῖς
2410 5165 2736 5230 τελευταίοις
2767 5167 2972 5238 ἔφαμεν
3002 5170 3210 5240 χρόνοις
3238 5171 3541 5242 ἐπιλάμψαι
3569 5171 3648 5241 τῷ
3676 5171 3790 5244 βίῳ

2195 5255 2286 5306 τὸν
2334 5255 2558 5325 Κύριον.
2605 5257 2750 5326 Ἔρεῖ
2773 5257 2880 5327 γὰρ
2929 5260 2957 5312 ό
3002 5261 3298 5328 ἀντιλέγων
3345 5262 3529 5332 τυχὸν,
3560 5263 3640 5315 ὅτι
3685 5265 3792 5316 τὸν

2198 5346 2562 5415 ἀναμείναντα
2592 5349 2715 5410 τοὺς
2743 5349 2967 5419 χρόνους
3013 5349 3149 5418 πρὸς
3178 5351 3278 5420 τὴν
3317 5351 3417 5420 τῆς
3443 5351 3640 5415 κακίας
3675 5371 3796 5422 φα-

2197 5435 2442 5507 νέρωσιν,
2479 5440 2626 5501 ὅπως
2653 5437 2976 5510 αύξηθεῖσαν
3002 5438 3168 5511 αὐτὴν
3197 5440 3352 5514 ἐξέλῃ
3378 5441 3795 5513 προθέλυμνον,

2199 5529 2375 5582 πᾶσαν
2421 5529 2567 5592 εἰκὸς
2617 5530 2784 5600 αὐτὴν
2847 5531 3216 5602 ἀνῃρηκέναι,
3269 5535 3342 5597 ὼς
3392 5534 3556 5605 μηδὲν
3603 5535 3798 5606 αὐτῆς

2171 5620 2588 5690 ὑπολειφθῆναι
2622 5620 2696 5691 τῷ
2744 5621 2844 5692 βίῳ
2885 5621 3154 5690 λείψανον.
3209 5624 3346 5677 Νυνὶ
3390 5625 3443 5677 δὲ
3478 5626 3569 5678 καὶ
3600 5625 3797 5692 φόνοι,

2353 5804 2391 5834 ³³
2429 5801 2589 5857 Rom.
2632 5818 2712 5869 ιιι,
2751 5804 2813 5870 5;
2849 5801 3026 5858 Galat.
3067 5819 3148 5868 ιιι,
3181 5803 3268 5860 22.
3350 5806 3394 5836 ²²
3431 5804 3534 5861 lsa.
3574 5820 3649 5869 ix,
3677 5805 3742 5860 2.
