4092 6378
313 315 453 373 1153

1466 304 1534 359 ΙΝ
1574 304 1739 360 DIEM
1770 303 2096 359 NATALEM
2133 302 2433 361 CllRlSTl.

3455 309 3597 367 113d-

314 437 411 492 καλ
454 452 675 500 nonat,
715 452 810 489 και
862 450 1124 505 μοιχειαι,
1168 433 1263 488 καὶ
1294 430 1477 486 πάντα
1525 433 1794 501 τολμᾶται
1843 431 1906 484 τὰ

2017 429 2216 499 insigni
2266 429 2701 499 pervulgatoque
2743 429 2994 499 exemplo
3046 429 3406 501 quarsliunem
3449 432 3593 500 ipse-

315 530 682 602 πονηρότατα.
750 528 887 581 Ἀλλ’
934 530 965 581 6
1012 528 1147 601 πρὸς
1189 527 1349 581 τοῦτο
1404 525 1651 596 βλέπων,
1701 524 1912 577 ὑποδεί-

314 622 488 692 γματί
517 638 623 674 τινι
671 620 781 673 τῶν
814 620 1108 692 γνωρίμων
1162 618 1261 691 τὴν
1309 620 1439 690 περὶ
1482 616 1687 671 τούτων
1736 617 1909 686 ἀμφι-

314 711 503 765 ϐολίαν
547 710 784 764 λυσάτω.
841 710 1054 780 Ὥσπερ
1100 708 1211 781 γὰρ
1241 709 1335 762 ἐπὶ
1366 707 1467 777 τῆς
1510 706 1619 760 τῶν
1666 706 1912 778 ἑρπετῶν

315 804 655 876 ἀναιρέσεως
688 803 835 857 ἐστιν
870 802 1002 856 ἰδεῖν
1033 803 1135 857 οὐκ
1162 800 1326 864 εὐθὺς
1362 801 1456 854 τὸν
1499 799 1727 853 κατόπιν
1756 799 1913 853 ὁλκὸν

315 898 383 966 τῇ
427 894 636 967 κεφαλῇ
667 894 1146 967 συννεκρούμενον,
1184 893 1297 949 ἀλλ’
1343 895 1376 965 ή
1414 893 1513 964 μὲν
1541 892 1806 963 τέθνηκε,
1850 891 1913 945 τὸ

318 991 375 1045 δέ
399 989 477 1043 ἔτι
500 990 776 1059 ἐψύχωται
800 987 879 1059 τῷ
910 988 1025 1060 ίδίῳ
1054 988 1231 1060 θυμῷ,
1250 989 1346 1043 καὶ
1369 989 1472 1059 τῆς
1503 986 1740 1058 ζωτικῆς
1755 987 1914 1042 δυνά-

322 1098 468 1152 μεως
495 1081 595 1134 οὐκ
629 1080 919 1151 ἐστέρηται
944 1097 957 1111 ·
1003 1079 1151 1135 οὕτω
1177 1082 1271 1135 καὶ
1302 1082 1330 1134 6
1362 1079 1456 1135 τοῦ
1496 1079 1789 1151 δράκοντος
1815 1080 1911 1134 ἀν-

318 1174 583 1244 αιρέτης·
636 1173 726 1226 ὅτε
769 1172 905 1227 πολὺ
954 1174 1147 1241 γέγονε
1196 1173 1259 1227 τὸ
1304 1173 1495 1245 θηρίον
1542 1173 1744 1237 πάσαις
1791 1175 1912 1238 ταῖς

319 1264 660 1319 καθέκαστον
696 1265 1031 1337 πναυξηθέν
1059 1269 1275 1337 γενεαῖς
1302 1268 1411 1322 τῶν
1457 1267 1782 1340 ἀνθρώπων,
1814 1267 1913 1340 τήν

320 1359 567 1430 κεφαλήν
589 1358 819 1424 ἀνελὼν,
862 1361 1128 1425 τουτέστι,
1165 1360 1264 1433 τὴν
1290 1362 1399 1415 τῶν
1431 1361 1613 1416 καλῶν
1641 1362 1915 1432 ἀναιρετι-

319 1453 423 1521 κὴν
453 1452 704 1522 δύναμιν,
733 1451 832 1524 τὴν
858 1452 1059 1517 πολλάς
1087 1452 1318 1525 ἔχουσαν
1351 1456 1409 1509 ἐν
1450 1456 1617 1526 ἑαυτῇ
1646 1454 1912 1525 κεφαλὰς,

319 1544 509 1599 οὐδένα
533 1544 628 1599 τοῦ
656 1544 885 1599 κατόπιν
906 1543 1068 1599 ὁλκοῦ
1101 1546 1397 1617 πεποίηται
1427 1545 1607 1615 λόγον,
1635 1548 1716 1608 είς
1740 1548 1914 1619 ἀφορ-

325 1634 431 1705 μὴν
464 1633 765 1705 γυμνασίου
794 1637 911 1699 τοῖς
956 1636 1155 1706 ἐφεξῆς
1183 1635 1284 1708 τήν
1318 1638 1377 1690 ἐν
1415 1634 1493 1706 τῷ
1530 1636 1711 1708 νεκρῷ
1739 1636 1914 1708 θηρίῳ

322 1727 539 1794 κίνησιν
582 1726 977 1798 ὑπολειφθῆναι
1009 1730 1260 1799 ποιήσας.
1307 1730 1404 1793 Τίς
1432 1724 1524 1783 οῦν
1554 1732 1586 1799 ἡ
1620 1728 1912 1783 θλασθεῖσα

321 1818 569 1891 κεφαλή;
626 1819 694 1873 Ἥ
741 1818 969 1875 θάνατον
1010 1821 1393 1889 είσενεγκοῦσα
1434 1824 1501 1892 τῇ
1538 1824 1751 1893 πονηρᾷ
1778 1839 1915 1893 συμ-

326 1907 518 1979 ϐουλῇ,
560 1909 594 1977 ή
623 1907 715 1962 τὸν
749 1909 1123 1982 θανατηφόρον
1158 1911 1234 1964 ίδν
1262 1910 1573 1983 ἐμϐαλοῦσα
1597 1910 1675 1981 τῷ
1705 1910 1915 1983 ἀνθρώ-

326 2017 413 2069 πῳ
440 1998 531 2052 διά
557 1996 652 2053 τοῦ
672 2000 968 2071 δήγματος.
1009 2001 1069 2054 Ὀ
1093 2000 1271 2055 τοίνυν
1299 2000 1606 2064 καταλύσας
1636 2000 1727 2053 τοῦ
1752 2000 1916 2055 θανά-

322 2107 417 2143 του
447 2090 507 2144 τὸ
540 2090 762 2162 κράτος,
791 2092 890 2163 τήν
919 2094 978 2147 ἐν
1008 2095 1076 2165 τῇ
1112 2092 1323 2164 κεφαλῇ
1347 2093 1438 2146 τοῦ
1459 2093 1637 2162 ὄφεως
1661 2093 1911 2165 δύναμιν,

324 2183 509 2247 καθώς
541 2200 706 2254 φησιν
738 2184 766 2236 6
802 2185 1114 2256 Προφήτης,
1158 2185 1483 2240 συνέθλασεν
1505 2203 1519 2217 ·
1569 2189 1598 2240 6
1633 2186 1688 2240 δὲ
1730 2187 1914 2253 λοιπὸς

324 2274 418 2329 τοῦ
450 2275 641 2346 θηρίου
672 2276 829 2341 ὁλκὸς
858 2275 937 2347 τῷ
959 2277 1287 2349 ἀνθρωπίνῳ
1316 2280 1759 2351 συνεσπαρμένος
1790 2280 1910 2352 βίῳ,

321 2368 428 2433 ἓως
457 2367 522 2422 ἂν
550 2366 583 2443 ᾖ
613 2368 675 2422 τὸ
703 2368 1045 2440 ἀνθρώπινον
1070 2371 1128 2424 ἐν
1152 2372 1267 2434 τοῖς
1294 2371 1439 2425 κατὰ
1462 2373 1663 2426 κακίαν
1697 2374 1915 2444 κινήσει

325 2476 433 2524 σιν,
484 2460 572 2513 ἀεὶ
604 2461 670 2530 τῇ
720 2459 895 2528 φολίδι
940 2462 1039 2532 τῆς
1074 2462 1349 2533 ἁμαρτίας
1393 2463 1780 2535 περιτραχύνει
1822 2464 1913 2518 τὸν

325 2548 441 2619 βίον
461 2566 475 2579 ·
518 2552 585 2621 τῇ
634 2550 730 2621 μέν
766 2550 995 2622 δυνάμει
1021 2552 1121 2624 ήδη
1151 2553 1346 2624 νεκρός
1372 2555 1509 2619 ἐστι,
1536 2553 1637 2625 τῆς
1668 2555 1912 2625 κεφαλῆς

325 2640 744 2712 ἀχρειωθείσης.
786 2643 1007 2696 ἐπειδὰν
1042 2644 1099 2698 δὲ
1136 2646 1383 2720 παρέλθῃ
1402 2649 1431 2701 6
1458 2647 1669 2718 χρόνος,
1699 2648 1793 2702 καὶ
1813 2650 1910 2718 στῇ

322 2730 394 2784 τά
436 2731 732 2803 κινούμενα
782 2732 926 2787 κατά
970 2733 1071 2801 τὴν
1120 2736 1579 2807 προσδοκωμένην
1627 2736 1725 2806 τῆς
1768 2736 1913 2807 ζωῆς

322 2824 525 2895 ταύτης
556 2824 887 2892 συντέλειαν,
914 2827 1035 2880 τότε
1052 2828 1113 2881 τὸ
1136 2829 1358 2899 οὑραῖόν
1384 2843 1444 2881 τε
1475 2829 1569 2883 καὶ
1597 2829 1659 2883 τὸ
1686 2828 1913 2899 ἔσχατον

322 2914 418 2968 τοῦ
462 2915 690 2986 Ἐχθροῦ
721 2921 1098 2990 καταργεῖται,
1129 2918 1288 2972 τοῦτο
1318 2919 1375 2973 δέ
1408 2921 1555 2973 ἐστιν
1586 2922 1615 2973 ὁ
1643 2919 1871 2984 θάνατος
1895 2937 1908 2951 ο

322 3008 420 3061 καὶ
446 3008 619 3073 οῦτως
642 3010 672 3062 6
702 3012 974 3083 παντελὴς
1000 3014 1307 3085 ἀφανισμδς
1334 3015 1436 3085 τῆς
1462 3017 1661 3079 κακίας
1688 3018 1913 3086 γενήσε-

2016 529 2126 576 met
2156 522 2355 575 solvat.
2395 520 2890 586 Quemadmodum,
2924 537 3050 576 cum
3084 530 3370 592 serpentes
3417 523 3593 577 inter-

2017 614 2299 677 ﬁciuntur,
2349 629 2457 669 non
2499 614 2766 667 continuo
2797 615 3041 685 reliquas
3090 625 3276 686 partes
3309 631 3420 671 una
3464 632 3593 671 cum

2016 704 2197 775 capite
2249 703 2389 758 mori
2448 703 2719 768 videmus,
2756 702 2877 766 sed.
2916 718 3042 757 cum
3098 704 3371 760 interierit
3403 712 3591 773 caput,

2014 799 2119 854 illa:
2144 807 2329 852 tamen
2357 797 2537 851 adhuc
2560 797 2727 851 vitam
2761 797 3024 859 retinent,
3050 812 3153 852 nec
3183 798 3335 852 vitali
3366 799 3595 869 privano

2014 896 2103 942 tur
2134 893 2284 941 motu
2316 885 2435 941 :sic
2460 885 2661 940 accidit
2690 887 2744 941 in
2780 886 3040 941 draconis
3088 887 3314 942 interitu
3342 906 3354 943 :
3386 888 3591 943 etenim

2016 980 2210 1049 ingens
2241 994 2366 1033 cum
2402 988 2553 1034 esset
2591 979 2886 1035 admodum
2925 979 3061 1043 fera,
3093 981 3296 1051 quippe
3325 997 3447 1052 qua:
3475 982 3593 1038 sin-

2015 1070 2159 1140 gulis
2194 1069 2479 1123 hominum
2511 1070 2769 1125 aetatibus
2809 1078 3150 1135 excreverat,
3176 1071 3270 1141 qui
3309 1073 3617 1144 multiplex‘

2010 1160 2135 1230 ejus
2171 1168 2360 1231 caput,
2395 1160 2446 1215 id
2478 1171 2563 1217 est
2602 1162 2709 1215 vim
2748 1162 2894 1216 illam
2926 1164 3198 1217 malorum
3234 1163 3592 1219 inventricem

2014 1251 2187 1307 multa
2223 1252 2279 1305 in
2315 1267 2373 1307 se
2418 1256 2596 1323 capita
2647 1254 3022 1310 continentem
3071 1254 3318 1319 sustulit,
3362 1263 3595 1305 caetera-

2015 1360 2137 1400 rum
2174 1345 2351 1415 ipsius
2397 1346 2634 1416 partium
2670 1354 2879 1402 tractus
2912 1348 3173 1419 neglexit,
3206 1356 3261 1403 ut
3294 1345 3595 1404 interfectae

2019 1436 2151 1491 ferae
2180 1445 2386 1491 motum
2420 1440 2658 1509 posteris
2691 1439 2755 1493 ad
2795 1441 3211 1496 exercitationis
3244 1441 3594 1496 occasionem

2016 1528 2377 1598 relinqueret.
2422 1528 2642 1599 Ecqnod
2694 1530 2862 1599 igitur
2904 1531 3157 1585 collisum
3202 1539 3255 1584 et
3306 1530 3595 1586 eﬂractum

2014 1626 2099 1674 est
2128 1620 2330 1689 caput?
2356 1620 2487 1674 illud
2509 1621 2651 1689 quod
2687 1621 2852 1691 impio
2872 1622 3103 1676 consilio
3133 1629 3364 1677 mortem
3396 1621 3598 1677 intule-

2015 1722 2119 1777 rat,
2154 1712 2299 1780 quod
2330 1729 2514 1768 morsu
2564 1714 2907 1768 mortiferum
2947 1714 3154 1769 homini
3201 1716 3352 1771 virus
3388 1714 3594 1784 injece—

1951 1783 1990 1838 Β
2019 1810 2124 1861 rat.
2156 1803 2525 1870 Quamobrem
2558 1805 2650 1876 qui
2689 1806 2885 1863 mortis
2916 1807 3117 1861 evertit
3149 1807 3463 1878 imperium,
3484 1808 3595 1863 vim

2018 1909 2141 1964 qua:
2172 1894 2224 1949 in
2253 1896 2433 1966 capite
2463 1896 2739 1966 serpentis
2769 1904 2911 1962 erat,
2944 1906 3005 1952 ut
3038 1900 3114 1952 ait
3144 1897 3597 1970 Proplteta,con-

2017 1988 2198 2060 fregit,
2232 1989 2440 2060 reliqua
2480 2004 2611 2045 vero
2641 2005 2768 2061 pars
2810 1993 3063 2062 corporis
3100 1992 3156 2047 in
3194 2009 3367 2065 genus
3400 1994 3597 2049 Imma-

2016 2094 2149 2136 num
2180 2082 2456 2153 dispersa,
2485 2099 2607 2155 qua:
2650 2084 2830 2154 quoad
2877 2085 3132 2143 homines
3165 2087 3427 2142 vitiorum
3479 2103 3598 2143 mo-

2016 2173 2263 2229 tionibus
2309 2185 2722 2245 permoventur,
2752 2194 2979 2249 squama
3025 2179 3234 2249 peecati
3266 2182 3431 2234 vitam
3469 2181 3601 2236 irri-

2013 2270 2114 2330 tat,
2149 2272 2318 2333 atque
2349 2281 2603 2337 asperam
2659 2269 2861 2333 reddit,
2903 2278 3174 2339 potestate
3205 2271 3426 2341 quidem
3471 2271 3592 2340 jam

2015 2366 2234 2413 mortua
2264 2369 2369 2422 est,
2392 2374 2517 2414 cum
2536 2359 2657 2429 ejus
2686 2370 2852 2433 caput
2880 2371 3176 2419 contusum
3206 2373 3371 2433 atque
3398 2364 3594 2417 inutile

2017 2450 2223 2506 factum
2285 2452 2376 2507 sit.
2404 2453 2494 2516 At,
2533 2452 2624 2508 ubi
2662 2461 2880 2525 tempus
2923 2455 3226 2518 transierit,
3254 2464 3308 2509 et
3342 2471 3425 2520 ea,
3474 2472 3598 2525 quae

2013 2552 2330 2609 moventur,
2390 2546 2773 2609 constiterint,
2814 2546 3207 2618 adveneritqne
3256 2550 3380 2602 vitae
3427 2550 3592 2619 hujus

2013 2637 2307 2701 absolutio,
2329 2653 2493 2707 quam
2520 2647 2929 2710 exspectamus,
2963 2650 3093 2695 tunc
3123 2650 3179 2697 et
3212 2645 3386 2696 canda
3418 2651 3472 2698 et
3499 2660 3597 2697 ex—

1984 2740 1989 2747 ‘
2016 2739 2192 2786 trema
2221 2746 2350 2801 pars
2380 2732 2615 2799 inimici,
2642 2748 2791 2788 mors
2826 2734 2942 2803 ipsa
2970 2736 3231 2789 nimirum
3260 2735 3595 2800 destruetur,

2015 2830 2181 2893 atque
2235 2824 2307 2875 ita
2359 2824 2632 2879 delebitnr
2678 2826 2908 2879 omnino
2960 2836 3155 2881 cuneta
3196 2829 3428 2889 malitia,
3467 2842 3595 2883 cum

2014 2929 2208 2970 omnes
2253 2917 2306 2970 in
2342 2916 2508 2970 vitam
2565 2931 2660 2986 per
2705 2919 3169 2972 resurrectionem
3202 2920 3465 2984 revocati,
3494 2922 3595 2991 qui

2016 3006 2148 3075 justi
2186 3017 2371 3073 erunt,
2418 3008 2485 3063 ad
2518 3008 2801 3065 caelestem
2865 3011 3108 3081 quietem
3164 3012 3450 3077 accedent,
3493 3015 3592 3084 qui

322 3118 436 3165 ται,
468 3103 685 3159 πάντων
720 3106 800 3168 είς
834 3104 978 3176 ζωὴν
1010 3106 1100 3160 διά
1141 3108 1239 3178 τῆς
1285 3108 1637 3173 ἀναστάσεως
1674 3110 1906 3180 ἀνακλη-

2016 3106 2196 3154 autem
2234 3102 2476 3169 peccatis
2528 3101 2777 3166 obnoxii,
2812 3102 2864 3157 in
2898 3104 3161 3173 gehennae
3195 3104 3373 3175 ignem
3401 3106 3592 3162 detru-

324 3194 527 3249 θέντων
551 3211 566 3226 ⁶
618 3196 728 3251 τῶν
763 3198 864 3267 μὲν
893 3198 1139 3261 δικαίων,
1187 3200 1349 3263 εὐθὺς
1382 3202 1460 3264 είς
1489 3200 1587 3270 τὴν
1628 3202 1739 3256 ἀνω
1763 3201 1914 3271 λῆξιν

326 3287 803 3355 μετοικισθέντων,
830 3290 938 3343 τῶν
967 3290 1024 3344 δὲ
1056 3294 1177 3355 ταῖς
1198 3292 1498 3362 ἁμαρτίαις
1528 3291 1910 3362 ἐνισχομένων,

322 3377 403 3449 τῷ
434 3378 536 3449 τῆς
566 3380 796 3451 γεέννης
824 3383 960 3454 πυρὶ
988 3383 1452 3455 παραδιδομένων.

408 3471 546 3524 Ἀλλ’
575 3472 961 3544 ἐπανέλθωμεν
991 3475 1084 3528 ἐπὶ
1134 3474 1233 3544 τὴν
1278 3475 1558 3546 παροῦσαν
1601 3475 1794 3547 χαρὰν,
1844 3476 1911 3547 ῆν

322 3562 765 3631 εὐαγγελίζονται
809 3567 924 3629 τοῖς
950 3566 1209 3635 ποιμέσιν
1251 3568 1301 3619 οί
1330 3566 1573 3635 ἄγγελοι,
1604 3568 1673 3639 ἦν
1717 3570 1765 3621 oi
1819 3569 1901 3621 ού-

324 3655 477 3724 ρανοὶ
517 3653 830 3722 διηγοῦνται
871 3659 984 3720 τοῖς
1024 3657 1275 3725 Μάγοις,
1326 3658 1394 3728 ἢν
1440 3658 1500 3711 τὸ
1547 3657 1764 3730 πνεῦμα
1806 3659 1908 3730 τῆς

321 3746 660 3817 προφητείας
697 3746 787 3800 διά
834 3747 1045 3801 πολλῶν
1086 3750 1180 3802 καὶ
1218 3748 1486 3822 διαφόρων
1515 3751 1903 3822 ἀνακηρύττει,

318 3836 396 3901 ὡς
425 3839 517 3890 καὶ
550 3838 675 3902 τοὺς
708 3838 931 3906 Μάγους
963 3839 1211 3910 κήρυκας
1239 3840 1493 3908 γενέσθαι
1520 3844 1619 3911 τῆς
1658 3841 1902 3913 χάριτος.

333 3926 392 3980 ’0
414 3926 522 3998 γάρ
546 3928 850 3981 ἀνατέλλων
878 3930 969 3984 τὸν
991 3929 1141 3999 ἥλιον
1166 3930 1256 3982 ἐπὶ
1279 3930 1515 3994 δικαίους
1540 3947 1633 3985 και
1662 3931 1902 4002 ἀδίκους,

314 4020 348 4070 6
402 4018 611 4090 βρέχων
660 4021 753 4072 ἐπὶ
799 4023 1066 4093 πονηροὺς
1128 4022 1221 4075 καὶ
1267 4022 1526 4090 ἀγαθοὺς,
1572 4024 1771 4093 ήνεγκε
1804 4024 1903 4095 τήν

316 4110 513 4164 ἀκτῖνα
542 4111 643 4179 τῆς
672 4109 945 4176 γνώσεως,
993 4114 1088 4166 καὶ
1126 4113 1223 4184 τὴν
1255 4113 1443 4184 δρόσον
1468 4113 1562 4166 τοῦ
1596 4114 1903 4185 πνεύματος

319 4202 413 4253 καὶ
443 4202 523 4263 είς
549 4202 802 4273 ἀλλότρια
833 4203 1077 4274 στόματα
1100 4222 1113 4236 '
1166 4204 1307 4258 ὥστε
1337 4208 1400 4277 τῇ
1434 4206 1581 4278 παρά
1612 4206 1722 4259 τῶν
1748 4209 1901 4261 ἐναν-

316 4292 448 4344 τίων
498 4294 774 4365 μαρτυρίᾳ
820 4293 1185 4366 βεϐαιωθῆναι
1232 4297 1430 4366 μᾶλλον
1464 4299 1596 4368 ἡμῖν
1629 4300 1725 4370 τὴν
1770 4298 1899 4370 ἀλή-

315 4381 486 4436 θειαν.
522 4384 761 4450 Ἀκούεις
778 4385 871 4438 τοῦ
893 4386 1169 4440 οἰωνιστοῦ
1192 4387 1419 4459 Βαλαὰμ
1442 4390 1697 4461 ἐπιπνοίᾳ
1718 4390 1899 4461 κρείτ-

2016 3190 2232 3245 dentur.

2080 3464 2189 3521 Sed
2218 3469 2282 3522 ad
2320 3483 2561 3538 prmsens
2597 3469 2855 3541 gaudium
2891 3481 3255 3535 revertamur,
3291 3474 3437 3542 quod
3496 3489 3594 3543 pa-

2010 3561 2256 3616 storibus
2288 3564 2551 3618 nuntiant
2587 3564 2789 3635 angeli,
2838 3565 2963 3619 caeli
3000 3575 3266 3619 enarrant
3310 3566 3505 3635 Magis,
3537 3576 3594 3621 et

2012 3653 2317 3723 prophetia:
2344 3656 2577 3724 spiritus
2598 3654 2789 3709 multis
2816 3657 3090 3727 variisque
3117 3658 3430 3713 rationibus
3458 3674 3595 3727 prae-

2007 3746 2177 3812 dicat,
2220 3755 2278 3800 ut
2307 3751 2475 3801 etiam
2524 3746 2662 3818 Magi
2699 3749 2887 3818 gratim
2927 3764 3209 3819 praaconcs
3260 3738 3413 3805 ﬁant.
3454 3750 3592 3805 Nam

2004 3839 2099 3907 qui
2130 3839 2300 3893 solem
2330 3856 2493 3893 suum
2518 3840 2653 3894 oriri
2686 3841 2822 3894 facit
2848 3856 3016 3911 super
3037 3842 3225 3911 justos
3254 3851 3309 3897 et
3332 3844 3589 3913 injustos,

2005 3930 2210 4000 quique
2262 3931 2405 3999 pluit
2468 3946 2637 4001 super
2681 3933 2854 3987 malos
2896 3941 2959 3987 et
3007 3936 3209 3997 bonos,
3256 3934 3593 4003 cognitionis

2005 4020 2241 4084 radium,
2270 4030 2322 4075 et
2351 4036 2530 4075 rorem
2564 4022 2794 4091 spiritus
2818 4023 3017 4077 alienis
3046 4024 3213 4077 etiam
3253 4024 3458 4094 linguis
3492 4025 3591 4079 de-

2004 4112 2175 4173 misit,
2221 4120 2279 4165 ut
2334 4114 2781 4170 adversariorum
2828 4116 3148 4180 testimonio
3188 4117 3365 4185 magis
3419 4117 3589 4171 etiam

2005 4209 2147 4275 apud
2190 4222 2292 4261 nos
2335 4207 2541 4262 veritas
2592 4207 3039 4263 conﬁrmaretur.
3085 4206 3360 4263 Andivisti
3408 4209 3593 4263 hario-

2004 4307 2114 4360 lum
2155 4312 2208 4360 et
2253 4303 2472 4356 Balaam
2522 4302 2733 4355 meliori
2777 4300 3002 4355 nomine
3048 4300 3292 4355 alliatum
3341 4301 3423 4355 sic
3456 4302 3593 4357 alie-

2003 4398 2219 4468 nigenis
2259 4394 2646 4465 praedicentem
2688 4411 2702 4447 :
2751 4392 2968 4447 Orielur
3005 4394 3161 4446 stella
3209 4409 3275 4446 ea:
3316 4392 3487 4447 Iacob
3516 4394 3585 4448 ’³.

311 4490 427 4526 τονι
467 4476 581 4537 τοῖς
625 4474 941 4545 ἀλλοφύλοις
987 4476 1420 4543 ἐπιθειάζοντος,
1463 4479 1547 4532 ὅτι
1609 4479 1904 4535 Ἆνατελεῖ

2007 4488 2144 4542 Ecce
2167 4486 2289 4550 tibi,
2316 4486 2409 4555 qui
2441 4485 2507 4539 ab
2538 4499 2604 4538 eo
2631 4499 2805 4554 genus
2842 4483 3146 4551 duxerunt,
3175 4483 3315 4556 Magi
3349 4502 3417 4541 ex
3449 4503 3591 4557 prae-

312 4564 544 4633 ἄστρον
567 4564 636 4630 ἐξ
672 4566 892 4621 Ἰακώϐ.
944 4567 1106 4638 Ὀρᾷς
1136 4569 1261 4631 τοὺς
1291 4568 1383 4621 ἀπ’
1416 4568 1625 4621 ἐκείνου
1654 4568 1715 4621 τὸ
1742 4569 1899 4637 γένος

316 4656 655 4723 κατάγοντας
683 4658 906 4725 Μάγους
926 4697 940 4721 ,
987 4659 1381 4729 ἐπιτηροῦντας
1410 4658 1553 4713 κατὰ
1580 4659 1679 4731 τὴν
1724 4660 1898 4732 πρόρ-

316 4748 475 4814 ρησιν
504 4745 597 4798 τοῦ
634 4748 979 4817 προπάτορος
1020 4746 1115 4818 τὴν
1148 4747 1240 4801 τοῦ
1287 4748 1473 4802 καινοῦ
1508 4749 1735 4820 ἀστέρος
1766 4750 1897 4803 ἀνα-

314 4836 494 4907 τολὴν,
523 4837 581 4901 ὃς
612 4837 763 4908 παρὰ
790 4839 889 4910 τὴν
917 4839 1023 4891 τῶν
1050 4838 1251 4893 λοιπῶν
1277 4841 1521 4912 ἀστέρων
1548 4841 1707 4911 φύσιν
1739 4842 1901 4911 μόνος

316 4932 409 4983 καὶ
437 4932 702 5001 κινήσεως
726 4933 976 5003 μετέσχε,
1009 4934 1101 4986 καὶ⁹
1136 4935 1395 4998 στάσεως,
1434 4936 1569 5000 πρὸς
1588 4935 1685 5005 τήν
1711 4935 1900 5006 χρείαν

316 5026 592 5098 ἑκατέρων
645 5026 849 5079 τούτων
918 5028 1277 5097 μεταϐαίνων.
1354 5028 1475 5082 Τῶν
1533 5029 1639 5099 γὰρ
1695 5028 1899 5081 λοιπῶν

314 5119 577 5189 ἀστέρων,
630 5117 739 5171 τῶν
776 5119 875 5189 μὲν
901 5118 1049 5186 ἅπαξ
1076 5121 1546 5192 καταπεπηγότων
1574 5124 1641 5192 τῇ
1670 5122 1902 5175 ἀπλανεῖ

317 5211 539 5281 σφαίρᾳ,
572 5211 666 5263 καὶ
715 5210 971 5282 ἀκίνητον
1006 5211 1297 5282 εἰληχότων
1322 5211 1422 5282 τὴν
1454 5212 1661 5276 στάσιν,
1702 5211 1810 5267 τῶν
1841 5213 1899 5266 δὲ

315 5301 386 5371 μὴ
420 5301 743 5372 παυομένων
771 5302 905 5356 ποτὲ
930 5303 1028 5372 τῆς
1061 5307 1325 5374 κινήσεως
1349 5321 1362 5334 ο
1408 5298 1563 5367 οὗτος
1596 5304 1690 5357 καὶ
1728 5306 1893 5357 κινεῖ-

316 5409 418 5457 ται,
455 5394 870 5463 προηγούμενος
917 5394 1024 5447 τῶν
1066 5395 1273 5463 Μάγων
1294 5436 1307 5459 ,
1341 5396 1434 5450 καὶ
1468 5397 1681 5450 ἵσταται
1715 5415 1889 5451 κατα-

314 5484 531 5554 μηνύων
570 5486 662 5538 τὸν
709 5487 891 5541 τόπον.
942 5487 1184 5552 ’Δκούεις
1226 5489 1321 5543 τοῦ
1364 5489 1584 5543 Ἡσαΐου
1638 5490 1888 5561 βοῶντος,

315 5577 386 5628 ὁτι
417 5576 664 5632 Παιδίον
691 5579 985 5651 ἐγεννήθη
1020 5581 1183 5652 ἡμῖν,
1222 5582 1320 5636 καὶ
1354 5583 1484 5652 υίὸς
1510 5583 1687 5653 ἐδόθη
1724 5585 1886 5658 ἡμῖν.

418 5761 465 5790 ’³
502 5758 664 5815 Num.
698 5778 849 5829 utv,
889 5764 977 5818 17.
1055 5766 1100 5796 ³⁸
1136 5763 1241 5820 lsa.
1274 5780 1348 5832 Ix,
1386 5766 1437 5823 6.

2002 4578 2249 4635 dictione
2304 4578 2480 4648 ipsius
2536 4591 2740 4631 novum
2788 4576 3093 4631 observant
3143 4585 3327 4632 ortum
3374 4580 3583 4644 stellae,

2002 4685 2126 4739 quae
2161 4677 2361 4739 praeter
2397 4669 2632 4721 aliarum
2673 4668 2961 4723 stellarum
3008 4677 3264 4723 naturam
3311 4680 3367 4725 et
3402 4682 3585 4727 motus

2004 4770 2059 4817 et
2083 4769 2265 4817 status
2303 4768 2390 4815 est
2420 4761 2718 4830 particeps,
2748 4766 2803 4814 et
2844 4759 2913 4813 ad
2949 4762 3244 4816 utilitatem
3282 4762 3383 4816 hac
3410 4765 3586 4817 utitur

2003 4852 2411 4908 vicissitudine.
2439 4852 2649 4906 Etenim
2682 4866 2809 4903 eum
2842 4860 3058 4907 caetera:
3096 4854 3271 4908 stellae
3296 4858 3495 4924 partim
3527 4857 3583 4910 in

2002 4944 2137 4999 orbe
2176 4959 2284 4998 non
2315 4951 2537 4999 errante
2571 4942 2740 4997 semel
2783 4941 2966 4998 infixa:
2998 4951 3204 4998 statum
3247 4946 3583 5001 immobilem

2000 5036 2209 5091 sortitae.
2234 5036 2364 5101 sint,
2398 5036 2596 5105 partim
2631 5051 2911 5105 nunquam
2939 5047 3162 5091 cessent
3196 5053 3226 5092 a
3257 5046 3434 5102 motu,
3468 5041 3585 5094 haec

1998 5134 2055 5180 et
2085 5138 2356 5190 movetur,
2383 5127 2513 5179 dum
2555 5127 2731 5195 magis
2760 5143 2819 5182 se
2864 5128 3063 5182 ducem
3111 5130 3338 5196 prabet,
3362 5140 3419 5185 et
3450 5140 3583 5195 stat,

1996 5221 2129 5275 dum
2180 5222 2295 5277 illis
2335 5220 2582 5275 ostendit
2631 5221 2834 5275 locum.
2878 5220 3053 5277 Audis
3099 5221 3298 5277 Isaiam
3340 5226 3586 5280 claman-

1998 5322 2109 5369 tem
2153 5331 2167 5368 :
2225 5313 2365 5383 Puer
2414 5323 2573 5366 natus
2628 5323 2709 5367 est
2753 5314 2927 5379 nobis,
2982 5324 3034 5368 et
3078 5315 3229 5384 ﬁlius
3281 5316 3446 5371 datus
3498 5329 3584 5373 est

1998 5405 2150 5459 nobis
2188 5404 2258 5457 “.
2293 5404 2450 5460 Disce
2490 5406 2559 5461 ab
2606 5406 2801 5462 eodem
2848 5410 3136 5479 prepheta,
3168 5413 3449 5479 quomodo
3485 5428 3586 5466 na-

1997 5504 2090 5552 tus
2130 5497 2202 5552 sit
2228 5512 2387 5567 puer,
2425 5498 2705 5567 quomodo
2726 5499 2889 5556 datus
2932 5502 3006 5556 sit
3040 5501 3212 5558 ﬁlius.
3238 5502 3382 5558 Num
3420 5505 3583 5575 juxta

1996 5602 2210 5645 naturae
2231 5590 2448 5661 legem?
2479 5592 2705 5647 minimc
2736 5609 2891 5650 vero.
2937 5594 3141 5668 inquit,
3181 5596 3393 5668 legibus
3422 5598 3576 5653 enim
