4092 6378
484 413 625 468 H55

1688 408 1743 460 ὃ.
1792 402 2116 460 οιιεουιιιι
2152 402 2441 459 NYSSENI

3609 406 3751 463 1156

484 537 696 582 natura:
733 542 841 579 non
884 533 1058 595 paret,
1091 526 1182 596 qui
1223 534 1433 580 natura:
1473 523 1738 579 Dominus
1778 530 1887 579 est.
1923 521 2074 589 Quo-

2192 523 2328 576 ηάθε
2368 525 2497 592 παρ’
2528 523 2693 577 αὑτοῦ
2743 523 2836 576 τοῦ
2868 522 3154 594 Προφήτου
3213 521 3333 585 πῶς
3380 520 3642 594 ἐγεννήθη
3688 523 3757 576 τὸ

486 618 649 673 modo
707 618 876 687 igitur
931 625 1096 670 natus
1157 626 1244 671 est
1265 615 1440 686 puer?
1491 614 1603 669 dic.
1664 612 1830 680 Εσιε,
1888 613 2070 682 inquit

486 712 633 781 virgo
692 711 745 763 in
794 718 946 763 utero
1005 710 1260 776 concipiet
1306 718 1357 762 et
1398 708 1569 777 pariet
1594 706 1790 777 ﬁlium,
1835 713 1885 759 et
1917 719 2072 759 voca-

487 808 611 852 bunt
639 815 828 852 nomen
857 801 974 866 ejus
1005 795 1325 852 Emmanuel
1353 797 1419 851 ".
1452 795 1634 862 Quod,
1666 795 1715 851 si
1744 796 2072 863 interprete-

490 894 594 954 ris,
630 889 909 961 signiﬁcat
948 888 1240 943 Nobiscum
1262 887 1424 943 Deus.
1448 887 1494 943 Ο
1513 903 1625 943 rem
1653 884 2029 941 admirandam
2053 884 2067 937 ί

2170 615 2401 679 παιδίον,
2439 615 2556 679 πῶς
2588 615 2743 687 ὲδόθη
2784 615 2921 679 υἱός.
2965 610 3112 687 Ἀρα
3151 614 3296 669 κατὰ
3320 613 3413 669 τὸν
3459 614 3624 687 νόμον
3652 616 3763 687 τῆς.

2170 707 2422 777 φύσεως;
2456 706 2554 773 Οὓ,
2584 707 2750 777 φησὶν
2777 709 2807 761 ὁ
2835 698 3145 780 Προφήτης.
3172 706 3247 761 Οὐ
3277 705 3517 761 δουλεύει
3540 705 3758 776 φύσεως

2170 799 2358 870 νόμοις
2394 802 2424 853 ὁ
2466 799 2743 871 Δεσπότης
2787 799 2888 869 τῆς
2937 797 3175 868 φύσεως.
3232 797 3397 853 Ἀλλά
3437 798 3557 863 πῶς
3598 799 3756 869 εγεν-

2171 889 2308 962 νήθη
2338 890 2400 943 τὸ
2443 891 2689 958 παιδίον;
2736 891 2889 946 εἰπέ·
2932 890 3100 955 Ἰδοὺ,
3139 890 3325 962 φησὶν,
3374 904 3415 959 η
3461 889 3760 959 παρθένος

496 982 660 1053 Virgo
701 991 878 1036 mater
917 980 1176 1049 efficitur,
1225 990 1283 1036 et
1323 987 1609 1052 permanet
1649 982 1826 1050 virgo.
1874 978 2072 1034 Cernis

2192 983 2243 1037 ir
2278 983 2488 1053 γαστρί
2530 983 2791 1053 λήψεται
2835 984 2934 1039 καί
2969 984 3203 1051 τέξεται
3245 983 3402 1048 υἱὸν,
3441 982 3543 1037 καί
3576 983 3759 1038 καλέ-

470 1056 701 1129 Δἧονιιιιι
731 1082 944 1130 natura
971 1074 1251 1130 ordinem.
1283 1074 1342 1130 In
1381 1074 1508 1131 aliis
1535 1073 1861 1129 mulieribus
1892 1087 2072 1143 quan-

491 1166 588 1219 diu
630 1166 818 1236 aliqua
863 1174 950 1221 est
986 1167 1167 1237 virgo,
1202 1181 1312 1219 non
1355 1174 1442 1222 est
1483 1174 1680 1221 mater.
1704 1162 1838 1219 Nam
1864 1174 2077 1236 postea-

491 1273 657 1327 quam
680 1265 766 1313 est
797 1256 945 1312 facta
985 1266 1183 1323 mater,
1214 1256 1590 1329 virginitatem
1621 1271 1733 1311 non
1760 1256 1943 1310 habet.
1973 1253 2076 1310 llic

490 1360 676 1406 autem
725 1357 1029 1421 utrumque
1077 1364 1279 1405 nomen
1327 1348 1384 1403 in
1432 1348 1580 1404 idem
1620 1348 1927 1403 concurrit.
1972 1344 2076 1400 Ea-

490 1444 613 1499 dem
660 1444 810 1500 enim
860 1450 918 1500 et
967 1452 1145 1498 mater
1186 1450 1241 1498 et
1290 1442 1449 1514 virgo
1491 1448 1597 1497 est.
1638 1439 1751 1496 Nec
1787 1440 2076 1510 virginitas

492 1547 711 1610 partum
752 1539 996 1602 ademit,
1046 1551 1149 1593 nec
1201 1544 1397 1608 partus
1448 1536 1821 1607 virginitatem
1887 1533 2073 1590 solvit.

496 1628 735 1684 Decebat
765 1629 939 1691 enim,
967 1637 1027 1683 ut
1056 1629 1151 1699 qui
1182 1629 1237 1682 in
1267 1628 1437 1682 vitam
1470 1627 1768 1681 humanam
1792 1610 2076 1689 introibat,

497 1727 557 1774 ut
603 1718 856 1775 homines
892 1720 1137 1789 integros
1184 1719 1645 1786 incorruptosque
1690 1721 1973 1781 servaret,
2009 1713 2079 1767 ab

498 1814 818 1882 incorrupta
844 1811 951 1868 sibi
986 1811 1332 1867 deserviente
1363 1809 1681 1880 integritate
1724 1807 1943 1862 initium
1971 1807 2080 1861 du-

497 1913 670 1957 ceret.
703 1901 838 1957 Nam
869 1902 1156 1957 hominum
1184 1901 1532 1956 consuetudo
1560 1908 1842 1969 expertem
1866 1912 2079 1951 connu-

509 1994 584 2048 bii
628 1993 1010 2063 incorruptam
1054 1992 1316 2063 appellat.
1348 1991 1463 2046 lloc
1503 1991 1636 2045 mibi
1675 2000 1801 2045 ante
1848 2004 2080 2061 magnus

508 2083 602 2140 ille
638 2084 815 2140 Moses
847 2099 942 2153 per
979 2098 1101 2139 eam
1131 2083 1333 2151 lucem,
1364 2083 1418 2137 in
1446 2097 1555 2153 qua
1587 2081 1695 2137 sibi
1737 2082 1879 2136 Deus
1914 2095 2083 2151 appa-

508 2176 639 2240 ruit,
678 2176 891 2232 videtur
940 2176 1289 2248 cognovisse,
1312 2176 1430 2244 qui,
1458 2190 1584 2229 cum
1632 2172 1806 2228 rubus
1840 2172 2081 2240 arderet,

513 2284 612 2324 nec
655 2281 836 2325 tamen
871 2277 1316 2331 consumeretur,
1354 2266 1640 2321 Transiens
1669 2267 1838 2329 enim,
1882 2265 2083 2336 inquit,

506 2361 689 2415 videbo
718 2362 969 2415 visionem
1009 2361 1146 2414 hanc
1186 2375 1435 2428 ntagnam
1466 2358 1546 2419 ",
1580 2372 1687 2411 non
1720 2356 1822 2411 loci
1855 2368 2086 2418 moutm,

513 2463 574 2507 ut
604 2454 867 2515 arbitror,
893 2468 990 2523 per
1028 2451 1322 2507 transitum
1345 2450 1660 2514 declarans,
1692 2448 1788 2503 sed
1823 2447 2089 2517 temporis

510 2546 833 2601 transitum.
855 2545 1011 2612 Quod
1043 2545 1190 2600 enim
1224 2552 1356 2598 tunc
1378 2556 1475 2612 per
1497 2540 1770 2597 flammam
1807 2548 1861 2595 et
1892 2539 2087 2595 rubum

509 2638 947 2708 signiﬁcabatur,
974 2637 1359 2708 progrediente
1390 2632 1822 2704 Iempore,quod
1857 2632 2092 2689 interce-

501 2730 692 2805 debat.
722 2730 1010 2802 perspicue
1047 2730 1101 2784 in
1128 2730 1388 2800 mysterio
1418 2726 1648 2796 virginis
1678 2736 1927 2795 apertum
1963 2723 2088 2779 fuit.

2173 1089 2358 1129 σουσι
2384 1075 2449 1129 τὸ
2484 1075 2672 1144 ὄνομα
2702 1076 2889 1133 αὐτοῦ
2917 1074 3323 1146 Ἐμμανουὴλ,
3360 1076 3389 1130 ὃ
3415 1076 3533 1130 ἐστι
3559 1074 3760 1147 μεθερ-

2177 1167 2564 1238 μηνευόμενον,
2598 1169 2737 1224 Μεθ’
2752 1167 2925 1238 ἡμῶν
2954 1172 2989 1224 ὁ
3019 1170 3183 1235 Θεός.
3217 1169 3284 1222 '0
3314 1167 3409 1223 τοῦ
3443 1167 3757 1239 θαύματοςι

2168 1259 2252 1315 ,Ἦ
2286 1258 2554 1331 παρθένος
2589 1260 2773 1331 μήτηρ
2798 1260 3027 1326 γίνεται,
3068 1260 3165 1316 καὶ
3194 1260 3441 1332 διαμένει
3468 1259 3757 1332 παρθένος.

2185 1351 2349 1425 Ὁρᾷς
2374 1352 2473 1421 τὴν
2509 1353 2859 1424 καινοτομίαν
2888 1353 2999 1423 ¹τῆς
3030 1351 3263 1422 φύσεως.
3306 1351 3430 1406 Ἐπὶ
3452 1350 3562 1405 τῶν
3584 1349 3763 1407 ἀλλων

2165 1447 2449 1516 ,γυναικῶν
2477 1447 2584 1512 ἓως
2607 1446 2875 1518 παρθένος
2900 1445 3040 1510 ἐστὶ,
3070 1446 3253 1518 μήτηρ
3277 1445 3379 1499 οὐκ
3407 1442 3575 1498 ἐστιν.
3606 1440 3764 1496 Ἐπεὶ

2172 1537 2222 1597 δ’
2262 1539 2327 1592 ἂν
2385 1539 2568 1609 μήτηρ
2630 1537 2854 1608 γένηται
2879 1578 2895 1604 ,
2946 1538 3043 1608 τήν
3105 1534 3406 1608 παρθενίαν
3463 1534 3564 1588 οὐκ
3622 1532 3759 1605 ἔχει.

2192 1630 2460 1684 Ἐνταῦοα
2499 1630 2556 1684 δὲ
2588 1629 2658 1685 τὰ
2682 1630 2776 1686 δύο
2801 1630 3104 1702 συνέδραμε
3137 1630 3280 1684 κατά
3318 1628 3515 1684 ταύτὸν
3542 1627 3610 1682 τὰ
3644 1626 3763 1681 ὀνό-

2182 1736 2348 1790 ματα.
2404 1720 2468 1774 Ἡ
2511 1720 2621 1793 γὰρ
2665 1719 2822 1790 αὐτὴ⁴
2851 1719 2947 1773 καὶ
2973 1720 3154 1791 μήτηρ
3186 1718 3281 1773 καὶ
3317 1716 3583 1790 παρθένος
3621 1717 3759 1772 ἐστί’

2180 1812 2278 1865 καὶ
2322 1811 2446 1866 οὔτε
2493 1814 2527 1884 ή
2583 1812 2853 1884 παρθενία
2898 1811 2992 1866 τὸν
3034 1811 3194 1865 τόκον
3233 1810 3546 1876 ἐκώλυσεν,
3588 1809 3709 1864 οὕτε
3732 1811 3766 1863 ὁ

2180 1905 2336 1968 τόκος
2381 1905 2478 1976 τὴν
2522 1905 2820 1978 παρθενίαν
2847 1904 3056 1961 ἔλυσεν.
3106 1905 3353 1976 Ἔπρεπε
3381 1902 3501 1975 γὰρ,
3534 1902 3624 1956 τὸν
3670 1900 3767 1954 ἐπὶ

2180 1993 2461 2066 ἀφθαρσίᾳ
2487 1993 2582 2049 τοῦ
2625 1991 2827 2060 παντὸς
2875 1996 2934 2050 ὲν
2974 1993 3054 2064 τῷ
3106 1993 3432 2067 ἀνθρωπίνῳ
3476 1992 3577 2065 βίῳ
3613 1993 3767 2062 γενό-

2187 2102 2367 2158 μενον,
2398 2086 2508 2140 ἀπὸ
2538 2086 2640 2157 τῆς
2670 2085 3051 2159 ὑπηρετούσης
3092 2085 3259 2141 αὐτοῦ
3287 2088 3354 2158 τῇ
3388 2087 3637 2155 γεννήσει
3664 2082 3768 2153 τῆς

2185 2178 2495 2251 ἀφθαρσίας
2523 2177 2813 2251 ἄρξασθαι.
2838 2179 2950 2251 Τὴν
2980 2179 3091 2251 γὰρ
3114 2178 3508 2251 ἀπειρόγαμον,
3532 2176 3770 2246 ἄφθορον

2185 2269 2325 2326 οἶδεν
2352 2272 2637 2343 ὀνομάζειν
2678 2273 2712 2342 ή
2755 2272 2864 2326 τῶν
2913 2270 3216 2343 ἀνθρώπων
3268 2269 3543 2341 συνήθεια.
3597 2266 3773 2322 Τοῦτό

2188 2381 2283 2434 μοι
2325 2364 2474 2419 δοκεῖ
2523 2363 3090 2435 προκατανενοηκέναι
3128 2364 3196 2432 τῇ
3244 2361 3513 2435 γενομένῃ
3542 2361 3630 2415 διὰ
3672 2359 3770 2414 τοῦ

2189 2455 2369 2523 φωτὸς
2391 2455 2540 2526 αὐτῷ
2569 2455 2857 2526 θεοφανείᾳ
2885 2454 3127 2524 Μωῦσῆς
3157 2454 3361 2517 ἐκεῖνος
3387 2454 3416 2506 ὁ
3453 2451 3647 2523 μέγας,
3680 2452 3773 2505 ὅτε

2191 2547 2456 2619 ἐξήπτετο
2483 2548 2583 2617 τῆς
2613 2547 2776 2618 βάτου
2798 2547 2857 2600 τὸ
2883 2546 3016 2617 πῦρ,
3047 2546 3141 2599 καὶ
3167 2548 3201 2617 ή
3233 2545 3396 2616 βάτος
3426 2545 3528 2600 οὐκ
3551 2544 3775 2617 ἐμαραί-

2191 2658 2313 2696 νετο
2336 2657 2350 2672 '
2400 2641 2613 2707 Διαϐὰς
2649 2639 2779 2711 γὰρ,
2810 2640 2997 2710 φησὶν,
3033 2640 3256 2708 ὄψομαι
3292 2637 3358 2692 τὸ
3387 2639 3543 2708 μέγα
3586 2636 3779 2711 ὅραμα

2193 2732 2387 2786 τοῦτο·
2441 2731 2504 2785 ού
2553 2732 2804 2802 τοπικὴν.
2851 2724 3026 2799 οἶμαι,
3072 2728 3248 2798 δηλῶν
3292 2729 3509 2801 κίνησιν
3557 2730 3645 2784 διά
3676 2729 3778 2799 τῆς

513 2822 995 2889 Quemadmodum
1031 2821 1180 2876 enim
1229 2820 1343 2874 illic
1391 2827 1475 2874 est
1508 2819 1702 2883 rubus,
1751 2828 1804 2872 et
1839 2814 2090 2871 accendit

2197 2822 2429 2895 βάσεως,
2448 2822 2588 2879 ἀλλὰ
2619 2821 2718 2893 τὴν
2747 2820 3047 2893 παροδικὴν
3072 2818 3167 2874 τοῦ
3201 2820 3395 2892 χρόνου
3419 2820 3697 2876 διάϐασιν·
3718 2820 3780 2874 τὸ

517 2916 721 2985 ignem,
750 2924 805 2968 et
836 2930 947 2968 non
979 2912 1367 2977 comburitur;
1409 2913 1483 2966 ita
1523 2911 1611 2965 hic
1652 2917 1738 2965 est
1768 2910 1942 2979 virgo,
1971 2922 2090 2977 qua:

2197 2913 2304 2986 γάρ
2332 2914 2453 2967 τότε
2495 2912 2941 2985 προδιατυπωθὲν
2982 2915 3041 2967 ὲν
3075 2913 3144 2983 τῇ
3187 2910 3348 2981 φλογὶ
3388 2911 3484 2967 καὶ
3510 2914 3578 2984 τῇ
3609 2911 3778 2982 βάτῳ,

516 3008 696 3061 lucem
724 3006 894 3076 parit,
929 3013 985 3061 et
1020 3020 1129 3060 non
1171 3005 1569 3074 corrumpitur.
1606 3001 1763 3068 Quod
1784 3009 1965 3056 autem
2002 3013 2090 3069 per

2198 3006 2482 3071 διαϐάντος
2513 3005 2611 3061 τοῦ
2649 3005 2816 3078 μέσου
2845 3004 3061 3078 χρόνου,
3097 3004 3369 3075 σαφῶςὲν
3399 3004 3479 3076 τῷ
3514 3004 3663 3061 κατά
3681 3004 3785 3076 τήν

516 3102 716 3155 rubum
757 3099 1005 3170 Virginis
1032 3113 1259 3168 corpus,
1294 3096 1441 3168 quod
1471 3096 1641 3152 Deum
1674 3094 1909 3167 peperit,
1939 3093 2090 3148 intel-

2201 3098 2472 3171 παρθένον
2509 3098 2796 3170 μυστηρίῳ
2843 3096 3227 3168 ἀπεκαλύφθη.
3261 3097 3471 3169 Ὠσπερ
3516 3096 3626 3168 γὰρ
3666 3098 3789 3151 ἐκεῖ

521 3194 756 3263 ligatur,
801 3208 870 3246 ne
917 3198 971 3246 te
1014 3189 1405 3247 similitudinis
1450 3186 1673 3258 pudeat.
1733 3184 1870 3239 Nam
1920 3183 2090 3239 omnis

2205 3194 2238 3262 ἡ
2266 3191 2489 3262 θάμνος,
2521 3190 2616 3244 καὶ
2646 3191 2805 3243 ἅπτει
2832 3189 2895 3242 τὸ
2916 3188 3029 3260 πῦρ
3063 3190 3157 3243 καὶ
3181 3189 3242 3243 οὐ
3274 3188 3507 3267 καίεται,
3525 3186 3670 3242 οὕτω
3690 3189 3788 3242 καὶ

523 3297 654 3335 caro
689 3288 912 3350 prepter
944 3280 1157 3351 peccati
1192 3279 1622 3347 susveptionem,
1657 3283 1711 3330 et
1734 3276 1805 3328 ob
1833 3274 1886 3328 id
1919 3274 2090 3344 ipsum

2205 3283 2437 3338 ἐνταῦθα
2464 3285 2498 3354 ἡ
2524 3283 2820 3356 Παρθένος,
2846 3284 2943 3336 καὶ
2970 3281 3144 3336 τίκτει
3174 3282 3235 3336 τὸ
3263 3266 3398 3352 ιρῶς,
3429 3281 3524 3337 καὶ
3545 3281 3607 3335 οὐ
3635 3280 3786 3351 φθεί-

524 3382 759 3432 tantum,
793 3371 940 3442 quod
982 3379 1069 3427 est
1089 3384 1240 3435 caro,
1281 3375 1568 3440 peccaturo
1598 3377 1682 3423 est
1707 3366 1774 3421 ’⁷.
1810 3364 2090 3421 Peccatum

2208 3392 2383 3447 ρεται.
2438 3375 2504 3428 Εί
2550 3374 2607 3427 δὲ
2653 3374 2817 3444 βάθος
2862 3375 3219 3445 προδιατυποῖ
3247 3374 3308 3428 τὸ
3340 3373 3588 3428 θεοτόκον
3628 3373 3789 3445 σῶμα

525 3473 707 3519 autem
760 3465 812 3518 in
865 3462 1154 3534 Scriptura
1194 3469 1426 3517 vocatur
1452 3461 1631 3529 spina.
1682 3460 1758 3514 Ae
1790 3474 1858 3514 ne
1902 3470 2102 3528 a'pro-

534 3557 717 3626 posito
761 3555 980 3626 longius
1028 3570 1347 3625 evagemur,
1384 3553 1524 3608 forte
1556 3567 1666 3604 non
1705 3551 1810 3603 erit
1839 3550 2107 3618 intempe-

525 3650 756 3709 stivum,
786 3647 832 3702 si
870 3647 1207 3714 incorruptae
1253 3644 1444 3698 matris
1486 3650 1679 3697 testem
1712 3656 1861 3703 eum,
1892 3639 1987 3709 qui
2024 3640 2109 3693 in-

531 3748 615 3792 ter
666 3738 932 3805 templum
983 3746 1035 3791 et
1087 3736 1260 3789 altare
1306 3733 1406 3787 fuit
1449 3733 1693 3791 occisus.
1737 3730 2104 3800 proferamus.

531 3829 632 3884 llic
661 3837 743 3885 cst
781 3827 1043 3883 sacerdos
1090 3825 1409 3891 Zacharias,
1447 3838 1558 3878 non
1606 3820 1871 3878 sacerdos
1904 3820 2107 3883 solum,

530 3934 721 3977 verum
748 3920 916 3974 etiam
944 3920 1213 3989 propheta
1241 3917 1307 3970 ³⁸.
1338 3916 1416 3969 Ac
1440 3913 1744 3985 prophetia:
1763 3912 1984 3983 quidem
2010 3926 2111 3981 po-

533 4020 701 4067 testas
730 4011 784 4065 in
820 4008 1099 4081 Evangelii
1128 4009 1271 4064 libro
1305 4008 1641 4071 declaratur,
1675 4020 1803 4060 cum
1832 4006 1976 4060 viam
2008 4004 2110 4058 ho-

2205 3468 2305 3539 τῆς
2330 3466 2633 3538 Παρθένου,
2661 3466 2738 3537 μὴ
2759 3466 3056 3545 αἰσχυνθῇς
3078 3466 3154 3537 τῷ
3171 3465 3472 3536 αἰνίγματι.
3499 3466 3654 3519 Πᾶσα
3677 3465 3789 3536 γὰρ

2211 3559 2348 3630 σὰρξ
2380 3558 2470 3613 διά
2497 3558 2598 3630 τὴν
2642 3557 2742 3628 τῆς
2790 3558 3066 3629 ἁμαρτίας
3114 3557 3448 3630 παραδοχὴν,
3494 3559 3614 3611 κατ’
3657 3556 3791 3611 αὐτὸ

2209 3652 2367 3704 τοῦτο
2409 3651 2491 3703 ὅτι
2537 3649 2673 3722 σάρξ
2720 3651 2836 3703 ἐστι
2885 3650 3079 3723 μόνον,
3128 3649 3375 3722 ἁμαρτία
3424 3649 3611 3703 ἐστίν·
3663 3651 3698 3721 ή
3730 3649 3791 3704 δὲ

2186 3800 2189 3803 ,
2211 3742 2455 3812 ἁμαρτία
2480 3742 2633 3813 παρὰ
2653 3742 2752 3813 τῆς
2779 3743 2817 3795 Γ
2825 3743 3001 3815 ραφῆς
3028 3744 3094 3813 τῇ
3124 3745 3225 3813 τῆς
3247 3742 3486 3814 ἀκάνθης
3507 3742 3793 3814 ἐπωνυμίᾳ.

2213 3830 2660 3902 κατονομάζεται.
2712 3832 2775 3886 El
2806 3832 2863 3886 δὲ
2912 3832 2987 3903 μὴ
3022 3832 3212 3903 πόρρω
3260 3831 3370 3886 τῶν
3418 3833 3793 3903 προκειμένων

2213 3922 2626 3994 ἀποφερόμεθα,
2652 3923 2794 3994 τάχα
2822 3924 2917 3978 καὶ
2949 3924 3039 3979 τὸν
3075 3922 3278 3996 μεταξὺ
3300 3923 3395 3979 τοῦ
3426 3924 3555 3980 ναοῦ
3581 3926 3678 3980 καὶ
3697 3924 3793 3979 τοῦ

2217 4014 2614 4086 θυσιαστηρίου
2654 4015 2981 4085 φονευθέντα
3009 4016 3283 4090 Ζαχαρίαν
3320 4017 3420 4071 οὐκ
3459 4017 3690 4088 ἄκαιρον
3715 4020 3795 4081 είς

535 4102 778 4157 minibus
809 4100 1063 4157 muniens
1089 4099 1274 4155 divina
1315 4101 1517 4170 gratia,
1547 4114 1616 4153 ne
1646 4098 1889 4171 Virginis
1921 4106 2090 4170 partu:

2220 4107 2525 4178 μαρτυρίαν
2580 4107 2679 4175 τῆς
2745 4106 2986 4180 ἀφθόρου
3056 4108 3262 4180 μητρὸς
3314 4109 3791 4180 παραστήσασθαι.

538 4194 881 4250 incredibilis
927 4202 1239 4264 putaretur,
1291 4193 1600 4248 minoribus
1652 4192 1942 4247 miraculis
1980 4190 2113 4246 fide-

2229 4198 2426 4271 Ἱερεὺς
2457 4193 2610 4262 οὗτος
2633 4201 2663 4253 ὁ
2696 4200 2966 4273 Ζαχαρίας
3006 4198 3073 4273 ἢν
3099 4218 3113 4233 ’
3161 4202 3259 4273 οὐχ
3303 4202 3483 4274 ἱερεὺς
3526 4202 3583 4256 δὲ
3614 4205 3794 4273 μόνον.

538 4289 671 4343 lium
704 4302 993 4343 assensum
1037 4287 1118 4343 sic
1156 4286 1430 4349 exercuit,
1475 4295 1534 4340 ut
1565 4286 1769 4341 femina
1802 4285 2030 4357 sterilis,
2063 4300 2090 4338 e

2219 4290 2354 4345 ἀλλὰ
2378 4292 2473 4346 καὶ
2504 4293 2563 4345 ὲν
2589 4291 2668 4363 τῷ
2689 4292 2787 4364 τῆς
2821 4294 3156 4366 προφητείας
3186 4295 3521 4365 χαρίσματι·
3552 4298 3584 4365 ἡ
3615 4294 3669 4348 δὲ
3698 4295 3797 4364 τῆς

538 4381 750 4449 virjam
774 4389 935 4436 aetate
954 4381 1247 4435 confectus
1280 4380 1450 4434 tilium
1475 4378 1839 4450 susciperent.
1865 4376 1982 4433 Hoc
2012 4377 2117 4431 mi-

541 4473 700 4529 randi
721 4483 914 4544 partus
941 4474 1269 4543 prooemium
1293 4471 1414 4526 fuit.
1440 4470 1653 4527 Etenim
1682 4472 1828 4527 sicut
1853 4470 2118 4536 Elisabet,

2220 4383 2560 4454 προφητείας
2602 4382 2834 4454 δύναμις
2881 4385 3232 4456 ἀνάγραπτος
3266 4387 3325 4439 ὲν
3372 4388 3439 4457 τῇ
3491 4385 3657 4457 βίϐλῳ
3702 4385 3795 4440 τοῦ

2224 4473 2554 4544 Εὐαγγελίου
2584 4476 2920 4547 κηρύσσεται
2942 4494 2956 4508 ο
3002 4479 3089 4531 ὅτε
3118 4477 3546 4549 προοδοποιοῦσα
3570 4481 3681 4542 τοῖς
3702 4481 3799 4532 ἀν-

540 4581 665 4635 qua:
695 4566 900 4621 sterilis
926 4565 994 4619 ad
1036 4575 1376 4621 senectutem
1432 4573 1777 4634 perlenerat,
1814 4578 1923 4618 non
1971 4571 2090 4632 pote

2192 4556 2198 4587 ⁵
2223 4565 2461 4638 θρώποις
2491 4569 2524 4639 ή
2554 4544 2675 4622 θεία
2697 4568 2876 4638 χάρις,
2930 4568 3006 4640 μὴ
3033 4544 3261 4624 ἄπιστον
3304 4570 3397 4625 τὸν
3426 4571 3493 4624 ἐκ
3522 4569 3799 4643 Παρθένου

541 4666 685 4711 state
728 4664 938 4709 natura:
997 4654 1055 4709 iit
1092 4666 1281 4720 mater,
1329 4655 1424 4711 sed
1464 4656 1515 4710 ei
1560 4655 1752 4711 divino
1778 4654 2012 4710 consilio
2053 4653 2117 4709 ti-

544 4750 651 4803 lius
674 4748 942 4811 nascitur,
984 4747 1064 4802 sic
1105 4747 1250 4817 quod
1285 4748 1339 4802 in
1381 4747 1632 4816 virgineo
1662 4754 1819 4817 partu
1858 4762 1967 4807 non
1998 4762 2120 4802 cre-

2225 4659 2382 4713 τόκον
2416 4658 2777 4730 ἡγήσασθαι,
2824 4663 2938 4726 τοῖς
2976 4661 3225 4717 ἐλάττοσι
3269 4662 3512 4734 θαύμασι
3552 4679 3801 4734 παραγυ-

2228 4751 2421 4820 μνάζει
2446 4752 2554 4805 τῶν
2576 4750 2821 4806 ἀπίστων
2840 4753 2940 4823 τὴν
2963 4754 3382 4823 συγκατάθεσιν·
3403 4755 3470 4827 τῇ
3503 4746 3695 4827 στείρα
3710 4755 3804 4807 καὶ

544 4838 781 4894 dcudum
837 4837 1070 4902 videtur,
1105 4837 1151 4892 si
1198 4835 1472 4891 referatur
1519 4836 1587 4891 ad
1639 4837 1807 4891 Deum
1856 4839 2085 4894 eredibil

2227 4844 2494 4916 παρήλικι
2537 4843 2778 4897 τίκτεται
2811 4847 2960 4910 παῖς.
3005 4844 3177 4900 Τοῦτο
3223 4848 3508 4919 προοίμιον
3537 4840 3640 4900 τοῦ
3665 4845 3804 4899 κατὰ

545 4941 651 4987 est.

2162 4970 2167 4977 -
2217 4934 2318 5005 τὴν
2352 4933 2651 5004 παρθενίαν
2679 4933 2957 5007 θαύματος
2981 4937 3214 5007 γίνεται.
3255 4939 3345 5003 Ὠς
3373 4938 3484 5009 γὰρ
3510 4939 3545 5010 ἡ
3587 4936 3806 4991 Ἐλισα-

547 5022 662 5085 ϐετ,
699 5022 761 5076 οὐ
791 5020 1266 5093 δυνάμει.φύσεως
1300 5020 1509 5089 γίνεται
1545 5024 1749 5093 μήτηρ,
1791 5022 1986 5090 ἄγονος
2029 5023 2120 5076 τὸν
2160 5023 2273 5095 βίον
2301 5026 2770 5097 καταγηράσασα,
2813 5028 2934 5082 ἀλλ’
2967 5029 3060 5083 ἐπὶ
3104 5029 3167 5083 τὸ
3204 5028 3346 5085 θεῖον
3405 5028 3653 5101 βούλημα
3712 5025 3807 5081 τοῦ

546 5120 736 5184 παιδὸς
766 5120 799 5191 ή
825 5118 1078 5189 γέννησις
1107 5119 1439 5190 ἀναφέρεται
1462 5137 1476 5151 ·
1524 5118 1668 5172 οὕτω
1709 5119 1805 5173 καὶ
1845 5119 1946 5190 τῆς
1988 5118 2324 5194 παρθενικῆς
2352 5122 2539 5186 ὠδῖνος
2571 5123 2604 5193 ἡ
2633 5122 2881 5188 ἀπιστία,
2915 5126 2983 5197 τῇ
3010 5123 3148 5196 πρὸς
3214 5124 3277 5179 τὸ
3339 5124 3495 5179 Θείον
3559 5122 3809 5194 ἀναφορᾷ

546 5212 611 5266 τὸ
639 5210 830 5266 πιστὸν
853 5209 986 5282 ἔχει.

621 5306 892 5373 Quoniam
932 5305 1102 5379 igitur
1125 5320 1193 5360 ex
1235 5305 1544 5376 virginitate
1586 5304 1942 5375 proveniente
1991 5320 2129 5374 pra:-

550 5402 700 5455 cedit
726 5400 773 5454 is
803 5398 900 5468 qui
926 5413 959 5454 e
988 5397 1172 5455 sterili
1199 5399 1470 5462 nascitur,
1502 5398 1598 5467 qui
1629 5395 1697 5450 ad
1727 5410 1919 5451 vocem
1955 5396 2126 5462 illius,

2315 5300 2533 5372 Ἐπειδὴ
2563 5301 2744 5356 τοίνυν
2773 5302 3147 5374 προλαμϐἀνει
3190 5302 3281 5356 τὸν
3344 5303 3411 5357 ὲκ
3459 5301 3759 5374 παρθενίας
3785 5304 3814 5355 ό

2233 5394 2342 5448 ἀπὸ
2370 5395 2469 5465 τῆς
2492 5394 2736 5465 στείρας,
2754 5394 2790 5449 ,ὁ
2819 5394 2954 5466 πρὸς
2984 5393 3084 5464 τὴν
3105 5393 3287 5465 φωνὴν
3311 5392 3415 5464 τῆς
3437 5391 3816 5465 κυοφορούσης

554 5501 677 5558 quae
707 5485 998 5540 Dominum
1049 5495 1207 5541 utero
1249 5485 1491 5556 gerebat,
1531 5494 1826 5555 antequam
1857 5484 1912 5539 in
1948 5485 2090 5540 lucet

2230 5486 2323 5538 τὸν
2351 5483 2554 5556 Κύριον
2598 5486 2727 5557 πρὶν
2755 5487 2835 5550 εἰς
2864 5486 2979 5555 φῶς
3004 5485 3174 5539 ζελθεῖν
3204 5486 3264 5543 ἐν
3294 5488 3361 5559 τῇ
3389 5485 3624 5558 μητρῷα
3666 5484 3820 5555 νηδύῖ

562 5577 832 5649 prodiret,
886 5576 941 5630 in
979 5575 1100 5630 alvo
1147 5576 1340 5631 matris
1374 5575 1641 5639 exsilivit,
1673 5574 1838 5631 simul
1865 5590 1930 5631 ac
1968 5586 2090 5629 natu

2214 5576 2559 5653 ,σκιρτήσας,
2584 5576 2703 5647 ἆμα
2733 5593 2791 5630 τε
2822 5573 3099 5649 παρῆλθεν
3125 5577 3207 5641 είς
3237 5577 3451 5653 γένεσιν
3480 5578 3510 5631 ό
3534 5576 3630 5633 τοῦ
3657 5577 3819 5646 λόγου

558 5680 644 5729 est
686 5684 998 5741 praecursor
1027 5667 1217 5734 Verbi,
1249 5668 1566 5738 prophetico
1605 5668 1805 5738 spiritu
1845 5667 2090 5722 Zachari:

2236 5668 2561 5749 πρόδρομος,
2610 5669 2734 5721 τότε
2758 5667 2948 5722 λύεται
2973 5668 3053 5741 τῷ
3076 5670 3323 5743 Ζαχαρία
3343 5672 3431 5726 διὰ
3472 5669 3574 5742 τῆς
3601 5684 3822 5741 προφη-

535 5930 546 5963 l
635 5851 679 5882 ³⁵
710 5847 813 5905 lsa.
851 5864 946 5915 vn,
982 5846 1065 5904 ll.

1179 5847 1226 5880 ²⁶
1250 5845 1422 5903 Exod.
1458 5861 1539 5917 nt,
1569 5845 1621 5902 '5.
1701 5847 1744 5879 ’⁷
1777 5844 1821 5901 ll
1847 5844 1979 5917 Reg.
2011 5862 2090 5902 xx

2199 5848 2276 5915 6;
2306 5844 2491 5903 Matth.
2525 5858 2646 5913 xm,
2672 5844 2758 5898 22.
2843 5846 2887 5878 "
2925 5845 3057 5903 Luc.
3102 5863 3140 5914 ι,
3173 5847 3206 5903 3
3246 5862 3369 5918 sqq.
