4092 6378
425 307 569 366 1145

1699 304 1759 361 S.
1785 303 2116 361 οιιεοοιιιι
2155 303 2456 361 Νγεδεκι

3554 291 3689 347 ili-5

425 432 567 504 εορὶ,
592 431 739 504 quod
770 440 858 488 est
884 432 1206 489 animalium
1231 430 1444 488 ratione
1474 431 1785 486 vacantium
1820 429 2002 494 sedes,

2132 429 2213 481 πῶν
2240 428 2452 496 ἀλόγων
2479 425 2659 491 ἑστία,
2691 425 2719 478 ό
2753 422 2812 491 ἐξ
2841 418 3071 491 ούρανοῦ
3112 413 3357 504 καταϐάς
3399 413 3563 485 ἄρτος
3595 412 3695 483 τῆς

423 538 457 579 e
481 502 627 579 caele
653 522 914 596 delapsus
936 525 1062 580 vita:
1086 524 1243 595 panis
1268 523 1600 596 proponitur
1622 523 1690 591 “,
1722 530 1861 577 utet
1885 537 2007 593 quae

2132 523 2260 593 ζωῆς
2316 520 2682 594 προστίθεται,
2745 518 2832 572 ἵνα
2869 515 2966 571 καὶ
3020 513 3091 567 τὰ
3135 502 3305 580 ἄλογα
3335 509 3434 579 τῆς
3470 505 3698 596 λογικῆς

427 630 460 670 a
487 616 705 673 ratione
734 625 941 672 remota
988 624 1120 672 sunt
1163 615 1447 680 animalia,
1483 614 1715 670 rationis
1742 614 1870 671 cibo
1903 629 2008 668 nuo

2116 608 2492 682 μεταλαῦόντα
2529 608 2758 680 τροφῆς,
2805 605 2866 659 ὲν
2914 603 3061 673 λόγῳ
3110 599 3363 670 γένηται.
3399 594 3696 652 Μεσιτεύει

428 707 691 775 triantur,
752 716 918 779 atque
970 707 1046 763 ita
1103 707 1319 785 ratione
1373 707 1732 764 decorentur.
1768 705 2007 762 Medium

2132 703 2291 757 τοίνυν
2320 702 2414 757 ἐπὶ
2442 701 2542 773 τῆς
2565 700 2772 772 φάτνης
2804 697 2884 770 τῷ
2911 697 2995 770 βοῒ
3017 697 3112 750 καὶ
3140 692 3220 766 τῷ
3247 691 3353 764 ὄνῳ
3390 692 3421 744 ό

429 799 599 872 igitur
630 800 686 856 in
715 799 945 871 presepi
981 815 1042 855 se
1071 799 1213 855 inter
1243 800 1438 856 bovem
1471 808 1526 856 et
1555 800 1772 856 asinum
1807 798 2011 854 utrius-

429 906 539 962 que
575 891 842 949 Dominus
879 891 1046 958 locat,
1077 900 1138 947 ut
1163 891 1401 948 medium
1453 893 1718 963 parietem
1758 890 2011 947 maceria

434 982 677 1047 solvens,
707 985 849 1039 duos
875 985 1081 1041 condat
1110 985 1164 1039 itt
1194 985 1495 1055 semetipso
1523 984 1577 1038 in
1604 999 1774 1039 unum
1807 995 2010 1038 novun

434 1073 713 1133 hominem
731 1076 879 1139 “-",
899 1077 968 1132 ab
985 1076 1160 1132 altero
1177 1090 1344 1148 grave
1359 1074 1521 1147 Legis
1535 1074 1729 1147 iugum
1746 1074 2010 1145 eripiens:

434 1165 668 1221 alterum
713 1167 1138 1223 simulacrorum
1175 1167 1364 1224 cultus
1406 1182 1573 1223 onere
1609 1167 1870 1222 liberans.
1903 1165 2011 1221 Sed

433 1257 625 1314 oculos
661 1258 729 1314 ad
774 1260 1047 1315 mirabilia
1079 1260 1344 1316 cmlorum
1381 1259 1696 1331 spectacula
1731 1259 2009 1316 tollamus.

435 1352 577 1409 Ecce
605 1355 750 1408 enim
783 1368 892 1408 non
926 1353 1202 1423 prophetae
1243 1353 1423 1410 solum
1449 1359 1506 1408 et
1544 1352 1719 1423 angeli
1752 1350 2011 1421 gaudium

436 1446 542 1502 hoc
568 1446 727 1503 nobis
754 1446 1105 1511 denuntiant,
1137 1461 1326 1501 verum
1352 1445 1518 1501 etiam
1549 1444 1677 1499 coeli
1702 1443 1870 1499 rebus
1896 1442 2013 1497 suis

435 1536 777 1592 admirandis
804 1536 1083 1610 Evangelii
1113 1536 1347 1610 gloriam
1383 1535 1707 1607 praedicant.
1740 1533 1819 1589 Ex
1848 1532 2012 1599 Juda,

436 1637 497 1683 ut
549 1630 626 1683 ait
674 1630 997 1701 Apostolus,
1051 1629 1319 1702 propheta
1349 1627 1609 1684 Christus
1644 1635 1803 1682 ortus
1835 1635 1920 1683 est
1941 1626 2010 1682 ".

436 1718 543 1777 Sed
584 1720 707 1790 ejus
738 1729 863 1777 ortu
913 1737 1023 1777 non
1060 1721 1407 1777 illuminatur
1447 1718 1694 1776 .lutlmus.
1733 1718 2012 1791 Peregrini

2116 812 2228 867 ρων
2278 793 2504 867 Κύριος,
2533 793 2622 848 ἵνα
2651 791 2712 846 τὸ
2747 790 3060 863 μεσότοιχον
3096 786 3191 841 τοῦ
3221 780 3477 856 φραγμοῦ
3506 779 3697 844 λύσας,

2113 888 2242 952 τοὺς
2272 887 2365 942 δύο
2389 888 2548 960 κτίσῃ
2570 887 2629 941 ὲν
2672 883 2850 955 ἑαυτῷ
2887 884 2967 946 εἰς
3017 880 3114 934 ἕνα
3162 877 3350 933 καινὸν
3391 872 3698 947 ἄνθρωπον,

2117 978 2213 1033 καὶ
2254 974 2447 1032 τούτου
2492 975 2584 1030 τὸν
2634 974 2807 1047 βαρὺν
2844 972 3008 1041 ζυγὸν
3038 968 3132 1023 τοῦ
3174 966 3361 1037 Νόμου
3408 960 3699 1036 περιελὼν,

2117 1069 2371 1123 κάκεῖνον
2387 1064 2482 1120 τοῦ
2503 1068 2604 1138 τῆς
2628 1061 3070 1135 είδωλολατρείας
3090 1058 3287 1130 ἄχθους
3307 1050 3698 1126 ἀποφορτίσας.

2131 1157 2271 1212 Ἀλλ’
2300 1156 2695 1228 ἀναϐλέψωμεν
2735 1157 2817 1220 είς
2858 1153 2928 1208 τά
2976 1151 3203 1224 οὐράνια
3258 1144 3532 1219 θαύματα.
3568 1142 3703 1197 Ἰδοὺ

2118 1252 2227 1324 γὰρ
2257 1251 2318 1305 ού
2354 1250 2628 1322 προφῆται
2661 1248 2821 1320 μόνον
2847 1246 2942 1301 καὶ
2974 1242 3194 1314 ἄγγελοι.
3226 1241 3327 1312 τὴν
3366 1237 3542 1311 χαρὰν
3568 1234 3701 1289 ταύ-

2117 1363 2219 1417 την
2244 1347 2378 1416 ἡμῖν
2405 1342 2866 1412 εὐαγγελίζονται,
2883 1338 3018 1392 ἀλλὰ
3048 1338 3141 1390 καὶ
3167 1335 3217 1389 οἱ
3242 1332 3463 1403 οὐρανοὶ
3485 1328 3576 1383 διὰ
3592 1327 3706 1381 τῶν

2119 1437 2335 1492 οἰκείων
2364 1435 2658 1507 θαυμάτων
2684 1432 2783 1505 τὴν
2816 1429 2911 1486 τοῦ
2942 1425 3273 1498 Εὐαγγελίου
3313 1422 3467 1490 δόξαν
3497 1422 3671 1487 ἁνακη
3690 1448 3702 1457 -

2122 1526 2426 1599 ρύττουσιν.
2476 1525 2569 1590 Ἐξ
2598 1522 2770 1578 Ἰούδα
2801 1522 2934 1593 ἡμῖν
2979 1520 3009 1572 ό
3063 1514 3296 1587 Χριστὸς
3349 1509 3702 1569 άνατέταλκε,

2122 1617 2302 1682 καθώς
2330 1633 2494 1689 φησιν
2531 1619 2561 1671 ὁ
2598 1613 2940 1679 ’Λπόστολος,
2974 1608 3093 1666 ἀλλ’
3131 1609 3195 1661 οὺ
3238 1602 3641 1672 καταυγάζεται
3676 1602 3705 1654 ὁ

2133 1709 2387 1773 Ἰουδαῖος
2415 1707 2520 1760 ὑπὸ
2554 1705 2650 1759 τοῦ
2679 1702 3077 1766 ἀνατείλαντος.
3107 1699 3261 1754 Ξένοι
3305 1695 3413 1752 τῶν
3434 1690 3706 1765 διαθηκῶν

435 1818 492 1865 et
529 1826 561 1866 a
593 1785 1052 1867 testamentorum
1098 1810 1471 1882 promissione
1519 1785 2019 1880 bettedictiOtteqtte

2132 1801 2220 1872 τῆς
2244 1798 2578 1869 ἐπαγγελίας
2606 1799 2656 1852 οἱ
2681 1796 2887 1865 Μάγοι,
2904 1794 2999 1847 καὶ
3024 1793 3124 1863 τῆς
3152 1791 3260 1845 τῶν
3282 1789 3542 1859 Πατέρων
3564 1785 3705 1839 εὐλο-

439 1901 663 1958 Patrum
697 1904 860 1960 alieni
903 1912 1035 1961 sunt
1067 1903 1230 1975 Magi,
1265 1904 1361 1975 qui
1404 1903 1722 1973 cognitione
1755 1902 2017 1973 populum

440 1996 742 2051 lsraelitam
800 2004 1179 2063 autevertunt,
1227 2004 1283 2054 et
1328 1997 1610 2053 caelestem
1656 2003 2019 2067 agnoscentes

436 2088 638 2152 lucem,
684 2097 739 2144 et
775 2088 829 2142 in
877 2088 1139 2159 spelunca
1177 2085 1381 2159 Regem
1414 2103 1525 2143 non
1570 2088 1909 2157 ignorantes.
1953 2084 2017 2139 lli

439 2195 671 2235 munera
708 2181 969 2244 afferunt,
1004 2180 1082 2236 illi
1113 2180 1346 2237 insidias
1376 2187 1622 2235 struunt.
1655 2177 1718 2233 Hi
1749 2193 2019 2234 veneran-

439 2283 550 2338 tur,
586 2274 662 2328 illi
712 2281 1141 2344 persequuntur.
1176 2273 1240 2328 Ili
1271 2272 1515 2345 gaudent
1555 2272 1804 2334 invento,
1855 2285 2021 2340 quem

440 2367 842 2437 exquirebant,
882 2367 959 2421 illi
996 2367 1253 2423 nuntiato
1291 2367 1466 2437 ipsius
1491 2376 1613 2421 ortu
1638 2364 2019 2420 reformidant.

444 2459 686 2515 Videntes
731 2461 900 2523 enim,
954 2460 1152 2531 inquit,
1192 2458 1343 2530 Magi
1383 2459 1595 2514 stellam
1624 2473 1788 2528 supra
1825 2457 2021 2520 locum,

441 2550 533 2603 ubi
569 2560 684 2604 erat
717 2565 867 2617 piter,
908 2551 1077 2620 gavisi
1099 2560 1223 2605 sunt
1256 2549 1453 2620 gaudio
1490 2565 1682 2619 magno
1710 2548 1879 2602 valde.
1920 2547 2025 2602 lle-

442 2646 595 2696 rodcx
628 2654 805 2697 autem
848 2642 1070 2697 audiens
1105 2641 1350 2697 turbatus
1374 2651 1473 2707 est,
1512 2651 1560 2695 et
1605 2641 1778 2695 euntis
1805 2638 2027 2694 Jeroso-

442 2735 584 2804 [gina
612 2750 729 2787 cum
756 2733 852 2788 illo
875 2734 942 2790 ".
974 2733 1038 2789 Hi
1071 2744 1124 2791 et
1162 2744 1425 2805 tanquam
1467 2733 1577 2790 Deo
1604 2734 1734 2790 thus
1763 2731 2023 2796 offerunt,

441 2837 496 2880 et
540 2842 679 2882 auro
722 2827 1044 2898 dignitatem
1095 2828 1301 2899 regiam
1351 2828 1561 2884 colunt.
1593 2826 1659 2881 Et
1701 2827 2025 2899 prophetica

442 2919 679 2988 quatiant
708 2920 883 2988 gratia
917 2934 1014 2989 per
1047 2920 1327 2991 myrrham
1373 2920 1569 2976 mortis
1599 2918 2023 2990 dispositionem

444 3007 886 3078 subsignificant.
923 3007 999 3062 Illi
1035 3022 1166 3064 vero
1193 3015 1427 3063 cunctos
1479 3007 1722 3064 infantes
1757 3022 1927 3062 unum
1970 3008 2026 3062 in

447 3100 624 3154 locutu
643 3108 869 3155 coactos
897 3100 1278 3156 internecione
1300 3100 1573 3156 tollendos
1597 3108 1845 3155 censent.
1868 3098 2028 3165 Quod

2119 1894 2244 1962 γίας
2272 1891 2561 1964 ἀλλότριοι·
2592 1889 2727 1943 ἀλλά
2752 1886 3121 1960 προφθάνουσι
3146 1885 3213 1955 τῇ
3252 1880 3451 1952 γνώσει
3499 1881 3707 1950 Ἰσραη-

2120 1984 2274 2056 λίτην
2302 1983 2454 2047 λαὸν,
2479 1982 2574 2036 καὶ
2604 1982 2696 2036 τὸν
2733 1979 2984 2053 οὐράνιον
3027 1976 3295 2048 φωστῆρα
3321 1973 3705 2045 γνωρίσαντες,

2120 2078 2214 2132 καὶ
2240 2075 2332 2129 τὸν
2361 2076 2421 2128 ὲν
2451 2072 2701 2144 σπηλαίῳ
2728 2070 2962 2126 Βασιλέα
2991 2068 3067 2139 μὴ
3110 2067 3493 2137 ἀγνοήσαντες.
3541 2060 3704 2116 Ἐκεῖ-

2120 2189 2202 2228 νοι
2258 2165 2662 2241 δωροφοροῦσιν
2689 2201 2707 2227 ,
2748 2156 2897 2217 οῦτοι
2945 2156 3409 2213 ἐπιϐουλεύουσιν.
3480 2153 3709 2206 Ἐκεῖνοι

2122 2261 2545 2338 προσκυνοῦσιν,
2571 2253 2717 2314 οῦτοι
2748 2254 3056 2311 διώκουσιν.
3099 2252 3328 2306 Ἐκεῖνοι
3354 2245 3601 2319 εὑρόντες
3616 2244 3711 2297 τὸν

2123 2336 2476 2431 ζητούμενον,
2533 2353 2840 2425 χαίρουσιν.
2872 2342 3032 2404 Οὗτοι
3064 2345 3159 2399 ἐπὶ
3190 2346 3256 2415 τῇ
3303 2342 3555 2412 γεννήσει
3614 2336 3712 2391 τοῦ

2128 2449 2460 2523 μηνυθέντος
2514 2446 2899 2518 ταράττονται.
2946 2440 3195 2503 Ἰδόντες
3244 2433 3598 2523 γὰρηφησὶν,
3656 2432 3712 2484 οἱ

2124 2521 2315 2612 Μάγοι
2364 2538 2473 2594 τὸν
2496 2536 2723 2606 ἀστέρα
2765 2533 2866 2588 ἐπὶ
2902 2532 3010 2587 τοῦ
3045 2532 3236 2585 τόπου
3270 2522 3343 2583 οὗ
3370 2521 3448 2596 ἦν
3479 2523 3547 2577 τὸ
3576 2538 3714 2612 αω-

2124 2608 2278 2696 δίοκ,
2315 2629 2629 2699 ἐχάρησαν
2664 2625 2858 2694 χαρὰν
2870 2618 3147 2693 μεγάλην
3171 2614 3428 2686 σφόδρα.
3459 2608 3714 2680 Ἡρώδης

2124 2724 2195 2779 δὲ
2220 2724 2492 2789 ἀκούσας
2514 2719 2621 2775 τόν
2638 2720 2845 2789 λόγον,
2874 2713 3191 2783 ἐταράχθη,
3220 2709 3317 2764 καί
3345 2708 3516 2763 πᾶσα
3540 2705 3715 2774 Ἱερο-

2127 2816 2369 2884 σόλυμα
2404 2812 2535 2883 μετ’
2563 2809 2768 2864 αὑτοῦ.
2815 2807 2879 2860 υἱ
2936 2804 3037 2875 μὲν
3067 2802 3142 2864 ὡς
3203 2795 3320 2869 Θεῷ
3376 2794 3717 2884 προσάγουσι

2126 2882 2369 2968 λίϐανον,
2399 2882 2495 2957 καὶ
2516 2901 2615 2972 τὴν
2645 2897 2931 2970 βασιλικὴν
2962 2895 3117 2960 ἀξίαν
3158 2891 3237 2963 τῷ
3265 2887 3453 2962 χρυσῷ
3480 2882 3717 2954 δεξιοῦ-ι-

2127 3014 2239 3052 ται.
2276 2996 2387 3066 Τὴν
2413 2994 2472 3049 δὲ
2513 2993 2657 3048 κατὰ
2686 2992 2748 3045 τὸ
2808 2989 2981 3052 πάθος
3022 2983 3358 3055 οἰκονομίαν,
3401 2979 3717 3050 προφητικῇ

2128 3105 2234 3142 τινι
2281 3086 2462 3158 χάριτι
2493 3084 2581 3138 διὰ
2609 3083 2709 3153 τῆς
2739 3081 2986 3153 σμύρνης
3014 3073 3510 3147 ἀποσημαίνουσιψ
3551 3070 3601 3122 oi
3633 3067 3715 3127 δὲ,

442 3207 541 3247 eos
597 3192 731 3246 mihi
785 3207 892 3247 non
951 3192 1128 3249 solum
1180 3190 1547 3253 crudelitatis,
1612 3206 1801 3247 verum
1859 3192 2022 3246 etiam

2132 3176 2508 3249 πανωλεθρίαν
2530 3174 2628 3238 τῆς
2664 3172 2909 3235 νεολαίας
2941 3170 3120 3240 πάσης
3141 3162 3613 3227 καταδικάζουσιν.
3646 3158 3717 3210 'U

448 3295 677 3342 smnmte
722 3284 1016 3342 dementia
1065 3286 1284 3342 videtur
1328 3300 1651 3355 coarguere.
1684 3283 1828 3352 Quid
1879 3284 2026 3341 enim

448 3374 556 3430 sibi
594 3376 711 3428 vult
749 3376 857 3430 ista
888 3386 1184 3446 puerorum
1231 3374 1575 3429 trucidatio?
1604 3374 1716 3428 Cur
1741 3374 1862 3430 ausi
1896 3383 2030 3429 sunt

452 3464 739 3523 innuit-ida:
787 3484 848 3524 se
879 3476 1030 3524 tanto
1072 3469 1280 3524 scelere
1322 3468 1712 3538 obstringere?
1754 3466 2030 3535 Quoniam

453 3556 652 3616 novum
676 3562 975 3631 quoddam,
1009 3561 1284 3629 inquiunt,
1312 3560 1735 3629 tniraudumque
1755 3561 1879 3616 caeli
1911 3575 2031 3631 por-

451 3658 660 3707 tentum
705 3652 869 3721 llegis
895 3652 1158 3707 indicium
1191 3650 1361 3722 Magis
1391 3651 1684 3708 nuntiavit.

532 3838 677 3907 Quid
724 3837 891 3908 igitur
928 3837 1092 3893 tum?
1118 3836 1229 3892 Aut
1273 3837 1622 3909 portendenti
1678 3839 1839 3910 signo
1871 3840 2032 3895 fidem

456 3940 625 3995 babes
653 3945 713 3991 ιιι
744 3946 898 3994 Vero,
935 3938 1050 3995 aut,
1094 3932 1241 4003 quod
1283 3947 1505 3988 rumore
1527 3933 1794 4003 iactatur,
1834 3951 2033 3990 vanum

456 4040 618 4102 putas
639 4031 665 4083 ἲ
697 4029 753 4083 Si
789 4026 918 4081 talis
939 4032 1046 4088 est,
1074 4025 1166 4096 qui
1191 4025 1366 4080 cmlos
1395 4025 1499 4081 sibi
1533 4024 1724 4081 fecerit
1744 4028 2034 4093 inservire,

455 4138 687 4196 prorsus
744 4129 831 4177 est
882 4134 1050 4190 supra
1115 4133 1337 4173 manum
1389 4126 1562 4174 tuam.
1599 4118 1697 4174 Sin
1741 4128 1924 4175 autem
1979 4121 2035 4176 in

455 4219 728 4285 potestate
758 4220 852 4265 tua
903 4217 1012 4272 est,
1046 4214 1106 4262 ut
1155 4207 1246 4262 ille
1278 4204 1362 4261 vel
1400 4206 1566 4269 vivat,
1611 4206 1695 4261 vel
1742 4207 2034 4271 moriatur,

454 4318 582 4360 cum
631 4302 839 4358 frustra
870 4299 1235 4371 pertimescis.
1264 4295 1371 4362 Qui
1400 4297 1547 4352 enim
1582 4297 1635 4351 id
1675 4294 1806 4368 agit‘,
1841 4305 1902 4352 ut
1933 4298 2038 4351 im-

456 4396 613 4467 perio
636 4401 736 4450 tuo
757 4392 1015 4449 subditus
1037 4389 1155 4460 ipse
1177 4389 1270 4451 sit,
1300 4402 1402 4443 cur
1421 4387 1471 4444 ei
1492 4398 1758 4459 parantur
1787 4387 2042 4443 insidiae?

455 4489 569 4542 Cur
602 4483 933 4542 horrendum
959 4481 1091 4536 iilud
1121 4479 1439 4535 mandatum
1470 4479 1907 4534 transmittitur?
1928 4478 2041 4533 Cur

410 4627 415 4632 .
458 4579 627 4648 impia
681 4574 854 4630 fertur
908 4573 1205 4634 sententia,
1251 4578 1312 4625 ut
1360 4570 1547 4624 miseri
1590 4568 1828 4623 infantes
1866 4570 2037 4623 truci-

459 4669 703 4726 dentur?
728 4666 869 4733 Quid
894 4665 1228 4735 peccarttnt?
1254 4663 1394 4729 Quid
1424 4672 1619 4727 morte,
1655 4672 1748 4716 aut
1769 4662 2039 4732 supplicio

459 4763 685 4833 dignum
698 4758 1045 4815 adtttisernnt
1062 4756 1321 4810 ?Crimen
1340 4764 1510 4809 unum
1527 4754 1794 4808 duntaxat
1812 4754 2037 4814 habent.

459 4853 607 4926 quod
626 4852 746 4908 ‘nati
778 4859 930 4916 sunt,
955 4857 1010 4904 et
1031 4844 1090 4904 in
1125 4846 1302 4903 lucem
1331 4845 1497 4902 editi.
1533 4845 1599 4898 Et
1631 4854 1916 4914 propterea
1942 4860 2040 4899 ne-

459 4959 616 5000 cesse
642 4942 776 5007 fuit,
822 4949 883 4996 ut
915 4940 1113 4995 civitas
1154 4935 1512 4991 carnificibus
1542 4936 1935 5004 compleretur,
1981 4943 2041 4988 ut

463 5038 752 5110 cogeretur
776 5041 1019 5088 ‘ma‘trum
1042 5030 1358 5093 multitudo,
1389 5038 1442 5082 et
1465 5026 1759 5081 infantium
1784 5026 2040 5095 populus,

464 5138 523 5182 ut
559 5127 817 5182 adessent
845 5125 1009 5179 etiam
1052 5131 1258 5194 patres,
1307 5127 1363 5175 et
1389 5118 1613 5191 generis
1637 5117 2045 5188 propinquitate

462 5221 744 5289 coniuncti
776 5219 843 5274 ad
892 5231 1095 5275 saevum
1130 5216 1349 5275 facinus
1389 5221 1875 5285 congregarentur.
1906 5210 2043 5279 Quis

462 5313 712 5367 aratione
744 5312 1115 5367 calamitatem
1146 5308 1473 5364 describat?
1508 5305 1646 5373 Quis
1681 5304 2043 5361 acerbitatem

462 5414 733 5460 enarran‘s
789 5404 963 5458 oculis
1015 5400 1387 5472 aspiciendam
1454 5398 1773 5470 proponat?
1826 5396 2044 5452 Mistam

463 5498 614 5552 illam
658 5494 1128 5560 lamentationem,
1182 5494 1495 5547 luctuosum
1543 5501 1797 5562 questum
1847 5503 2046 5561 pueron

465 5606 611 5655 rum,
665 5599 927 5652 matrum,
981 5588 1439 5657 propinquorum,
1491 5598 1708 5655 patrum
1752 5584 1819 5640 ad
1867 5584 2047 5638 minas

2132 3289 2223 3343 μοι
2254 3270 2421 3332 δοκεῖ,
2450 3268 2525 3339 μῆ
2550 3266 2648 3335 τῆς
2672 3264 2896 3334 πικρίας
2930 3261 3111 3333 μόνον,
3138 3256 3275 3311 ἀλλὰ
3304 3256 3398 3343 καὶ
3424 3256 3522 3326 τῆς
3553 3252 3718 3343 ἐσχά·

2127 3341 2229 3433 της
2260 3360 2444 3422 ἀνοίας
2464 3357 2643 3412 αὐτῶν
2673 3352 2771 3426 τὴν
2797 3350 3133 3424 κατηγορίαν
3162 3348 3324 3419 ἔχειν.
3355 3342 3421 3399 Τί
3450 3343 3559 3415 γὰρ
3590 3341 3721 3413 βού-

2129 3454 2282 3507 λεται
2331 3451 2514 3514 αὐτοῖς
2557 3450 2592 3519 ἡ
2628 3444 2979 3516 παιδοφονίας
3014 3441 3126 3497 Καὶ
3171 3440 3265 3494 ἐπὶ
3293 3439 3402 3494 τίνι
3441 3434 3632 3507 σκοπῷ
3658 3435 3721 3487 τὲ

2130 3544 2370 3600 τοιοῦτον
2413 3542 2546 3611 ἄγος
2594 3542 2708 3603 τοῖς
2748 3535 3051 3609 μιαιφόνοις
3082 3532 3452 3604 τετόλμηται;
3497 3527 3723 3596 Ἐπειδὴ

2132 3633 2316 3688 καινόν
2347 3649 2402 3685 τι
2425 3631 2672 3700 σημεῖον,
2723 3626 2909 3698 φησὶν,
2942 3623 3052 3678 τῶν
3086 3623 3206 3677 κατ’
3236 3619 3464 3690 οὐρανὸν
3510 3616 3721 3688 θαυμάα

2131 3741 2240 3778 των
2264 3721 2362 3795 τὴν
2390 3719 2482 3775 τοῦ
2506 3717 2777 3779 Βασιλέως
2796 3713 3066 3779 ἀνάδειξιν
3082 3713 3195 3776 τοῖς
3223 3711 3431 3778 Μάγοις
3457 3707 3722 3779 ἐμήνυσε.

2204 3814 2270 3869 Τί
2300 3811 2394 3867 οὖν
2427 3830 2442 3878 ;
2481 3811 2557 3874 ὡς
2603 3807 2779 3879 ἀληθῆ
2836 3803 3112 3867 πιστεύεις
3146 3800 3225 3873 τῷ
3274 3798 3576 3870 μηνύσαντι
3624 3812 3725 3865 ση-

2139 3909 2298 3980 μείῳ,
2337 3907 2372 3978 ἢ
2406 3906 2635 3978 μάταιον
2670 3901 2917 3962 ὑπονοεῖς
2944 3896 3006 3951 τὸ
3045 3892 3483 3967 θρυλλούμενονς
3514 3888 3575 3943 El
3621 3887 3728 3960 μὲν

2136 4002 2245 4075 γὰρ
2273 3998 2511 4062 τοιοῦτός
2540 3998 2709 4058 ἐστιν,
2733 3987 2844 4058 οἷος
2870 3994 2995 4053 τοὺς
3027 3987 3289 4061 οὐρανοὺς
3309 3982 3488 4056 ἑαυτῷ
3511 3981 3726 4039 συνδια-

2136 4072 2363 4155 τιθέναι,
2392 4090 2491 4161 οὐχ
2529 4086 2670 4160 ὑπὲρ
2699 4086 2799 4158 τὴν
2841 4083 2940 4156 σὴν
2992 4083 3153 4153 χεῖρα
3205 4079 3423 4142 πάντως
3463 4074 3629 4130 ἐστίν.
3660 4072 3730 4126 Εἰ

2137 4187 2195 4240 δὲ
2217 4185 2314 4240 ἐπὶ
2331 4182 2415 4238 σοὶ
2443 4182 2504 4236 τὸ
2533 4181 2634 4253 ζῇν
2666 4177 2829 4232 αὑτὸν
2853 4176 2887 4248 ἢ
2923 4174 3176 4230 τεθνάναι
3224 4172 3392 4234 ποιεῖ,
3426 4168 3602 4240 μάτην
3625 4182 3730 4219 πει

2140 4280 2375 4353 φόϐησαι
2421 4275 2503 4330 τὸν
2544 4273 2805 4328 τοιοῦτον.
2844 4270 2903 4323 Ὃ
2940 4267 3050 4340 γὰρ
3086 4265 3228 4320 οὕτω
3272 4262 3549 4335 πράττων,
3578 4258 3732 4313 ὥστε

2141 4371 2455 4444 ὑποχείριος
2489 4364 2628 4422 εἶναι
2658 4367 2727 4436 τῇ
2765 4363 2831 4434 σῇ
2877 4359 3119 4431 ἐξουσία,
3151 4356 3292 4429 ὑπὲρ
3328 4356 3471 4418 τίνος
3514 4348 3732 4407 ἐπιδου-

2142 4466 2397 4527 λεύεται;
2439 4461 2539 4516 Διά
2588 4459 2640 4513 τί
2693 4458 2754 4512 τὸ
2803 4454 3030 4529 φρικτὸν
3077 4453 3254 4505 ἐκεῖνο
3307 4446 3733 4516 καταπέμπεται

2146 4559 2522 4628 πρόσταγμα;
2564 4544 2629 4605 Ἦ
2678 4546 2891 4619 πονηρά
2937 4543 3080 4599 κατά
3131 4541 3238 4595 τῶν
3279 4540 3488 4611 νηπίων
3524 4536 3732 4607 ψῆφος,

2143 4626 2483 4721 ἀναιρεῖσθαι
2505 4647 2573 4699 τὰ
2618 4642 2826 4697 δείλαιοι
2860 4638 3065 4712 speet};
3093 4636 3158 4688 Τί
3187 4633 3520 4702 ἀδικήσαντα
3548 4643 3563 4692 ;
3595 4626 3735 4681 Τίνα

2147 4744 2376 4799 θανάτου
2407 4741 2500 4795 xa‘t
2549 4737 2824 4798 κολάσεως
2867 4731 3043 4787 αἰτίαν
3074 4728 3194 4782 καθ’
3217 4723 3424 4779 ἑαυτῶν
3455 4722 3735 4791 παρασχό-

2151 4852 2321 4908 μενα;
2358 4834 2453 4887 Ἐν
2501 4829 2754 4900 ἔγκλημα
2800 4826 2992 4898 ἔχοντα
3050 4822 3231 4895 μόνον,
3292 4818 3354 4872 τὸ
3403 4814 3736 4908 γεννηθῆναι

2150 4932 2244 4986 καὶ
2279 4930 2359 4992 είς
2410 4926 2525 4997 φῶς
2558 4922 2750 4977 ἐλθεῖν.
2779 4921 2887 4975 Καὶ
2915 4919 3051 4990 ὑπὲρ
3078 4915 3270 4971 τούτου
3303 4911 3411 4964 ἔδει
3448 4903 3737 4975 καταπλη-

2153 5021 2391 5094 ρωθῆναι
2439 5016 2652 5087 δημίων
2688 5014 2786 5086 τὴν
2829 5013 3005 5078 πόλιν,
3057 5009 3153 5064 καὶ
3184 5005 3515 5076 συναχθῆναι
3557 5000 3739 5072 δῆμον

2155 5118 2407 5188 μητέρων
2456 5113 2549 5166 καὶ
2597 5109 2807 5181 νηπίων
2835 5147 2851 5172 ,
2876 5107 3020 5161 λαῶν
3081 5099 3480 5174 συμπαρόντων
3512 5095 3734 5188 αύτοῖς,

2152 5186 2247 5263 καλ.
2271 5208 2379 5261 τῶν
2412 5202 2851 5274 γεννησαμὲνων,
2876 5200 2968 5254 καὶ
2991 5197 3231 5260 πάντων,
3262 5191 3337 5255 ὼς
3360 5189 3529 5252 εἰκὸς,
3552 5186 3644 5239 ἐπὶ
3672 5186 3740 5239 τὺ

2151 5301 2323 5363 πάθος
2358 5294 2763 5369 ἀθροιζομένων
2807 5292 2918 5346 τῶν
2966 5285 3363 5344 κοινωνούντων
3391 5280 3485 5334 τοῦ
3516 5278 3736 5348 γένους.

2152 5394 2249 5457 Τίς
2281 5392 2348 5447 ἂν
2396 5387 2734 5460 ύπογράψειε
2762 5385 2839 5456 τῷ
2870 5382 3014 5452 λόγῳ
3044 5380 3143 5445 τὰς
3195 5373 3518 5448 συμφοράς
3544 5370 3640 5432 Τίς
3668 5370 3744 5422 ἂν

2153 5486 2244 5540 ὑπ’
2279 5485 2402 5554 ὄψιν
2422 5481 2620 5551 ἀγάγοι
2651 5479 2739 5533 διὰ
2781 5477 2890 5531 τῶν
2925 5472 3276 5544 διηγημάτων
3313 5467 3383 5522 τὰ
3416 5465 3563 5537 πάθη
3589 5481 3603 5529 ;
3629 5463 3747 5517 Τὸν

2155 5578 2463 5650 σύμμικτον
2513 5576 2719 5628 ἐκεῖνον
2779 5569 3021 5641 θρῆνον;
3058 5565 3159 5635 τὴν
3213 5562 3413 5635 γοεράν
3471 5554 3747 5629 συνιιιδίαν

544 5766 586 5801 ⁸⁵
626 5764 787 5827 luat].
842 5781 913 5835 vt,
956 5766 1022 5824 5.8
1061 5781 1180 5842 sqq.
1260 5762 1377 5803 "-“
1403 5761 1598 5832 Epht‘s.
1629 5779 1689 5825 tt,
1729 5762 1809 5819 Η.
1886 5761 1930 5793 ³⁷
1959 5756 2026 5815 llr

2164 5773 2259 5823 ut,
2302 5754 2385 5812 li.
2451 5754 2490 5783 υ
2531 5750 2722 5808 Matth.
2762 5762 2825 5813 tt,
2862 5744 2950 5799 10.
