4092 6378
358 289 497 347 1145

1500 288 1570 343 ιΝ
1614 288 1773 343 DIE.“
1813 286 2142 343 NATALEM
2183 286 2484 343 αιιιιιδτι.

3482 296 3627 350 ιιιιῑ

358 413 587 476 παίδων,
632 409 907 482 μητέρων,
936 410 1236 478 συγγενῶν,
1278 412 1520 485 πατρῶν,
1545 412 1679 484 πρὸς
1703 414 1803 483 τὴν
1834 411 1941 465 τῶν

2045 412 2363 467 caruiticmn
2409 413 2798 469 miserabiliter
2842 414 3313 470 exclamantmm?
3354 414 3490 481 Quis
3538 418 3625 469 di-

357 503 566 575 δημίων
584 502 812 573 ἀπειλὴν
844 501 1061 565 ἐλεινῶς
1091 502 1459 571 είσϐοώντωνς
1490 505 1609 568 Πῶς
1638 505 1703 559 ἄν
1723 523 1807 569 τις
1823 505 1941 559 δια-

359 598 589 667 γράψειε
624 594 818 666 γυμνῷ
852 594 930 666 τῷ
973 595 1115 663 ξίφει
1154 595 1482 666 παρεστῶτα
1504 596 1580 667 τῷ
1630 598 1811 667 νηπίῳ
1848 596 1941 651 τὸν

358 692 571 762 δήμιον,
606 688 947 760 ἐμϐλέποντα
972 688 1135 759 δριμύ
1162 706 1222 741 τε
1256 690 1351 742 καὶ
1395 689 1634 759 φονικὸν,
1661 689 1757 744 καὶ
1783 689 1944 759 φθεγ-

359 785 589 854 γόμενον
626 782 760 837 ἅλλα
796 781 1043 845 τοιαῦτα,
1074 784 1167 835 καὶ
1205 784 1273 852 τῇ
1307 781 1450 853 χειρὶ
1485 782 1547 835 τὸ
1577 780 1776 853 βρέφος
1806 780 1942 853 πρὸς

359 876 549 928 ἑαυτὸν
579 874 826 935 ἕλκοντα,
860 872 953 926 καὶ
980 875 1045 943 τῇ
1112 872 1274 943 ἑτέρα
1302 872 1365 925 τὸ
1397 871 1551 942 ξίφος
1593 872 1942 942 ἀνατεινόμεο

360 984 448 1020 νον
466 982 479 994 ·
515 968 611 1036 τὴν
636 966 693 1019 δὲ
727 966 937 1036 μητέρα
967 965 1232 1035 ἑτέρωθεν
1264 963 1400 1035 πρὸς
1429 963 1627 1035 ἑαυτὴν
1655 963 1941 1017 ἀνθέλκου-

363 1076 465 1112 σαν
496 1058 559 1111 τὸ
608 1056 841 1120 παιδίον,
879 1055 973 1107 καὶ
1014 1054 1103 1106 τὸν
1136 1054 1265 1107 ἴδιον
1313 1054 1517 1124 αὐχένα
1545 1056 1610 1125 τῇ
1632 1054 1727 1106 τοῦ
1753 1053 1943 1123 ξίφους

359 1150 513 1220 ἀκμῇ
534 1146 1004 1219 προσυπέχουσαν,
1021 1144 1096 1208 ὼς
1126 1143 1191 1197 ἂν
1215 1145 1289 1216 μὴ
1320 1145 1406 1216 ἴδῃ
1424 1146 1540 1207 τοῖς
1571 1142 1868 1213 ὀφθαλμοῖς
1884 1143 1943 1196 τὸ

359 1239 591 1293 δείλαιον
619 1237 805 1290 τέκνον
834 1235 1031 1310 βρέφος
1059 1238 1180 1299 ταῖς
1203 1235 1361 1307 χερσί⁵
1383 1234 1475 1288 τοῦ
1496 1235 1690 1306 δημίου
1710 1234 1944 1304 διαφθειο

361 1332 627 1403 ρόμενονς
664 1331 787 1393 Πῶς
840 1329 906 1383 ἄν
939 1346 1025 1393 τις
1055 1329 1125 1383 τά
1162 1329 1271 1382 τῶν
1304 1327 1554 1400 πατέρων
1593 1328 1940 1399 διηγήσαιτος

359 1424 471 1488 Τὰς
512 1424 869 1495 ἀνακλήσεις,
894 1423 991 1486 τὰς
1038 1421 1283 1492 οἰμωγὰς
1302 1464 1315 1485 ,
1346 1422 1443 1486 τὰς
1472 1421 1789 1485 τελευταίας
1834 1421 1941 1474 τῶν

358 1517 561 1569 τέκνων
589 1514 962 1583 περιπλοκάςς
994 1514 1087 1566 καὶ
1123 1512 1333 1567 πολλῶν
1364 1510 1478 1581 ἅμα
1512 1512 1771 1565 τοιούτων
1799 1512 1942 1566 κατὰ

356 1606 552 1660 ταύτὸν
583 1606 959 1676 γιγνομένων;
991 1605 1086 1668 Τίς
1125 1606 1192 1659 ἂν
1242 1606 1304 1659 τὸ
1335 1605 1612 1670 πολυειδὲς
1647 1607 1742 1660 καὶ⁵
1780 1606 1944 1659 πολύ-

356 1717 557 1770 τροπον
584 1700 685 1769 τῆς
727 1700 1013 1770 συμφορᾶς
1058 1700 1450 1770 τραγῳδήσειε,
1482 1701 1581 1763 τὰς
1612 1700 1803 1763 διπλᾶς
1834 1699 1942 1753 τῶν

2044 505 2218 559 rendo
2261 506 2437 575 possit
2482 508 2791 575 exprimere
2845 507 3158 563 carniﬁcem
3208 507 3390 579 gladio
3426 519 3623 563 contra

2042 613 2271 667 puerum
2307 598 2631 663 irruentem,
2687 606 2740 653 et
2788 606 2947 652 torvo
3003 599 3253 669 trucique
3300 600 3454 653 vultu
3487 617 3624 654 cou-

2041 700 2307 755 tucntem,
2358 690 2650 761 verbisque
2690 691 3008 746 crudelibus
3053 690 3439 760 alloquentem,
3515 707 3624 744 una

2040 783 2259 851 quidem
2290 798 2454 836 manu
2487 782 2875 851 corripientem
2903 780 3256 844 infantulum,
3292 781 3461 835 altera
3493 796 3629 834 vero

2040 875 2281 944 gladium
2326 874 2676 945 adigentem;
2714 883 2942 927 matrem
2977 888 3145 942 porro
3170 888 3233 925 ex
3264 872 3437 927 altera
3470 882 3628 942 parte

2044 967 2214 1019 lilium
2256 966 2322 1020 ad
2370 982 2429 1022 se
2481 966 2813 1029 trahentem,
2860 965 3324 1035 ohjicicutemque
3352 966 3626 1019 cervicem

2042 1074 2197 1113 suam
2260 1068 2423 1113 acuto
2468 1059 2670 1129 gladio,
2727 1074 2796 1112 ne
2860 1058 3120 1113 miserum
3182 1058 3350 1111 lilium
3399 1057 3626 1111 carniﬁ-

2041 1148 2124 1204 cis
2181 1167 2344 1204 mantt
2410 1158 2667 1204 necatum
2739 1150 2972 1219 propriis
3033 1150 3213 1205 oculis
3266 1150 3628 1203 intueretur?

2042 1239 2179 1306 Quis
2236 1242 2473 1311 explicet
2525 1258 2588 1295 ca
2648 1257 2770 1312 qua:
2828 1252 3011 1311 patres
3069 1250 3259 1311 agunt,
3319 1244 3626 1297 revocatio-

2043 1348 2160 1396 ncs,
2193 1333 2450 1402 suspiria.
2490 1342 2799 1403 postremos
2836 1334 3070 1390 filiorum
3105 1334 3445 1403 complexus,
3489 1349 3626 1402 ιιι-ιιι-

2042 1423 2230 1477 sertitn
2270 1438 2395 1475 cum
2434 1421 2576 1476 idem
2632 1439 2661 1475 a
2703 1421 2891 1477 multis
2944 1422 3037 1475 fiat
3086 1421 3277 1474 eodem
3340 1422 3628 1490 tempore?

2043 1514 2179 1581 Quis
2214 1516 2418 1569 variam
2455 1515 2933 1585 multiplicemque
2962 1514 3351 1575 calamitatem,
3394 1524 3449 1568 ct
3492 1528 3626 1567 con-

2048 1609 2355 1678 duplicatos
2406 1623 2799 1677 puerperarum
2848 1607 3069 1661 dolores
3121 1616 3312 1676 partus
3341 1616 3622 1676 exponat,

2044 1708 2097 1753 et
2158 1700 2493 1763 acerrimas,
2557 1715 2696 1769 quas
2751 1699 3079 1753 admovebat
3144 1707 3384 1763 natura,
3427 1697 3630 1753 faces?

357 1764 658 1867 ἀρτιτόκων
691 1764 886 1857 ὠδῖνι-ς
964 1764 1107 1856 Τοὺς
1151 1764 1363 1863 δριμεῖς
1395 1793 1676 1864 καυτῆρας
1704 1794 1803 1863 τῆς
1840 1792 1942 1861 φύ-

2044 1791 2331 1856 Quomodo
2384 1807 2521 1861 puer
2574 1791 2761 1845 infelix
2812 1800 2868 1845 et
2915 1791 3068 1843 uberi
3109 1790 3275 1843 simul
3311 1791 3623 1852 inluereret,

359 1886 746 1950 σεωςςὊπως
800 1884 861 1937 τὸ
912 1883 1095 1937 ἄθλιον
1130 1883 1327 1953 βρέφος
1367 1882 1503 1953 ὁμοῦ
1557 1901 1616 1935 τε
1664 1882 1739 1953 τῷ
1787 1882 1943 1953 μαζῷ

356 1974 730 2045 προσεφύετο,
760 1974 855 2027 καὶ
909 1972 998 2026 διὰ
1048 1972 1156 2025 τῶν
1211 1973 1534 2043 σπλάγχνων
1566 1973 1664 2043 τῆν
1724 1974 1944 2045 καιρίαν

358 2068 602 2137 ἑδέχετο;
631 2069 818 2131 Ὅπως
840 2066 1097 2137 ἡδειλαία
1118 2068 1305 2137 μήτηρ
1328 2068 1421 2120 καὶ
1443 2067 1541 2137 τὴν
1564 2067 1731 2137 θηλὴν
1758 2069 1941 2137 ἐπεῖχε

354 2156 432 2225 τῷ
469 2154 564 2208 τοῦ
593 2155 789 2225 νηπίου
822 2155 1071 2224 στόματι,
1103 2156 1196 2206 καὶ
1226 2154 1288 2206 τὸ
1325 2148 1466 2224 αἷμα
1496 2154 1587 2207 τοῦ
1616 2156 1806 2207 τέκνου
1833 2159 1944 2217 τοῖς

356 2247 575 2309 κόλποις
603 2245 1123 2315 ἑδέχετο;ῐ]ολλάκις
1153 2244 1207 2297 δέ
1232 2262 1330 2297 που
1360 2248 1425 2315 τῇ
1459 2245 1605 2316 ῥύμῃ
1628 2246 1727 2315 τῆς
1763 2247 1943 2316 χειρὸς

355 2338 384 2389 ὁ
417 2336 630 2408 δήμιος,
665 2338 763 2407 μιᾷ
802 2335 894 2389 τοῦ
947 2335 1132 2404 ξίφους
1164 2339 1332 2408 ὁρμῇ,
1374 2338 1435 2389 τὸ
1460 2338 1646 2391 τέκνον
1674 2342 1738 2409 τῇ
1775 2340 1942 2409 μητρὶ

357 2429 670 2501 συνδιήλασε
699 2469 713 2493 ,
747 2429 839 2481 καὶ
884 2428 941 2481 ἒν
967 2428 1061 2482 τοῦ
1111 2430 1341 2500 αἵματος
1365 2429 1425 2482 τὸ
1467 2431 1675 2503 ὁείῦρον
1705 2434 1940 2499 ἐγένετο,

354 2519 419 2574 ἐκ
443 2537 503 2573 τε
546 2522 647 2590 τῆς
686 2519 941 2591 μητρῴας
990 2520 1207 2591 πληγῆς
1253 2522 1344 2573 καὶ
1380 2522 1443 2573 ἑκ
1472 2523 1570 2592 τῆς
1602 2521 1821 2593 καιρίας
1847 2521 1941 2574 τοῦ

354 2612 545 2664 τέκνου
575 2610 1072 2681 καταμιγνύμενον.
1120 2611 1337 2683 Ἐπειδὴ
1366 2611 1422 2664 δὲ
1461 2612 1555 2665 καὶ
1585 2611 1744 2664 τοῦτο
1776 2613 1944 2682 πρόσ-

355 2721 535 2757 κειται
578 2706 645 2774 τῇ
692 2704 864 2775 μιαρᾷ
907 2703 1003 2756 τοῦ
1068 2703 1308 2774 Ἡρώδου
1357 2707 1532 2775 φωνῇ,
1560 2705 1621 2757 τὸ
1656 2704 1731 2776 μὴ
1782 2705 1942 2775 μόνον

356 2797 496 2850 κατὰ
526 2795 633 2849 τῶν
685 2795 988 2867 ἀρτιγενῶν
1026 2797 1126 2866 τὴν
1173 2796 1547 2868 θανατηφόρον
1598 2797 1942 2867 ἐξενεχθῆναι

354 2889 564 2958 ψῆφον,
600 2888 712 2941 ἀλλ’
744 2888 795 2940 εἴ
826 2905 909 2951 τις
954 2888 1048 2940 καὶ
1090 2890 1170 2952 εἰς
1218 2887 1472 2960 δεύτερον
1508 2888 1781 2960 προῆλθεν
1822 2889 1941 2955 ἔτος

356 2979 449 3033 καὶ
473 2981 661 3035 τοῦτον
699 2981 1045 3051 ἀνάρπαστον
1075 2978 1327 3048 γενέσθαι
1360 2980 1693 3051 (γέγραπται
1719 2981 1942 3051 γάρ,ὃτι

355 3072 463 3128 ἀπὸ
495 3071 700 3136 διετοῦς
732 3072 826 3124 κα)⁸
855 3070 1201 3141 κατωτέρω)⁶
1236 3070 1423 3141 ἕτερον
1455 3072 1511 3123 ἑν
1537 3071 1767 3135 τούτοις,
1800 3072 1941 3126 κατά

355 3164 415 3217 τὸ
445 3163 611 3228 εἰκὸς,
644 3162 813 3227 πάθος
846 3164 874 3217 ό
906 3161 1062 3229 λόγος
1102 3160 1309 3231 βλέπει.
1336 3164 1460 3215 Ὅτι
1492 3163 1751 3227 πολλάκις
1779 3165 1807 3217 ὁ
1847 3182 1938 3235 με·

356 3256 488 3321 ταξὺ
512 3256 721 3328 χρόνος,
751 3255 843 3308 δύο
874 3255 1082 3308 τέκνων
1120 3253 1332 3325 μητέρα
1353 3255 1450 3326 τὴν
1472 3255 1639 3326 αὐτὴν
1664 3256 1936 3327 ἐποίησεν.

358 3346 482 3403 Οἷον
528 3345 705 3419 οὗνῆν
745 3349 837 3401 ἐπὶ
868 3348 977 3401 τῶν
1026 3346 1282 3400 τοιούτοιν
1316 3347 1478 3400 πάλιν
1530 3348 1590 3400 τὸ
1622 3348 1821 3417 θέαμα,
1850 3348 1943 3401 δύο

357 3441 565 3513 δημίων
597 3440 727 3511 περὶ
782 3440 910 3511 μίαν
944 3438 1357 3509 ἀσχολουμένων
1407 3440 1639 3511 μητέρα·
1680 3440 1775 3493 τοῦ
1819 3441 1939 3511 μὲν,

357 3535 417 3591 τὸ
444 3534 720 3607 παραθέον
753 3533 888 3601 πρὸς
916 3532 1107 3585 ἑαυτὸν
1140 3530 1418 3595 ἕλκοντος,
1452 3531 1547 3585 τοῦ
1592 3532 1679 3595 δὲ,
1711 3534 1787 3607 τὸΔ
1810 3534 1944 3587 ὑπο-

363 3627 551 3699 μάζιον
577 3625 928 3688 ἀνασπῶντος
947 3623 1043 3677 τοῦ
1068 3624 1307 3688 κόλπους
1334 3625 1399 3677 Τί
1427 3626 1654 3696 πάσχειν
1680 3604 1825 3690 εἱκδς
1851 3628 1942 3679 ἐπὶ

357 3720 569 3783 τούτοις
609 3718 704 3791 τὴν
742 3718 932 3772 ἀθλίαν
980 3716 1225 3787 μητέρας
1266 3716 1401 3787 πρὸς
1441 3716 1533 3769 δύο
1562 3718 1725 3770 τέκνα
1767 3718 1945 3789 σχιζο-

363 3813 530 3883 μένης
567 3811 663 3881 τῆς
705 3808 938 3879 φύσεως,
966 3809 1226 3878 ἑκατέρου
1255 3806 1401 3861 κατὰ
1430 3807 1490 3861 τὸ
1522 3802 1640 3861 ἴσον
1682 3810 1794 3872 τοῖς
1836 3827 1944 3879 μη-

360 3904 555 3975 τρῴοις
582 3902 912 3971 σπλάγχνοις
940 3900 1001 3953 τὸ
1029 3899 1137 3973 πῦρ
1163 3899 1692 3968 ἀναφλέγοντος,ούκ
1718 3900 1945 3970 ἔχουσαν

363 3996 501 4067 ποίῳ
522 3994 555 4065 ἢ
572 3993 675 4046 τίνι
698 3992 804 4046 τῶν
821 3990 1073 4063 πονηρῶν
1091 3990 1443 4062 ἀκολουθήσει
1464 3991 1527 4062 δη
1537 3991 1695 4062 μίων;
1715 3991 1818 4044 Τοῦ
1847 3991 1945 4060 μὲν

362 4084 629 4145 ἐντεῦθεν,
645 4084 739 4138 τοῦ
773 4084 831 4137 δὲ
850 4083 1116 4154 ἑτέρωθεν
1143 4082 1276 4155 πρὸς
1298 4084 1397 4153 τῆν
1416 4083 1626 4155 σφαγὴν
1651 4084 1947 4155 ἐφελκομέ-

361 4199 467 4234 νων
483 4179 552 4233 τά
566 4180 737 4249 νήπια
756 4194 769 4206 ·
787 4176 1111 4249 προσδράμῃ
1141 4176 1231 4229 ἐπὶ
1248 4175 1325 4246 τῷ
1344 4178 1601 4243 νεογενεῖ,
1625 4176 1835 4247 ἄσημον
1867 4176 1946 4229 ἑτι

362 4272 454 4327 καὶ
472 4270 875 4344 ἀδριάρθρωτον
905 4267 994 4322 τὸν
1022 4268 1254 4339 ὀδυρμὸν
1275 4269 1509 4337 ἀφιέντις
1529 4269 1665 4322 Ἀλλ’
1681 4270 1945 4341 ἀκροᾶται

360 4363 453 4417 τοῦ
510 4362 670 4418 ἄλλου
727 4361 827 4432 ἤδη
891 4360 1286 4431 φθεγγομένου,
1332 4361 1427 4413 καὶ
1469 4359 1833 4441 ψελλιζομένῃ
1878 4366 1942 4434 τῇ

2041 1889 2095 1936 ct
2134 1898 2231 1952 per
2287 1884 2498 1937 viscera
2569 1884 2784 1936 letalem
2840 1884 3051 1953 plagam
3111 1882 3429 1952 acciperet?
3479 1881 3627 1949 Quo—

2044 1971 2207 2026 modo
2263 1972 2463 2027 misera
2515 1982 2690 2027 mater
2747 1973 2913 2027 simul
2977 1971 3205 2025 infantis
3251 1973 3334 2027 ori
3367 1973 3622 2027 suhderct

2045 2066 2235 2128 ubera,
2290 2074 2345 2119 et
2401 2065 2525 2119 sinu
2568 2065 2892 2134 sanguinem
2921 2064 3043 2132 ejus
3084 2066 3626 2133 cxciperet?Manus

2043 2164 2224 2210 autem
2280 2158 2485 2226 impetu
2550 2171 2929 2226 sapt-numero
2985 2157 3235 2210 carnifex
3296 2173 3406 2211 uno
3459 2160 3623 2227 glail'n

2044 2248 2153 2299 ictu
2219 2248 2389 2300 lilium
2441 2258 2493 2301 et
2532 2256 2760 2301 matrem
2795 2247 3211 2307 consauciabat,
3241 2255 3296 2300 et
3326 2262 3467 2301 unus
3500 2263 3628 2303 san-

2041 2339 2224 2409 guinis
2275 2340 2427 2393 rivus
2462 2355 2528 2393 ex
2584 2340 2782 2392 matris
2819 2341 2970 2408 plaga
3004 2348 3057 2392 ct
3085 2354 3149 2392 ex
3184 2338 3475 2393 mortifero
3510 2341 3628 2393 vul-

2042 2448 2173 2486 nere
2196 2431 2287 2484 filii
2318 2432 2515 2485 ntistus
2549 2429 2898 2485 decurrebat.
2928 2429 3045 2484 Jam
3079 2446 3229 2496 vero,
3266 2447 3388 2486 cum
3420 2431 3627 2486 nefaria

2042 2523 2280 2579 llcrodis
2305 2524 2580 2578 sententia
2614 2539 2722 2577 non
2777 2525 2956 2577 soium
3010 2540 3186 2593 nuper
3245 2524 3415 2593 geniti
3465 2540 3629 2578 neea-

2040 2625 2255 2677 rentur,
2286 2616 2381 2669 sed
2414 2617 2580 2669 etiam
2619 2616 2721 2678 illi,
2754 2616 2844 2684 qui
2876 2615 3107 2668 alterum
3139 2617 3373 2685 agebant
3399 2633 3626 2676 annum,

2044 2715 2375 2776 raperentur
2408 2706 2475 2761 ad
2512 2716 2745 2760 mortem
2782 2707 2848 2769 “,
2882 2707 3173 2777 (scriptum
3200 2714 3284 2760 est
3320 2710 3465 2761 enim
3501 2725 3627 2763 eum

2037 2794 2321 2863 jussissc,
2373 2795 2614 2849 bimulos
2663 2803 2718 2848 et
2770 2794 3016 2848 minores
3093 2794 3391 2861 interfici),
3445 2796 3629 2849 videto

2042 2896 2161 2941 erat
2223 2894 2431 2939 matres
2483 2901 2590 2939 non
2618 2902 2848 2956 paucas,
2895 2903 3015 2956 qtne
3048 2903 3113 2939 eo
3146 2887 3412 2957 temporis
3448 2888 3634 2955 spatio

2042 2976 2182 3032 duos
2221 2977 2361 3030 filios
2404 2977 2581 3031 enixa:
2614 2976 2851 3030 fuerant.
2883 2977 3170 3043 Quodnam
3206 2977 3373 3046 igitur
3407 2992 3627 3031 rursum

2046 3070 2101 3123 in
2137 3069 2227 3124 his
2252 3070 2629 3137 spectaculmn
2667 3071 3022 3135 cernebatur,
3050 3084 3175 3124 cum
3206 3068 3317 3123 duo
3341 3068 3631 3124 carnifices

2045 3164 2188 3218 circa
2249 3171 2478 3215 matrem
2541 3177 2708 3214 uuam
2770 3171 2960 3217 essent
3017 3162 3313 3231 occupati,
3377 3177 3632 3230 unusque

2044 3272 2211 3327 prope
2245 3264 2562 3309 currentem
2600 3254 2770 3308 lilium
2812 3253 2877 3308 ad
2910 3271 2970 3310 se
2995 3262 3233 3325 raperet,
3265 3256 3407 3308 alter
3444 3263 3629 3308 autem

2046 3348 2336 3402 lactentem
2374 3347 2555 3400 adhuc
2588 3345 2925 3401 infantulum
2951 3362 2982 3401 e
3017 3347 3229 3417 gremio
3259 3347 3452 3401 matris
3484 3347 3632 3399 evel-

2046 3440 2221 3491 lerct‘!
2266 3438 2409 3503 Quid
2455 3445 2571 3490 tum
2624 3438 2791 3492 faciat
2818 3448 2995 3493 mater
3027 3438 3242 3503 infelix,
3273 3453 3399 3493 cum
3435 3446 3631 3491 natura

2045 3532 2298 3587 bifariam
2352 3532 2404 3584 in
2453 3532 2595 3585 filios
2651 3533 2968 3594 divellatur,
3001 3542 3054 3587 et
3112 3542 3343 3602 utroque
3373 3532 3483 3585 tilio
3512 3547 3633 3584 ma-

2045 3625 2219 3679 ternis
2278 3623 2591 3678 visceribus
2648 3640 2715 3679 cx
2751 3640 2908 3693 :equo
2955 3624 3106 3677 fares
3156 3624 3504 3685 admovente,
3540 3638 3635 3675 ne-

2045 3718 2187 3773 sciat
2225 3724 2406 3769 utrum
2463 3731 2527 3769 ex
2570 3716 2926 3769 carnificibus
2978 3715 3131 3783 prius
3170 3721 3455 3783 sequatur,
3503 3727 3631 3765 cum

2046 3824 2188 3863 unus
2225 3823 2289 3862 ex
2326 3807 2450 3869 hac,
2478 3807 2619 3861 alter
2654 3823 2721 3862 ex
2753 3808 2846 3860 illa
2890 3816 3044 3877 parte
3087 3820 3287 3876 pueros
3323 3805 3388 3858 ad
3426 3803 3631 3861 exilem

2046 3897 2264 3953 trahat?
2307 3904 2672 3966 procurratne
2706 3897 2772 3951 ad
2826 3901 3003 3967 nuper
3042 3897 3312 3967 genitum,
3366 3894 3634 3949 confusos

2048 3992 2511 4060 indistinctosque
2551 3990 2791 4061 gemitus
2831 3990 3216 4046 emittentem?
3252 3998 3309 4042 at
3351 3990 3638 4043 inhibetur

2048 4086 2119 4142 ab
2156 4086 2329 4140 altero
2364 4084 2475 4153 jam
2508 4086 2791 4154 loquente,
2824 4082 3267 4154 balbutientiun
3300 4083 3485 4150 lingua
3512 4096 3633 4134 ma-

2050 4188 2184 4235 trem
2228 4179 2581 4233 inclamante.
2634 4177 2909 4243 Quidnam
2952 4175 3117 4247 agat?
3157 4191 3268 4245 quo
3308 4190 3369 4229 se
3417 4173 3638 4229 vertat?

2050 4272 2243 4328 Utrius
2267 4270 2388 4325 voci
2425 4285 2561 4325 voce
2593 4285 2694 4325 sua
2723 4268 3103 4339 respondeat?
3140 4266 3337 4323 Utrius
3362 4265 3636 4337 gemitum

2050 4366 2252 4436 gemitu
2298 4364 2542 4433 excipiat
2576 4363 2718 4419 suo?
2762 4361 2953 4417 Utrius
3001 4359 3200 4416 deﬂeat
3242 4374 3456 4422 necem,
3503 4372 3638 4415 cunt

332 4458 512 4527 -φωνῇ
570 4453 707 4526 μετὰ
746 4452 997 4524 δακρύων
1037 4452 1137 4523 τὴν
1172 4453 1386 4523 μητέρα
1428 4453 1845 4518 ἀνακαλοῦντος.
1880 4456 1943 4508 Τί

2052 4469 2280 4526 mentite
2317 4464 2529 4510 natura:
2559 4454 2802 4510 stimulis
2833 4468 2988 4523 teque
3034 4452 3295 4507 miseram
3334 4447 3527 4505 feriat?

362 4551 508 4622 πάθῃ
539 4550 676 4618 ;Τίς
706 4550 772 4604 ἂν
808 4550 1070 4618 γένηται;
1106 4547 1260 4611 Τίνος
1302 4551 1371 4619 τῇ
1443 4551 1593 4619 φωνῇ
1669 4551 2015 4623 ἀντιϐοήσει;
2056 4553 2213 4615 Τίνος
2264 4553 2331 4622 τῇ
2395 4552 2608 4622 οἰμωγῇ
2654 4548 3011 4621 ἀντοδύρηται
3045 4547 3232 4619 ;ῐῐοίῳ
3261 4545 3635 4618 ἀποθρηνήσει

360 4644 593 4712 θανάτῳ,
619 4642 748 4705 ῐσως
768 4642 853 4711 ἐφ’
876 4641 1121 4712 ἐκατέρῳ
1148 4640 1518 4712 μαστιζομένη
1547 4643 1659 4705 τοῖς
1697 4643 1943 4715 κέντροις
1976 4645 2077 4716 τῆς
2105 4646 2351 4713 φύσεως;

446 4738 584 4792 Ἀλλ’
616 4738 994 4807 ἀπαγάγωμεν
1028 4737 1130 4806 τὴν
1180 4737 1349 4807 ἀκοὴν
1378 4738 1485 4791 τῶν
1524 4738 1617 4791 ἑπὶ
1647 4743 1759 4804 τοῖς
1784 4743 1944 4795 παισὶ

363 4833 609 4903 θρήνων,
658 4833 751 4885 καὶ
800 4831 936 4901 πρὸς
985 4829 1055 4883 τὰ
1106 4830 1446 4902 εύθυμότερα
1487 4832 1581 4887 καὶ
1630 4833 1831 4904 μᾶλλον
1875 4837 1941 4907 τῇ

362 4926 522 4997 ἐορτῇ
556 4923 832 4993 πρέποντα
867 4922 965 4992 τὴν
1002 4920 1241 4975 διάνοιαν
1280 4921 1590 4993 τρέφωμεν,
1628 4924 1729 4977 κᾶν
1772 4926 1943 4996 ὑπερ-

362 5016 545 5069 6οῶσα
583 5014 724 5068 κατὰ
753 5014 851 5085 τὴν
892 5013 1228 5083 προφητείαν
1264 5016 1297 5085 ἠ
1340 5014 1539 5086 Ῥαχὴλ
1576 5016 1676 5087 τὴν
1728 5017 1943 5088 σφαγὴν

361 5107 469 5160 τῶν
511 5106 716 5160 τέκνων
768 5104 1121 5176 ὀλοφύρηται.
1178 5105 1267 5159 Ἐν
1310 5106 1418 5178 γὰρ
1472 5106 1656 5177 ἡμέρα
1716 5108 1942 5179 ἑορτῆς,

364 5202 544 5266 καθώς
593 5220 756 5273 φησιν
792 5202 821 5254 ὁ
868 5202 1029 5271 σοφὸς
1080 5200 1367 5272 Σολομὼν,
1407 5202 1682 5273 ἀμνηστία
1741 5205 1941 5274 πρέπει

366 5294 572 5347 κακῶν.
598 5295 693 5358 Τίς
721 5295 764 5348 δ’
793 5294 858 5347 ἂν
884 5294 1093 5362 γένοιτο
1120 5293 1217 5364 τῆς
1247 5292 1439 5364 ἑορτῆς
1460 5296 1593 5365 ἡμῖν
1620 5294 1821 5365 ταύτης
1849 5296 1941 5348 εύ-

367 5400 431 5452 ση
441 5383 663 5453 μοτέρα,
678 5384 737 5435 ἑν
802 5384 898 5455 τὴν
921 5382 1163 5455 πονηρὰν
1196 5381 1291 5436 τοῦ
1312 5383 1557 5437 διαϐόλου
1583 5385 1941 5455 σκοτόμαιναν

363 5473 582 5543 διαχέας
608 5474 635 5525 ό
656 5475 755 5544 τῆς
783 5474 1124 5547 δικαιοσύνης
1150 5475 1297 5546 ἥλιος
1320 5516 1334 5539 ,
1365 5474 1431 5527 δι’
1481 5476 1650 5544 αὐτῆς
1683 5477 1780 5547 τῆς
1808 5478 1943 5548 ήμε⁸

366 5564 529 5633 τέρας
559 5565 771 5633 φύσεως
801 5568 1097 5639 ἐπιλάμπει
1121 5570 1186 5639 τῇ
1222 5566 1401 5638 φύσει,
1426 5569 1482 5621 ἑν
1514 5561 1628 5640 ᾕτὸ
1654 5570 1943 5632 πεπτωκὸς

438 5736 483 5770 ⁸³
515 5738 703 5797 Matth.
738 5756 796 5805 ιι,
835 5741 915 5799 ιο.
992 5743 1037 5774 ¹⁰
1064 5741 1262 5797 Jet'cm.
1304 5760 1453 5808 χχιι,
1488 5743 1581 5808 l3;
1619 5742 1805 5797 Matth.
1836 5758 1894 5809 ιι,
1936 5742 2014 5801 l7.

2118 4740 2223 4795 Sed
2256 4754 2614 4794 amoveamus
2649 4753 2814 4793 aures
2854 4737 2923 4791 ab
2954 4735 3109 4791 hisce
3136 4731 3451 4805 questibus,
3477 4736 3533 4785 et
3562 4727 3631 4783 ad

2046 4833 2253 4888 lcetiora
2283 4832 2504 4901 dicique
2546 4831 2689 4887 festo
2712 4830 2885 4901 magis
2916 4825 3297 4884 convenientia
3337 4820 3631 4892 cogitatio-

2048 4940 2174 4978 nem
2227 4931 2643 4990 convertamus,
2690 4922 2817 4977 licet
2871 4920 3103 4983 Rachel,
3150 4926 3211 4973 ut
3262 4916 3441 4987 inquit
3499 4928 3632 4984 ιιι-ος

2048 5015 2210 5085 pheta
2231 5014 2300 5080 '°,
2329 5014 2582 5069 clamans
2619 5013 2858 5068 filiorum
2900 5011 3104 5067 caedem
3145 5009 3412 5079 deploret.
3451 5005 3509 5061 In
3542 5005 3636 5060 dio

2045 5108 2191 5162 enim
2224 5107 2387 5169 festo,
2432 5117 2487 5161 ut
2518 5108 2596 5161 ait
2634 5106 2858 5176 sapiens
2893 5103 3179 5165 Salomon,
3222 5102 3494 5156 malorum
3533 5098 3630 5154 tle~

2044 5208 2130 5255 cet
2161 5200 2433 5255 oblivisci.
2484 5199 2617 5265 Quae
2650 5208 2831 5254 autem
2872 5197 3030 5251 nobis
3060 5194 3329 5251 celebrior
3371 5191 3491 5247 dies
3528 5191 3633 5246 hac

2043 5306 2165 5345 esse
2198 5299 2399 5362 potest.
2441 5290 2495 5344 in
2542 5305 2651 5359 qua
2690 5289 2865 5343 malas
2898 5287 3103 5342 diaboli
3142 5286 3404 5344 tenebras
3441 5284 3631 5338 discu-

2045 5386 2188 5439 tiens
2239 5385 2471 5452 justitite
2526 5384 2608 5440 sol
2665 5399 2761 5454 per
2820 5390 3075 5437 naturam
3138 5391 3383 5435 nostram
3444 5378 3632 5431 illucet

2047 5477 2273 5541 tnuudo,
2313 5477 2367 5531 in
2403 5492 2535 5548 qua,
2575 5477 2669 5547 qui
2713 5476 2936 5540 cecidit,
2979 5474 3280 5537 excitatur,
3318 5470 3414 5541 qui
3452 5467 3631 5523 hostis

2048 5570 2227 5626 factus
2265 5579 2371 5639 est,
2425 5570 2477 5626 in
2525 5570 2759 5642 gratiam
2813 5568 3098 5640 recipitur,
3147 5567 3242 5641 qui
3280 5564 3495 5635 cjcctus
3543 5568 3630 5615 est
