4092 6378
479 311 614 368 1147

1784 312 1843 370 S.
1877 310 2210 369 GREGORII
2237 311 2529 368 NYSSENI

3600 310 3738 366 1148

476 439 792 497 revocatur,
839 431 939 504 qui
977 447 1009 488 e
1050 432 1155 489 vita
1191 433 1395 490 excidit
1443 433 1509 488 ad
1546 434 1713 489 vitam
1758 435 1926 500 redit,
1957 451 2051 505 qui

2168 435 2554 506 ὶνεγήγερται,
2602 432 2662 487 τὸ
2697 430 3222 502 ἐκπεπολεμωμένον
3269 429 3349 492 εἰς
3395 425 3742 495 καταλλαγὰς

476 523 797 580 servitutem
845 525 1092 590 servivit,
1136 527 1295 596 regni
1345 525 1668 595 dignitatem
1713 527 2053 597 assequitur,

477 615 570 684 qui
609 617 801 670 mortis
846 617 1082 672 vinculis
1121 617 1458 671 constrictus
1505 627 1610 682 est,
1656 618 1722 672 ad
1775 619 2054 690 regionem

476 705 778 760 viventium
805 708 1140 762 revertitur?
1169 706 1349 772 Nunc,
1369 716 1425 762 ut
1445 707 1714 778 Propheta
1741 712 2052 776 testatur“,

476 813 631 853 aereae
657 798 851 853 mortis
876 809 1044 868 porta:
1071 797 1520 868 conlringuntur,
1541 801 1718 858 ferrea
1745 804 2056 860 comminu-

485 897 654 942 untur
713 889 954 954 vincula,
993 890 1197 960 quibus
1243 899 1403 946 antea
1435 907 1608 962 genus
1665 893 1948 949 hominum
2001 896 2055 949 in

479 979 676 1033 mortis
707 981 960 1034 custodia
997 981 1370 1037 detinebatur.
1402 980 1582 1047 Nunc,
1631 994 1686 1037 ut
1720 985 1921 1039 cecinit
1949 985 2056 1038 Da-

480 1069 568 1123 vid
589 1071 655 1132 ",
686 1070 994 1126 recluditur
1020 1079 1176 1142 porta
1195 1072 1442 1141 iustitiae.
1471 1073 1625 1129 Nune
1648 1090 1744 1145 per
1767 1085 1940 1130 totum
1961 1092 2057 1129 or-

479 1160 601 1215 bem
627 1176 732 1216 una
769 1177 902 1219 voce
931 1161 1131 1219 festum
1164 1164 1559 1221 celebrantium
1593 1165 1804 1220 clamor
1831 1167 2050 1222 exaudi-

480 1259 590 1306 tur.
632 1251 736 1308 Per
772 1253 1052 1309 hominem
1096 1269 1269 1319 mors,
1317 1262 1371 1310 et
1419 1270 1518 1325 per
1563 1256 1836 1311 hominem
1886 1257 2057 1313 salus.

479 1343 699 1401 Primus
730 1346 787 1400 in
819 1355 1102 1416 peccatum
1123 1347 1314 1418 lapsus
1333 1357 1418 1404 est
1449 1368 1462 1404 :
1483 1349 1757 1419 iacentem
1782 1350 2060 1406 secundus

482 1439 792 1495 suscitavit.
841 1440 887 1494 Α
928 1441 1158 1496 muliere
1192 1441 1391 1496 mulier
1429 1443 1660 1498 defensa
1703 1451 1790 1499 est
1827 1460 1840 1497 :
1882 1443 2058 1512 prima

483 1540 713 1600 peccato
755 1530 964 1586 aditum
1009 1532 1288 1602 patefecit,
1319 1535 1437 1590 hac
1475 1544 1537 1589 ut
1576 1536 1808 1606 justitia:
1846 1544 2060 1606 pateret

485 1621 693 1686 aditus,
745 1625 1000 1680 ministra
1043 1626 1167 1680 fuit.
1207 1625 1302 1680 Illa
1345 1627 1620 1698 serpentis
1648 1628 1943 1684 consilium
1977 1636 2062 1684 est

485 1723 696 1780 secuta,
743 1716 860 1772 hazc
911 1719 1183 1789 serpentis
1225 1719 1635 1775 interfectorem
1683 1721 1952 1785 exhibuit,
2007 1729 2061 1776 et

2155 527 2368 594 ἄγεται,
2401 527 2462 580 τὸ
2507 524 2886 599 άποκηρυχθὲν
2915 523 3266 591 ἐπανάγεται,
3296 520 3358 574 τὸ
3385 521 3744 582 ὲκπεπτωκὸς

2155 617 2257 680 τῆς
2277 617 2422 687 ζωῆς
2445 619 2525 681 είς
2547 618 2646 688 τὴν
2680 617 2824 687 ζωὴν
2846 615 3230 685 ἐπανέρχεται,
3263 611 3326 665 τὸ
3357 615 3426 684 τῇ
3459 609 3743 682 αἰχμαλω-

2159 709 2248 782 σίᾳ
2285 709 2679 781 δεδουλωμένον
2711 711 2790 774 είς
2836 708 2934 780 τὴν
2967 710 3066 779 τῆς
3112 706 3386 776 βασιλείας
3430 705 3589 772 ἀξίαν
3642 706 3742 757 ὲπο

2157 799 2613 871 αναλαμϐάνεται,
2644 799 2705 853 τὸ
2737 802 2849 863 τοῖς
2897 799 3116 868 δεσμοῖς
3153 797 3248 850 τοῦ
3295 796 3525 851 θανάτου
3566 813 3741 848 πεπε-

2156 893 2405 966 δημένον,
2436 893 2624 947 ἄνετον
2652 891 2790 962 πρὸς
2819 891 2918 962 τὴν
2948 890 3133 962 χώραν
3157 889 3263 942 τῶν
3290 888 3507 953 ζώντων
3533 889 3741 942 ἐπανα-

2157 985 2337 1056 τρέχει
2367 1002 2382 1050 ;
2417 982 2546 1044 Νῦν.
2578 983 2721 1036 κατὰ
2757 981 2856 1054 τὴν
2913 981 3270 1054 προφητείαν,
3301 981 3357 1035 αί
3406 980 3607 1050 χαλκαῖ
3642 977 3739 1032 τοῦ

2158 1076 2388 1130 Θανάτου
2429 1075 2592 1129 πύλαι
2628 1074 3036 1147 συντρίϐονται·
3062 1074 3112 1126 οἱ
3153 1073 3362 1144 σιδηροῖ
3399 1071 3742 1140 συγκλῶνται

2161 1166 2366 1237 μοχλοὶ,
2384 1161 2466 1229 οἷς
2497 1164 2760 1233 πρότερον
2791 1163 3188 1236 καθειργμένον
3207 1158 3276 1234 ἦν
3295 1163 3356 1216 τὸ
3385 1161 3495 1215 τῶν
3525 1159 3740 1231 ἀνθρώ-

2160 1276 2278 1312 πων
2318 1257 2471 1324 γένος
2490 1259 2550 1310 ὲν
2573 1260 2639 1329 τῇ
2665 1256 2756 1310 τοῦ
2780 1256 3011 1311 θανάτου
3041 1257 3270 1327 φρουρᾷ.
3297 1254 3411 1307 Νῦν
3442 1254 3739 1322 ἀνοίγεται,

2161 1348 2342 1411 καθώς
2377 1366 2539 1420 φησιν
2581 1351 2609 1402 ὁ
2654 1347 2894 1419 Δαϐὶδ,ὴ
2932 1347 3072 1418 πύλη
3115 1349 3214 1418 τῆς
3241 1344 3602 1415 δικαιοσύνης.
3625 1343 3743 1396 Νῦν

2157 1441 2438 1511 ὁμόφωνος
2485 1439 2626 1495 κατὰ
2663 1441 2844 1494 πᾶσαν
2883 1439 2982 1510 τὴν
3027 1437 3352 1508 οἰκουμένην
3394 1439 3422 1489 ὁ
3455 1431 3588 1505 ἦχος
3629 1433 3741 1487 τῶν

2160 1531 2523 1602 ἑορταζόντων
2565 1531 2842 1586 ἀκούεται.
2879 1531 2958 1584 Δι’
3006 1529 3293 1600 ἀνθρώπου
3349 1526 3609 1592 θάνατος,
3645 1525 3743 1580 καὶ

2159 1623 2229 1676 δι’
2287 1621 2574 1694 ἀνθρώπου
2608 1625 2636 1694 ἡ
2670 1623 2931 1692 σωτηρία.
2976 1621 3036 1675 Ὀ
3069 1619 3283 1688 πρῶτος
3339 1619 3419 1682 είς
3471 1614 3742 1687 ἁμαρτίαν

2161 1712 2386 1768 ἔπεσεν·
2424 1714 2452 1767 ὁ
2476 1713 2726 1785 δεύτερος
2749 1716 2840 1768 τὸν
2874 1714 3197 1768 πεπτωκότα
3228 1712 3545 1781 ἀνέστησεν.
3589 1711 3742 1762 Ἀπο-

483 1807 626 1863 lucis
671 1817 952 1864 auctorem
997 1788 1052 1864 in
1104 1811 1281 1865 lucem
1337 1811 1528 1868 edidit.
1573 1809 1670 1866 Illa
1713 1829 1809 1883 per
1849 1813 2058 1884 lignum

2168 1805 2448 1876 λελόγηται
2481 1805 2620 1874 ὑπὲρ
2673 1805 2768 1874 τῆς
2807 1806 3064 1874 γυναικὸς
3096 1807 3128 1875 ἡ
3178 1805 3312 1873 γυνή
3339 1821 3352 1834 ·
3381 1804 3413 1873 ὴ
3457 1800 3645 1872 πρώτη
3671 1801 3739 1870 τῇ

482 1899 702 1953 induxit
727 1908 1036 1970 peccatum,
1066 1900 1180 1956 haec
1213 1917 1311 1973 per
1342 1903 1546 1973 lignum
1583 1904 1816 1974 gratiam
1853 1903 2060 1959 intulit.

484 1987 716 2060 Lignum
753 1998 935 2046 autem
979 1993 1162 2048 crucis
1209 1993 1456 2064 intelligo
1494 2012 1508 2046 :
1541 1995 1701 2063 cujus
1735 1995 1946 2052 fructus
1979 2004 2064 2052 est

484 2095 700 2151 semper
737 2081 948 2141 virens.
986 2091 1041 2138 et
1071 2085 1423 2154 gustantibus
1458 2085 1568 2139 vita
1613 2084 1672 2138 lit
1713 2085 2059 2140 immortalis.

481 2170 654 2227 Nemo
693 2183 876 2229 autem
917 2174 1058 2229 hanc
1105 2175 1405 2246 gratiarum
1455 2177 1726 2230 actionem
1785 2177 2064 2246 paschalis

483 2271 703 2317 tantum
749 2265 1014 2334 tnysterio
1067 2272 1222 2334 putet
1251 2264 1570 2320 convenire.
1621 2265 1711 2318 Sic
1741 2266 1884 2320 enim
1915 2268 2067 2337 cogi-

481 2360 582 2417 tet,
612 2353 816 2423 pascha
852 2352 1072 2423 quidem
1094 2354 1294 2409 divinze
1319 2353 1705 2424 dispositionis
1725 2370 1850 2410 esse
1876 2355 2061 2418 linem,

483 2444 578 2514 qui
609 2452 793 2499 tamen
825 2445 950 2499 linis
979 2445 1245 2515 consequi
1285 2453 1544 2516 nequeat,
1577 2445 1687 2500 nisi
1730 2446 2059 2516 principium

483 2533 794 2590 antecedat.
832 2532 974 2600 Quid
1019 2534 1186 2604 igitur
1215 2535 1497 2605 antiquius
1528 2533 1655 2589 est?
1692 2530 1862 2591 Ortus
1899 2535 2063 2589 nimi-

483 2642 606 2684 rum
641 2627 837 2684 mortis
863 2627 1250 2697 di5positione.

2160 1895 2404 1967 ἁμαρτίᾳ
2423 1895 2521 1966 τὴν
2546 1897 2750 1950 εἴσοδον
2777 1896 3008 1950 δέδωκεν
3026 1936 3041 1958 ,
3077 1895 3216 1965 αῦτη
3243 1894 3298 1946 δὲ
3329 1895 3394 1963 τῇ
3420 1891 3606 1959 εἰσόδῳ
3641 1888 3743 1958 τῆς

2158 1986 2505 2058 δικαιοσύνης
2562 1988 2964 2060 ὐπηρετήσατο.
3020 1986 3236 2055 Ἐκείνη
3289 1983 3382 2037 τοῦ
3421 1981 3597 2052 ὄφεως
3641 1979 3742 2048 τὴν

2163 2079 2470 2150 συμϐουλὴν
2529 2081 2916 2143 ἐπεσπάσατο,
2954 2078 3092 2149 αῦτη
3156 2079 3247 2130 τὸν
3301 2073 3591 2144 ἁναιρέτην
3644 2068 3742 2122 τοῦ

2161 2172 2340 2241 ὄφεως
2387 2173 2808 2244 παρεστήσατο,
2845 2172 2938 2225 καὶ
2991 2171 3086 2224 τοῦ
3150 2168 3327 2240 φωτὸς
3380 2167 3467 2220 τὸν
3516 2163 3744 2233 γενέτην

2163 2263 2494 2333 ἀπεκύησεν.
2525 2265 2740 2336 Ἑκείνη
2780 2263 2870 2317 διὰ
2898 2263 2991 2316 τοῦ
3021 2263 3177 2327 ξύλου
3200 2262 3298 2330 τὴν
3333 2256 3606 2330 ἁμαρτίαν
3635 2257 3746 2308 εἰσ-

2163 2357 2393 2427 ήγαγεν,
2425 2356 2563 2429 αὕτη
2591 2355 2679 2410 διὰ
2719 2355 2814 2410 τοῦ
2855 2355 3012 2420 ξύλου
3045 2354 3105 2408 τὸ
3129 2353 3330 2423 ἀγαθὸν
3360 2349 3743 2419 ἁντεισὴγαγε.

2163 2448 2330 2502 Ξύλον
2361 2448 2418 2502 δὲ
2449 2449 2592 2518 λέγω
2635 2449 2727 2504 τὸν
2776 2449 3004 2518 σταυρόν
3027 2465 3040 2478 ο
3072 2450 3100 2501 ὁ
3141 2446 3198 2499 δὲ
3240 2443 3335 2497 τοῦ
3369 2441 3526 2509 ξύλου
3556 2437 3745 2493 τούτου

2161 2542 2372 2612 καρπὸς
2402 2542 2659 2613 ἁειθαλὴς
2689 2543 2781 2596 καὶ
2807 2541 3172 2612 ἁμαράντινος
3207 2537 3319 2607 ζωὴ
3363 2537 3471 2599 τοῖς
3518 2529 3749 2602 γευομέ-

2162 2652 2272 2697 νοις
2291 2635 2519 2703 γίνεται.
2549 2636 2658 2688 Καὶ
2688 2634 2875 2706 μηδεὶς
2894 2634 2972 2703 τῷ
3001 2632 3140 2686 κατὰ
3160 2631 3220 2684 τὸ
3249 2631 3436 2698 Πάσχα
3464 2621 3748 2696 μυστηρίῳ

487 2719 655 2792 μόνην
687 2717 786 2790 τὴν
823 2719 1077 2790 τοιαύτην
1099 2719 1450 2790 εὐχαριστίαν
1481 2718 1712 2792 πρέπειν
1752 2721 2069 2779 ὐπονοείτω.
2117 2725 2450 2794 Δογιζέσθω,
2479 2728 2586 2799 γὰρ
2610 2729 2692 2782 ὅτι
2719 2727 2910 2797 Πάσχα
2945 2726 3118 2796 πέρας
3144 2724 3242 2794 τῆς
3261 2719 3568 2789 οἰκονομίας
3607 2713 3744 2768 ἐστίν

483 2809 682 2874 Πῶς,δ’
714 2809 781 2864 ἂν
806 2809 1023 2880 ἐγένετο
1077 2811 1138 2863 τὸ
1186 2810 1380 2882 πέρας,
1421 2812 1471 2864 εἰ
1524 2811 1652 2883 μὴὴ
1707 2811 1852 2884 ἁρχὴ
1903 2811 2292 2885 καθηγήσατο;
2357 2818 2424 2871 Τί
2474 2818 2619 2882 τίνος
2671 2819 2818 2872 ἐστὶν
2871 2815 3368 2888 ἁρχηγικώτερον;
3415 2809 3476 2862 Ἠ
3528 2808 3747 2878 γένησις

483 2905 684 2978 δηλαδὴ
715 2906 814 2977 τῆς
852 2905 993 2959 κατὰ
1023 2905 1083 2959 τὸ
1115 2905 1286 2970 πάθος
1321 2905 1649 2976 οἰκονομίας.

559 2998 735 3068 Hujus
792 2986 959 3068 igitur
1011 2999 1155 3053 bona
1197 3008 1330 3053 sunt
1375 3015 1508 3068 pars
1558 2999 1829 3055 bonorum
1891 3001 2065 3071 ipsius

2247 3001 2456 3056 Οὐκοῦν
2502 2999 2702 3054 καὶτὰ
2746 3000 2840 3054 τοῦ
2885 3001 3076 3070 Πάσχα
3123 2995 3430 3060 καλὰ,τῶν
3475 2996 3602 3067 περὶ
3647 2994 3744 3065 τὴν

485 3101 663 3149 ortus.
707 3091 865 3158 Quod
907 3093 956 3145 si
998 3091 1124 3160 quis
1174 3105 1428 3157 munera,
1479 3107 1602 3163 quae
1652 3093 1708 3148 in
1756 3094 2066 3166 Evangeliis

2174 3093 2426 3165 γέννησιν
2462 3091 2769 3163 εὐφημιῶν,
2811 3092 2972 3164 μέρος
3005 3089 3139 3144 ἐστί.
3175 3088 3294 3143 Κᾶν
3315 3089 3412 3151 τὰς
3433 3085 3752 3157 εὐεργεσίας

486 3191 1008 3245 commemorantur,
1039 3188 1345 3247 enumeret,
1379 3182 1424 3236 si
1467 3193 1750 3238 recenseat
1800 3185 2064 3241 miracula

2169 3160 2278 3240 τῶν
2307 3160 2366 3239 έν
2388 3187 2498 3250 τοῖς
2520 3160 2896 3254 Εὐναγγελίοιςν
2917 3183 3308 3255 ἱστορηθέντων
3335 3198 3420 3245 τις
3452 3179 3747 3250 καταλέγῃ,

487 3278 862 3340 curationum,
902 3276 956 3330 in
1001 3275 1185 3344 inopia
1229 3281 1283 3328 et
1342 3273 1484 3330 fame
1531 3275 1782 3331 ciborum
1826 3277 2063 3347 copiam,

2172 3279 2266 3332 καὶ
2319 3277 2662 3350 διεξέρχηται
2693 3278 2762 3332 τὰ
2803 3278 2942 3332 κατὰ
2989 3277 3087 3340 τὰς
3139 3276 3306 3338 ἰάσεις
3345 3273 3619 3344 θαύματα,
3651 3271 3751 3340 τὴν

489 3381 833 3424 mortuorum
879 3383 909 3422 e
953 3366 1324 3422 monumentis
1364 3366 1776 3432 excitationem,
1826 3368 2065 3424 subitam

2172 3368 2233 3435 ἐξ
2259 3371 2478 3443 άπόρων
2499 3370 2724 3442 τροφὴν,
2748 3369 2845 3440 τὴν
2864 3368 2976 3422 τῶν
3001 3367 3336 3438 τεθνηκότων
3368 3367 3431 3418 ὲκ
3463 3363 3573 3416 τῶν
3615 3379 3752 3432 μνη-

488 3471 656 3532 atque
702 3459 1056 3531 improvisam
1117 3457 1461 3514 et‘lectionem
1528 3459 1663 3524 vini,
1712 3461 2067 3530 expulsiones

2177 3463 2363 3534 μάτων
2395 3464 2774 3534 ὑποστροφὴν,
2805 3461 2905 3533 τὴν
2951 3460 3292 3531 αὐτοσχέδιον
3345 3456 3611 3527 γεωργίαν
3654 3449 3750 3506 τοῦ

487 3554 820 3616 daemonum,
863 3552 1045 3607 varias
1089 3550 1404 3607 aﬂ'ectiones
1451 3553 1516 3607 ad
1563 3553 1930 3609 valetudinem
1981 3570 2068 3610 re~

2174 3554 2338 3619 οῐνου,
2374 3555 2472 3624 τὴν
2521 3553 2630 3607 τῶν
2673 3553 2964 3623 δαιμονίων
2995 3551 3193 3622 φυγὴν,
3226 3549 3326 3620 τὴν
3349 3547 3460 3601 τῶν
3491 3545 3752 3600 ποικίλων

493 3654 738 3712 vocatas,
783 3643 1106 3698 claudorum
1159 3643 1354 3706 saltus,
1400 3643 1571 3698 illitos
1631 3644 1747 3698 luto
1795 3660 2067 3699 cmcornm

2176 3645 2515 3716 παθημάτων
2569 3646 2648 3709 είς
2695 3643 2904 3713 ὑγίειαν
2941 3641 3242 3714 μεταϐολὴν
3267 3681 3280 3706 ,
3311 3638 3379 3694 τὰ
3415 3638 3523 3692 τῶν
3563 3637 3752 3709 χωλῶν

489 3737 706 3799 oculos,
740 3735 983 3790 divinam
1025 3733 1359 3797 doctrinam,
1407 3732 1554 3804 leges
1595 3733 1754 3799 latas,
1808 3750 2067 3790 arcanam

2175 3740 2414 3809 ἅλματα,
2441 3739 2567 3802 τοὺς
2616 3739 2680 3792 ἐκ
2727 3735 2898 3808 πηλοῦ
2925 3735 3258 3805 ὀφθαλμοὺς,
3281 3731 3379 3796 τὰς
3425 3730 3578 3794 θείας
3617 3730 3754 3782 διδαυ

489 3826 915 3884 similitudinum
948 3823 1407 3895 significationem
1435 3841 1450 3880 :
1483 3825 1598 3880 haec
1624 3826 1808 3880 omnia
1839 3825 2069 3895 hujusce

2171 3830 2425 3894 ,σκαλίας,
2467 3830 2562 3894 τὰς
2612 3828 2966 3900 νομοθεσίας,
3007 3829 3104 3898 τὴν
3145 3825 3232 3880 διὰ
3287 3825 3394 3878 τῶν
3429 3821 3753 3893 παραϐολῶν

491 3917 600 3974 diei
624 3916 802 3987 gratia
831 3913 1399 3985 comprehenduntur.
1434 3913 1559 3969 Haec
1587 3915 1734 3970 enim
1765 3915 2067 3982 bonorum,

2177 3922 2270 3974 ἐπὶ
2308 3921 2375 3974 τὰ
2429 3921 2734 3992 ὑψηλότερα
2774 3917 3180 3990 μυσταγωγίαν.
3233 3917 3416 3970 Πάντα
3454 3913 3624 3968 ταῦτα
3651 3913 3755 3981 τῆς

492 4024 617 4080 ηοω
675 4008 934 4077 deinceps
995 4013 1293 4062 consecuta
1345 4013 1494 4071 sunt,
1541 4007 1786 4062 omnium
1851 4008 2069 4064 initium

2179 4014 2460 4084 παρούσης
2493 4012 2705 4084 ἡμέρας
2742 4013 2900 4084 χάρις
2933 4011 3079 4064 ἐστίν
3105 4026 3119 4040 ⁸
3157 4009 3295 4080 αῦτη
3350 4009 3459 4078 γὰρ
3481 4003 3612 4078 ἦρξε
3643 4006 3756 4057 τῶν

494 4102 616 4158 fuit.
655 4099 1020 4167 Quamobrem
1065 4097 1427 4164 exsultemus,
1484 4107 1534 4152 et
1591 4098 1830 4154 lwtemur
1879 4101 1934 4154 in
1984 4117 2069 4156 ea.

494 4193 869 4266 Negligamus,
900 4199 962 4246 nt
997 4190 1249 4246 hortatur
1279 4189 1551 4262 Propheta
1578 4191 1650 4256 ⁸³,
1686 4193 2073 4263 exprobratio-

496 4301 626 4343 nem
666 4284 972 4345 hominum,
1009 4298 1109 4338 nec
1143 4282 1499 4354 despectione
1543 4283 1786 4353 ipsorum
1825 4284 2072 4342 sinamus

497 4392 602 4433 nos
626 4376 795 4440 vinci,
837 4375 929 4446 qui
959 4373 1160 4429 divinas
1201 4373 1586 4444 dispositionis
1629 4383 1684 4430 et
1721 4377 2076 4445 providentia

499 4470 769 4526 rationem
815 4468 1066 4538 irrident,
1109 4468 1270 4537 quasi
1327 4482 1436 4521 non
1482 4467 1730 4523 decuerit
1783 4467 2071 4525 Dominum

2180 4104 2375 4176 ἑφεξῆς
2411 4105 2651 4172 ἀγαθῶν.
2691 4104 2901 4158 Οὐκοῦν
2939 4099 3473 4174 Ἀγαλλιασώμεθα,
3519 4099 3614 4152 καὶ
3649 4100 3754 4149 eb-

2177 4195 2530 4264 φρανθῶμεν
2565 4195 2635 4247 ἐν
2671 4194 2846 4264 αὐτῇ·
2881 4196 2956 4267 μὴ
2995 4193 3316 4264 φοϐούμενοι
3339 4192 3429 4244 τὸν
3457 4189 3756 4258 ὀνειδισμὸν

2177 4287 2286 4340 τῶν
2318 4285 2654 4357 ἀνθρώπων,
2689 4288 2782 4340 καὶ
2812 4286 2889 4357 τῷ
2921 4284 3212 4356 φαυλίσμῷ
3249 4283 3428 4337 αὐτῶν
3472 4281 3545 4352 μὴ
3579 4279 3754 4351 ἡττώ-

2183 4396 2352 4451 μενοι,
2385 4377 2564 4442 καθὼς
2591 4379 2684 4432 καὶ
2720 4379 2749 4430 ὁ
2781 4380 3062 4449 προφήτης
3096 4373 3560 4447 παρεγγυᾶται,ο’ἰ
3595 4389 3758 4425 κατα-

2181 4470 2499 4541 χλευάζουσι
2525 4471 2626 4542 τῆς
2662 4470 2972 4540 οἰκονομίας
3006 4469 3096 4521 τὸν
3130 4467 3306 4536 λόγον,
3335 4466 3410 4528 ὡς
3438 4465 3537 4518 οὐκ
3567 4465 3762 4534 εὐπρε-

472 4563 688 4620 subire
730 4559 978 4630 corporis
1028 4565 1303 4621 naturam,
1360 4573 1462 4613 nec
1515 4558 1571 4612 in
1634 4559 1918 4614 hominum
1968 4561 2069 4615 vita

2183 4563 2283 4628 πὲς
2322 4563 2380 4618 ὃν
2415 4563 2666 4634 σώματος
2693 4562 2943 4616 ὑπελθεῖν
2975 4560 3156 4629 φύσιν,
3185 4561 3278 4614 καὶ
3318 4558 3406 4611 διὰ
3453 4557 3760 4626 γεννήσεως

500 4653 782 4712 nascendo
828 4651 1059 4708 versari.
1108 4651 1368 4721 Ignorant
1412 4650 1557 4706 enim
1608 4651 1687 4706 rei
1733 4653 2076 4722 mysterium,

499 4764 612 4821 quo
643 4746 738 4802 Dei
768 4743 1039 4815 sapientia
1071 4742 1232 4798 nobis
1259 4742 1491 4798 salutem
1523 4741 1718 4799 atlerre
1767 4745 2078 4800 constituit.

2183 4655 2373 4709 ἑαυτὸν
2421 4659 2489 4726 τῇ
2539 4653 2854 4725 ἀνθρωπίνῃ
2895 4652 3006 4724 ζωῇ
3040 4650 3336 4722 καταμίξαι
3381 4649 3473 4703 τὸν
3531 4647 3757 4717 Κύριον·

2184 4748 2524 4817 ἀγνοοῦντες,
2552 4747 2628 4810 ὡς
2661 4746 2824 4810 ἔοικε,
2843 4745 2902 4798 τὸ
2925 4746 3050 4816 περὶ
3063 4745 3253 4798 τούτου
3281 4743 3596 4815 μυστήριον,
3614 4743 3764 4805 ὅπως

502 4841 739 4895 Eramus
770 4846 967 4907 sponte
1007 4835 1250 4905 peccatis
1293 4833 1499 4890 nostris
1545 4834 1774 4902 venditi,
1819 4843 1874 4892 et
1909 4836 2069 4892 insta:

2182 4843 2216 4910 ὴ
2245 4839 2338 4894 τοῦ
2381 4838 2520 4892 Θεοῦ
2565 4837 2727 4906 σοφία
2757 4838 2853 4909 τὴν
2879 4838 3151 4909 σωτηρίαν
3182 4839 3311 4908 ἡμῖν
3344 4835 3761 4906 ᾠκονομήσατο.

500 4945 718 4996 eorum,
761 4933 853 4999 qui
887 4935 1112 4996 argento
1143 4933 1401 4990 veneunt,
1447 4925 1572 4980 vitae
1612 4933 1815 4982 nostrae
1854 4925 2084 4982 inimico

501 5017 823 5087 mancipati.
874 5015 1016 5084 Quid
1073 5015 1171 5070 tibi
1225 5031 1256 5069 a
1304 5013 1537 5069 Domino
1593 5017 1896 5087 optandum
1952 5017 2086 5073 fuit?

504 5124 689 5164 nonne
719 5117 778 5164 ut
809 5124 840 5162 a
878 5108 1191 5164 calamitate
1227 5107 1585 5163 liberareris?
1627 5123 1728 5163 cur
1774 5108 1938 5179 igitur
1989 5125 2080 5164 cu-

2197 4931 2490 5006 Ἐκουσίως
2515 4932 2635 4994 ταῖς
2664 4929 2958 5000 ἁμαρτίαις
2993 4929 3148 5000 ἡμῶν
3179 4928 3519 5000 ὲπράθημεν,
3541 4927 3768 4998 κωμάρ-

2185 5023 2514 5095 γυρωνήτων
2535 5023 2692 5093 δίκην
2717 5022 2795 5093 τῷ
2827 5021 3004 5093 ἐχθρῷ
3027 5022 3126 5092 τῆς
3158 5022 3303 5092 ζωῆς
3339 5020 3492 5091 ἡμῶν
3519 5019 3771 5072 κατεδουο

2186 5114 2456 5186 λώθημεν.
2497 5115 2566 5166 Τί
2598 5131 2681 5167 σοι
2711 5113 2962 5182 γενέσθαι
2997 5114 3144 5184 παρὰ
3171 5111 3261 5166 τοῦ
3294 5111 3562 5164 Δεσπότου
3600 5110 3769 5180 μάλιοι

507 5201 652 5254 riose
680 5201 734 5254 in
766 5201 987 5255 modum
1017 5199 1287 5270 inquiris?
1310 5198 1651 5255 henel‘actori
1676 5201 1813 5256 bene
1837 5201 2069 5256 merendi

2189 5223 2288 5258 στα
2310 5203 2644 5274 καταθύμιον
2671 5199 2740 5274 ἦν
2761 5221 2774 5270 ;
2801 5204 2862 5257 οὐ
2888 5202 2947 5256 τὸ
2969 5199 3423 5273 ὲξαιρεθῆναιτῆς
3441 5201 3731 5270 συμφορᾶς
3753 5217 3769 5265 ;

509 5292 780 5346 rationem
820 5292 1174 5361 praescribis?
1207 5306 1318 5346 non
1363 5307 1525 5348 secus
1558 5307 1622 5347 ac
1669 5293 1715 5347 si
1758 5294 1886 5364 quis
1921 5294 2087 5350 bene-

513 5382 708 5438 merito
745 5393 1069 5439 succenseat
1117 5384 1350 5456 medico,
1389 5384 1536 5456 quod
1584 5400 1642 5441 se
1678 5400 1784 5440 non
1815 5385 1942 5450 hac,
1986 5385 2082 5441 sed

515 5480 608 5535 illa
634 5481 844 5536 ratione
871 5480 1167 5536 curaverit.
1209 5480 1366 5548 Quod
1415 5481 1461 5537 si
1508 5480 1682 5536 divini
1725 5481 1945 5538 consilii
1986 5497 2081 5536 ra-

2187 5296 2253 5349 Τί
2301 5295 2637 5366 περιεργάζῃ
2669 5295 2760 5348 τὸν
2786 5295 3016 5366 τρόπον;
3049 5294 3103 5346 τί
3149 5293 3458 5364 νομοθετεῖς
3503 5290 3590 5362 τῷ
3610 5291 3776 5362 εὐερ-

2188 5389 2342 5458 γέτῃ,
2370 5389 2467 5458 τῆς
2506 5387 2825 5459 εὐεργεσίας
2865 5386 2940 5458 μὴ
2978 5384 3543 5455 ὰντιλαμϐανόμενος;
3575 5381 3776 5453 ὥσπερ

2189 5481 2254 5536 ἂν
2292 5481 2346 5558 εἴ
2389 5499 2471 5546 τις
2505 5482 2720 5536 καὶτὸν
2758 5479 2938 5551 ίατρὸν
2979 5479 3386 5549 ἀπωθούμενος,
3423 5477 3517 5530 καί⁵
3555 5477 3777 5546 μεμφό-

514 5571 718 5628 tionem
757 5571 1078 5628 curiositate
1115 5572 1314 5629 ductus
1361 5572 1628 5645 exquiris,
1660 5572 1764 5628 hoc
1803 5572 1902 5628 tibi
1945 5572 2069 5628 satis

2192 5590 2344 5644 μενος
2375 5573 2472 5645 τῆς
2503 5573 2840 5646 εὐεργεσίας,
2869 5573 2950 5626 ὅτι
2985 5569 3060 5643 μὴ
3087 5569 3277 5635 οὓτως,
3311 5569 3426 5622 ἀλλ’
3443 5567 3644 5644 ἑτέρως
3669 5565 3780 5639 τὴν

583 5748 636 5782 ⁸³
673 5747 815 5806 Psal.
842 5765 952 5818 cvr,
980 5751 1065 5806 ll.
1139 5750 1354 5808 l"Psal.
1389 5751 1671 5826 οινιιηίθ.
1696 5751 2076 5819 "Psal.xun,
2101 5752 2184 5807 l7.
