4092 6378
377 368 527 426 H59
1579 364 1646 420 IN
1690 363 1850 419 DIEM
1885 362 2214 421 NATALEM
2246 364 2550 422 CHRISTI.
3548 362 3687 417 “50

373 486 694 561 θεραπείαν
758 485 1078 557 ἐνήργησεν.
1120 484 1183 537 El
1212 483 1269 538 δὲ
1306 481 1398 536 τὸν
1439 481 1602 552 ὄγκον
1650 483 1751 553 τῆς
1782 484 1992 537 οἰκονο-

2115 482 2169 537 sit
2212 482 2542 554 intelligere,
2588 496 2700 539 non
2752 495 2924 537 unum
2976 478 3203 551 aliquod
3249 477 3548 545 bonorum,
3590 481 3689 535 sed

380 583 521 654 μίας
546 579 658 633 ὑπὸ
696 576 1223 649 φιλοπραγμοσύνης
1250 576 1529 648 ἐπιζητεῖς
1551 594 1564 608 ⁸
1581 578 1744 653 ἀρκεῖ
1771 594 1853 631 σοι
1879 594 1995 630 τοσ-

2115 575 2371 646 ιιιίάιιυίά
2429 575 2559 630 boni
2617 575 2953 645 cogitatione
2994 588 3061 630 ac
3119 580 3302 628 mente
3354 572 3686 642 concipitur,

377 673 546 727 οὖτον
580 671 804 744 μαθεῖν,
826 672 909 723 ὃτι
944 669 1005 723 τὸ
1037 670 1191 722 Θείον
1221 669 1319 741 οὑχ
1349 669 1409 723 ἐν
1440 686 1493 722 τι
1526 668 1687 739 μόνον
1725 668 1833 722 τῶν
1856 670 1996 737 ἀγα-⁸

2115 666 2238 721 illud
2259 681 2384 722 esse
2412 666 2662 721 divinum
2685 680 2911 733 numen,
2942 674 3165 736 potens,
3192 664 3428 735 justum,
3456 662 3689 727 bonum,

383 763 501 817 θῶν
522 803 539 827 ,
576 762 723 817 ἀλλά
764 763 873 815 πᾶν
902 762 930 815 ὅ
958 761 1009 813 τί
1039 760 1144 831 πέρ
1180 761 1296 814 ἐστι
1325 761 1443 814 κατ’
1482 759 1726 815 ἐπίνοιαν
1772 759 1995 828 ἀγαθὸν,

2115 761 2345 830 sapiens,
2370 759 2552 813 omnia
2592 758 2828 828 denique
2860 759 3110 823 nomina,
3142 763 3196 811 et
3244 757 3524 819 notiones,
3563 754 3691 825 qni-

380 854 573 910 ἐκεῖνό
614 857 738 909 ἐστι
763 872 777 885 ·
806 854 1053 919 δυνατὸν,
1076 853 1306 918 δίκαιον,
1343 852 1569 922 ἀγαθὸν,
1596 853 1789 922 σοφόνο
1823 853 2000 907 πάντα

2115 850 2206 905 bus
2251 857 2450 902 natura
2504 847 2690 902 divina
2742 847 3075 902 declaratur.
3146 844 3452 900 Considera
3502 844 3693 914 igitur

380 946 487 999 ὅσα
517 946 626 1016 τῆς
653 942 1002 1016 Θεοπρεποῦς
1036 942 1313 1015 σημασίας
1358 945 1505 997 ἐστὶν
1535 942 1778 1013 ὀνόματά
1805 960 1865 995 τε
1907 945 2001 997 καὶ

2115 941 2257 1006 mihi,
2289 948 2472 995 utrum
2508 940 2566 994 in
2601 940 2703 995 hoc
2736 938 3028 1004 beneﬁcio,
3061 954 3168 1008 quo
3198 953 3299 993 nos
3330 935 3535 1001 aﬂ‘ecit,
3568 951 3692 993 cer-

384 1038 678 1109 νοήματα.
715 1037 997 1107 Σκόπησον
1034 1035 1098 1106 δὴ
1144 1035 1345 1100 τοίνυν,
1382 1036 1432 1088 εί
1469 1034 1545 1106 μὴ
1577 1034 1754 1089 πάντα
1781 1034 1910 1106 περὶ
1940 1036 2001 1089 τὺ

2115 1040 2311 1087 nantur
2338 1033 2547 1100 omnia,
2583 1048 2708 1102 quae
2732 1031 2970 1087 dicendo
3008 1031 3283 1101 percurri,
3322 1028 3563 1092 bonitas,
3600 1042 3691 1083 sa-

389 1129 705 1199 γενόμενον
727 1130 860 1199 ἡμῖν
896 1124 965 1179 τά
1010 1125 1276 1197 εἰρημένα
1328 1125 1663 1198 συνέδραμεν
1691 1144 1705 1157 ο
1738 1127 1770 1198 ἡ
1801 1126 2002 1194 ἀγαθό-

392 1237 523 1292 της,
558 1222 595 1293 ἡ
630 1220 815 1290 σοφία,
850 1220 885 1290 ἡ
916 1218 1169 1288 δύναμις,
1203 1220 1236 1289 ὴ
1276 1218 1611 1290 δικαιοσύνη.
1664 1219 1751 1283 Ὠς
1777 1219 2001 1288 ἀγαθὸς,

393 1312 499 1365 τὸν
561 1311 879 1384 ἀποστάτην
910 1311 1199 1381 ἠγάπησεν
1237 1326 1250 1339 ·
1292 1310 1368 1373 ὠς
1417 1310 1600 1380 σοφὸς,
1631 1309 1730 1382 τὴν
1763 1311 2005 1365 ἐπίνοιαν

394 1404 504 1473 τῆς
541 1402 808 1456 ἐπανόδου
837 1399 946 1455 τῶν
986 1398 1539 1470 καταδεδουλωμένων
1584 1401 2001 1471 ἐμηχανήσατο·

397 1494 479 1557 ὡς
511 1494 749 1557 δίκαιος.
786 1492 847 1546 οὑ
901 1491 1147 1563 βιάζεται
1178 1491 1270 1545 τὸν
1311 1492 1884 1563 καταδουλωσάμενον,
1915 1491 2005 1545 τὸν

396 1585 555 1657 ὠνῆς
585 1585 808 1649 δικαίως
846 1585 1191 1657 κτησάμενον
1214 1598 1227 1614 ⁸
1256 1583 1371 1637 ἀλλ’
1410 1584 1600 1638 ἐαυτὸν
1634 1584 1863 1637 δέδωκεν
1885 1584 2007 1637 ἀντὶ

399 1676 518 1731 τῶν
571 1677 1005 1748 κεκρατημένων
1057 1676 1436 1747 ἀντάλλαγμα,
1479 1676 1566 1729 ἵνα
1626 1675 1880 1748 καθάπερ
1922 1692 2007 1740 τις

402 1769 695 1841 ἐγγυητὴς
738 1770 818 1832 εἰς
866 1768 1056 1821 ἐαυτὸν
1103 1768 1360 1838 μεταθεὶς
1386 1767 1485 1839 τὴν
1526 1767 1772 1839 ὀφειλὴν,
1799 1767 2011 1822 ἐλευθε-

2105 1125 2332 1197 pientis,
2386 1124 2629 1196 justitia,
2680 1123 2946 1195 potentia.
2990 1121 3061 1177 Ut
3111 1123 3293 1178 bonus
3344 1121 3689 1177 desertorem

2105 1219 2333 1284 amavit,
2359 1227 2417 1272 ut
2449 1218 2672 1289 sapiens
2716 1218 2984 1272 rationem
3017 1215 3252 1283 invenit,
3281 1230 3393 1284 qua
3426 1213 3691 1270 servitute

2104 1325 2430 1381 oppressum
2476 1311 2533 1366 in
2581 1311 2889 1366 libertatem
2934 1309 3263 1376 vindicaret,
3302 1315 3362 1363 ut
3401 1307 3588 1378 justus
3633 1306 3689 1360 in

2108 1403 2379 1459 servitute
2415 1403 2790 1459 continentem
2845 1410 2902 1458 et
2960 1402 3261 1473 emptionis
3320 1400 3449 1470 jure
3509 1399 3692 1471 possi-

2108 1496 2329 1552 dentem
2386 1512 2497 1551 non
2560 1495 2762 1566 coegit,
2820 1496 2914 1551 sed
2970 1510 3031 1550 se
3081 1496 3259 1564 ipsum
3310 1509 3409 1563 pro
3447 1494 3566 1558 illo,
3599 1491 3695 1562 qui

2108 1586 2289 1640 victus
2328 1592 2465 1649 erat,
2512 1584 2760 1652 tradidit,
2808 1593 2864 1639 ct
2912 1593 3172 1654 tanquam
3208 1597 3304 1637 vas
3356 1588 3411 1637 et
3462 1596 3698 1652 sponsor

2110 1677 2354 1733 debitum
2411 1676 2530 1747 ipse
2591 1676 2877 1747 persolvit,
2937 1681 2998 1729 ut
3050 1689 3198 1739 eum,
3247 1673 3341 1745 qui
3391 1672 3698 1729 obstrictus

2112 1780 2254 1834 erat,
2284 1769 2542 1825 liberaret
2575 1788 2588 1824 :
2621 1778 2681 1824 ut
2713 1776 2910 1839 potens
2952 1784 3061 1823 non
3104 1766 3364 1822 detentus
3404 1773 3487 1822 est
3529 1766 3587 1819 in
3617 1764 3702 1819 in-

736 1860 1083 1933 κρατούντων
1103 1831 1197 1915 τὸν
1223 1831 1605 1931 κατεχόμενον.
1647 1831 1735 1924 Ὠς
1763 1860 2007 1926 δυνατὸς,

2116 1861 2294 1925 ferno,
2336 1876 2437 1915 nec
2481 1861 2603 1930 ejus
2645 1875 2778 1915 caro
2826 1858 2963 1914 vidit
3018 1858 3456 1930 corruptionem.
3514 1856 3702 1928 Neque

399 1951 508 2004 οὑκ
539 1950 884 2022 ἐνεκρατήθη
907 1950 986 2021 τῷ
1012 1950 1134 2024 ᾅδῃ,
1163 1950 1284 2003 οὑδὲ
1311 1952 1344 2021 ἡ
1382 1949 1518 2021 σὰρξ
1549 1950 1715 2004 αὑτοῦ
1749 1945 1856 2003 εἶδε
1890 1951 2009 2003 δια-

403 2041 645 2115 φθοράν.
699 2044 836 2097 Οὐδὲ
887 2043 996 2114 γὰρ
1022 2038 1090 2114 ἦν
1141 2041 1368 2096 δυνατὸν
1410 2042 1750 2114 κρατηθῆναι
1778 2041 1883 2095 ὑπὸ
1911 2042 2012 2113 τῆς

403 2132 627 2205 φθορᾶς
657 2134 749 2189 τὸν
787 2132 1030 2205 ἀρχηγὸν
1060 2133 1160 2204 τῆς
1193 2132 1357 2203 ζωῆς.
1406 2133 1546 2186 Ἀλλ’
1577 2132 1799 2203 αἰσχρὸν
1844 2132 1905 2185 τὸ
1933 2134 2013 2196 είς

404 2224 633 2292 γένεσιν
668 2226 1018 2299 ἀνθρωπίνην
1045 2226 1241 2291 ἐλθεῖν,
1280 2226 1375 2279 καὶ
1403 2226 1511 2279 τῶν
1540 2225 1642 2296 τῆς
1670 2225 1873 2297 σαρκὸς
1906 2241 2013 2278 πα-

407 2315 681 2387 θημάτων
711 2316 1010 2387 ὑποστῆναι
1031 2317 1130 2387 τὴν
1155 2320 1389 2389 πεῖραν;
1424 2317 1536 2389 Τὴν
1564 2317 1661 2388 τῆς
1694 2316 2013 2390 εὐεργεσίας

403 2406 726 2481 ὑπερϐολὴν
762 2409 962 2478 λέγεις.
1000 2409 1219 2481 Ἐπειδὴ
1247 2411 1356 2483 γάρ
1386 2410 1561 2475 ἄλλως
1584 2411 1683 2463 οὑκ
1709 2405 1777 2481 ἦν
1813 2407 2016 2481 ἐξαιρε-

404 2496 580 2570 θῆναι
602 2489 711 2554 τῶν
739 2501 1010 2556 τοσούτων
1031 2503 1217 2557 κακῶν
1235 2503 1296 2556 τὸ
1322 2502 1662 2575 ἀνθρώπινον
1683 2518 1696 2532 ο
1722 2502 2014 2573 ὑπέμεινεν

410 2590 443 2643 ὁ
463 2592 651 2662 πάσης
674 2592 943 2658 ἀπαθείας
964 2594 1250 2662 Βασιλεὺς,
1273 2595 1373 2666 τὴν
1404 2595 1542 2649 ἰδίαν
1571 2593 1734 2660 δόξαν
1753 2593 1853 2665 τῆς
1884 2595 2017 2664 ἡμε-

412 2684 585 2757 τέρας
615 2684 763 2755 ζωῆς
792 2686 1248 2752 ἀνταλλάξασθαι.
1277 2689 1389 2743 Καὶ
1422 2689 1456 2759 ἡ
1492 2687 1592 2758 μὲν
1624 2686 1932 2758 καθαρότης
1959 2688 2017 2741 ἐν

415 2776 502 2846 τῷ
547 2778 801 2850 ἡμετέρῳ
845 2780 1054 2846 γίνεται
1090 2780 1279 2852 ῥύπῳο
1321 2782 1350 2833 ὁ
1397 2780 1453 2833 δέ
1489 2780 1660 2850 ῥύπος
1704 2780 1805 2849 τῆς
1844 2779 2016 2833 καθα-

424 2867 653 2939 ρότητος
671 2871 730 2922 οὑ
762 2872 1157 2942 προσάπτεται,
1189 2870 1368 2934 καθώς
1396 2888 1530 2943 φησι
1562 2871 1621 2923 τὸ
1642 2870 1978 2939 Εὑαγγέλιον
2000 2888 2013 2901 ·

421 2959 510 3013 ὅτι.
548 2960 606 3014 τὸ
645 2961 760 3031 φῶς
785 2964 843 3014 ἐν
881 2966 946 3033 τῇ
979 2963 1171 3034 σκοτίᾳ
1201 2961 1465 3033 ἔλαμψεν,
1495 2964 1528 3031 ή
1559 2962 1615 3015 δὲ
1648 2962 1858 3025 σκοτία,
1886 2962 2020 3016 αὑτὸ

423 3053 490 3105 οὑ
530 3054 853 3114 κατέλαϐεν.
921 3056 1266 3126 ’Δφανίζεται
1314 3055 1423 3128 γὰρ
1472 3057 1538 3126 τῇ
1600 3055 1872 3126 παρουσίᾳ
1920 3056 2019 3126 τῆς

2112 1954 2258 2010 enim
2301 1954 2418 2008 ﬁeri
2463 1960 2700 2024 poterat,
2745 1958 2807 2007 ut
2856 1952 2984 2006 vitae
3025 1961 3222 2005 auctor
3262 1964 3327 2004 ac
3363 1948 3632 2004 Dominus
3670 1963 3701 2002 a

2113 2045 2471 2115 corruptione
2498 2051 2805 2100 teneretur.
2840 2044 2911 2097 At
2939 2050 3119 2113 turpe,
3152 2042 3398 2112 inquies,
3423 2041 3548 2105 fuit,
3573 2057 3699 2096 eum

2114 2138 2172 2193 in
2216 2138 2383 2194 vitam
2440 2138 2731 2191 humanam
2776 2134 3012 2206 ingredi,
3065 2142 3121 2190 et
3175 2135 3363 2190 carnis
3419 2133 3705 2188 molestias

2114 2229 2374 2300 experiri.
2410 2228 2524 2283 lmo
2559 2243 2688 2283 vero
2720 2227 2813 2282 hic
2843 2234 3073 2297 apparet
3106 2227 3352 2282 muneris
3374 2226 3701 2295 amplitudo.

2115 2322 2328 2380 Etenim
2371 2337 2497 2377 cum
2550 2322 2711 2376 aliter
2762 2335 2794 2375 e
2845 2320 3015 2375 tantis
3062 2319 3223 2375 malis
3267 2319 3432 2374 homo
3480 2318 3705 2373 liberari

2114 2430 2227 2471 non
2276 2423 2481 2487 posset,
2527 2411 2886 2469 beatitudinis
2920 2410 3040 2466 Rex
3093 2410 3324 2481 gloriam
3383 2424 3538 2465 suam
3578 2423 3705 2463 cum

2116 2508 2227 2563 vita
2270 2514 2461 2562 nostra
2513 2501 2899 2559 commutavit.
2962 2501 3042 2557 Ac
3098 2503 3312 2572 puritas
3353 2499 3577 2572 quidem
3637 2501 3707 2553 ad

2116 2605 2339 2654 nostras
2382 2593 2576 2651 sordes
2626 2609 2748 2650 sese
2792 2591 3064 2649 demisit:
3099 2591 3294 2648 sordes
3336 2599 3522 2646 tamen
3574 2589 3708 2661 ipsae

2116 2694 2411 2762 puritatem
2446 2702 2558 2743 non
2592 2687 2917 2757 attigerunt.
2954 2684 3073 2740 Lux
3098 2686 3270 2750 enim,
3307 2684 3446 2738 utin
3472 2683 3710 2754 Evange-

2120 2784 2195 2837 lio
2225 2783 2447 2853 legitur,
2487 2780 2541 2835 in
2594 2777 2841 2834 tenebris
2889 2776 3063 2843 fulsit,
3110 2777 3352 2832 tenebrae
3382 2787 3561 2831 autem
3585 2790 3707 2831 eam

2118 2891 2230 2930 non
2286 2870 2847 2942 comprehenderunt.
2911 2867 3048 2922 Nam
3107 2868 3349 2924 tenebrae
3418 2872 3707 2938 praesent'a

2121 2963 2433 3036 splendoris
2466 2967 2842 3026 evanescunt;
2880 2960 2962 3017 sol
2990 2961 3046 3014 in
3081 2960 3327 3016 tenebris
3357 2974 3467 3014 non
3501 2958 3707 3013 obscu-

2121 3065 2298 3111 ratur.
2332 3052 2491 3120 Quod
2520 3050 2753 3105 mortale
2780 3057 2887 3114 est,
2914 3048 3244 3104 absorbetur
3268 3064 3298 3102 a
3335 3048 3467 3112 vita,
3507 3063 3709 3115 quem-

425 3143 645 3209 ἀκτῖνος
672 3185 687 3209 ,
715 3146 744 3198 ὁ
806 3145 971 3216 ζόφος
1016 3162 1031 3178 ο
1068 3148 1169 3201 οὑκ
1226 3145 1635 3218 ὲναμαυροῦται
1688 3146 1767 3217 τῷ
1805 3146 1954 3218 ζόφῳ
1989 3149 2013 3201 ὁ

2122 3143 2419 3201 admodum
2458 3140 2655 3197 scribit
2707 3140 3008 3210 Apostolus
3033 3139 3103 3205 “,
3146 3155 3259 3196 non
3311 3145 3496 3193 autem
3526 3138 3638 3193 vita
3679 3151 3712 3191 a

426 3237 599 3308 ἥλιος.
618 3239 691 3291 Τὸ
712 3238 905 3310 θνητὸν
931 3238 1037 3293 ὑπὸ
1079 3240 1177 3311 τῆς
1217 3238 1365 3311 ζωῆς
1409 3239 1801 3303 καταπίνεται,
1833 3238 2016 3301 καθώς

429 3344 596 3397 φησιν
638 3329 667 3381 ὁ
720 3329 1075 3395 Ἀπόστολος·
1129 3332 1231 3384 οὑκ
1286 3331 1725 3403 ἐνδαπανᾶταιὴ
1783 3330 1896 3402 ζωὴ
1937 3329 2017 3401 τῷ

432 3420 668 3491 θανάτῳ.
700 3422 775 3474 Τὸ
807 3422 1258 3495 κατεφθαρμένον
1292 3424 1372 3496 τῷ
1415 3424 1679 3496 ἀφθάρτῳ
1718 3424 2017 3478 συνδιασώ-

392 3561 404 3570 .
433 3508 609 3574 ζεται.
663 3512 729 3566 Ἦ
784 3513 983 3585 φθορὰ,
1027 3515 1129 3586 τῆς
1167 3514 1475 3587 ἀφθαρσίας
1524 3517 1584 3570 οὑ
1621 3515 2015 3587 προσάπτεται.

435 3601 535 3656 Διά
565 3602 737 3658 ταῦτα
760 3605 912 3677 κοινὴ
942 3606 1124 3677 πάσης
1145 3607 1354 3676 γίνεται
1383 3607 1617 3678 συνῳδία
1644 3610 1743 3679 τῆς
1766 3607 2018 3674 κτίσεως,

433 3694 715 3766 ὁμόφωνον
781 3696 998 3751 πάντων
1056 3698 1155 3770 τὴν
1208 3698 1517 3768 δοξολογίαν
1584 3698 2022 3771 ἀναπεμπόντων

435 3786 517 3858 τῷ
544 3787 787 3860 Δεσπότῃ
830 3790 930 3861 τῆς
960 3790 1193 3855 κτίσεως
1213 3808 1227 3822 ·
1259 3792 1439 3861 πάσης
1480 3789 1733 3862 γλώσσης
1789 3793 2025 3864 ἐπουρα-

437 3877 567 3933 νίων
604 3896 663 3932 τε
716 3881 812 3935 καὶ
850 3881 1106 3951 ἐπιγείων
1138 3884 1230 3938 καὶ
1278 3884 1651 3956 καταχθονίων
1684 3883 1915 3957 βοὼσης,
1942 3885 2026 3939 ὅτι

441 3971 645 4044 Κύριος
694 3975 898 4046 Ἰησοῦς
928 3977 1163 4049 Χριστλς
1193 3980 1271 4042 είς
1297 3977 1455 4044 δόξαν
1489 3978 1623 4032 Θεοῦ
1668 3979 1899 4051 Πατρδς,
1932 3978 2027 4032 εὑ-

442 4062 670 4137 λογητὸς
706 4069 786 4131 εἰς
811 4069 937 4133 τοὺς
956 4068 1159 4135 αἰῶνας
1184 4069 1294 4125 τῶν
1320 4070 1553 4126 αἰώνων.
1595 4071 1793 4143 Ἀμήν.

516 4222 563 4255 ⁸⁸
588 4223 627 4278 Π
654 4223 781 4281 Cor.
814 4242 866 4295 v,
900 4227 956 4283 4.

2123 3245 2302 3294 morte
2323 3236 2693 3292 consumitur.
2738 3232 2895 3301 Quod
2934 3239 3256 3303 corruptum
3307 3231 3430 3298 fuit,
3462 3244 3590 3285 cum
3625 3229 3711 3283 in-

2121 3337 2389 3400 corrupto
2445 3335 2719 3383 servatur.
2772 3325 3073 3395 Corruptio
3140 3334 3322 3380 autem
3400 3322 3469 3377 ad
3530 3322 3714 3377 incor-

2122 3421 2439 3494 ruptionem
2487 3434 2599 3474 non
2640 3417 2872 3474 accedit.
2925 3417 3142 3473 Idcirco
3175 3416 3489 3472 communis
3527 3428 3713 3469 rerum

2124 3514 2371 3570 omnium
2412 3517 2829 3584 procreatarum
2873 3516 3180 3565 concentus
3220 3510 3490 3577 exsurgit,
3528 3504 3716 3560 Domi-

2125 3621 2259 3664 num
2289 3620 2452 3663 suum
2485 3619 2594 3659 una
2620 3617 2758 3659 voce
2784 3602 3261 3668 collaudantinm;
3316 3600 3399 3657 sic
3429 3598 3579 3654 omni
3611 3597 3717 3651 lin—

2127 3714 2235 3773 gua
2303 3697 2645 3761 caelestium,
2709 3694 3055 3751 terrestrium
3129 3700 3297 3763 atque
3367 3691 3713 3747 infernorum

2128 3790 2492 3857 exclamante,
2530 3785 2799 3843 Dominus
2835 3784 3000 3842 Jesus
3028 3784 3286 3840 Christus
3319 3782 3587 3855 ingloria
3630 3790 3717 3839 est

2131 3884 2229 3941 Dei
2253 3882 2453 3950 Patris,
2485 3880 2795 3937 laudandus
2828 3880 2884 3935 in
2918 3886 3209 3935 aeternum.
3235 3876 3433 3933 Amen.
