4092 6378
1674 309 1728 365 s.
1764 307 2090 366 GREGORII
2125 269 2420 364 stsrzm

3553 297 3692 356 H52

425 459 3669 505 mw

1709 627 1938 713 ΤΟΥ
2009 625 2386 713 ΑΥΤΟΥ

613 821 856 938 ΕΙΣ
949 825 1268 937 ΤΗΝ
1398 824 2360 939 ΥΠΑΠΑΝΤΗΝ
2452 820 2759 938 ΤΟΥ
2882 817 3475 962 ΚΥΡΙΟΥ,

1066 1039 1186 1092 ΚΑΙ
1223 1038 1330 1092 ΕΙΣ
1360 1038 1504 1092 ΤΗΝ
1536 1037 1932 1104 ΘΕΟΤΟΚΟΝ,
1957 1039 2049 1091 ΚΑ

2128 1037 2214 1092 ΕΙΣ
2243 1035 2377 1090 TON
2418 1034 2698 1090 ΔΙΚΛΙΟΝ
2729 1034 3074 1090 ΣΥΜΕΩΝΑ.

1797 1367 2342 1461 EJUSDEM

1231 1581 1408 1693 DE
1543 1581 2199 1700 OCCURSU
2315 1582 2879 1732 DOMINI,

1141 1799 1229 1854 DE
1307 1799 1598 1855 DEIPARA
1673 1801 1955 1858 VlliGlNE
2020 1804 2112 1860 ET
2187 1803 2275 1858 DE
2341 1800 2562 1860 JUSTO
2633 1803 2956 1860 SIMEONE.

1659 1958 1926 2009 Laurentio
1965 1959 2130 2010 Silano
2169 1961 2465 2023 interprete.

502 2292 608 2359 Qui
664 2292 970 2349 caelestium
1033 2309 1216 2350 rerum
1281 2310 1472 2363 sensu,
1529 2298 1796 2367 sapientia
1849 2283 2088 2367 atqueA

436 2384 718 2440 intellectu
761 2385 1017 2442 sublimis
1062 2395 1170 2452 est,
1211 2401 1276 2441 ac
1297 2397 1638 2443 terrenarum
1689 2406 1872 2444 rerum
1913 2389 2012 2445 de—

432 2484 624 2546 spectu
640 2484 1132 2546 atqueeontemptu
1149 2479 1403 2535 excelsus
1417 2480 1508 2535 ille
1522 2480 1750 2543 Paulus,
1776 2481 1864 2536 illa
1883 2481 2016 2538 divi-

434 2567 584 2621 nitus
603 2569 718 2638 rapi
751 2569 910 2624 solita
926 2585 1105 2632 mens,
1127 2570 1217 2626 illa
1233 2589 1262 2625 a
1285 2571 1511 2626 Christo
1530 2574 1736 2628 moveri
1751 2584 2014 2631 consueta

421 2657 642 2726 lingua,
666 2658 1068 2727 pulcherrimus
1088 2661 1176 2718 ille
1188 2661 1450 2722 velociter
1463 2670 1552 2733 atq
1563 2679 1628 2718 ue
1645 2664 1898 2719 celeriler
1915 2682 2013 2720 ex-

432 2751 641 2806 arantis
681 2750 874 2806 scribae
894 2752 1162 2815 calamus,
1182 2753 1274 2823 qui
1313 2754 1594 2824 eleganter
1609 2755 1870 2812 Ecclesiae
1886 2772 2018 2812 con-

435 2840 659 2909 scripsit
688 2839 888 2910 placita
927 2847 1094 2911 atque
1152 2841 1372 2902 decreta
1429 2845 1698 2909 veritatis,
1736 2847 1789 2902 in
1851 2863 2016 2900 manu

424 2933 676 3002 potentis
706 2948 736 2986 a
773 2931 880 2988 Deo
908 2935 1220 2990 confectum
1259 2935 1388 2990 illud
1419 2939 1609 3002 telum,
1651 2938 1742 3008 qui
1776 2940 1830 2994 in
1854 2942 2020 2996 corde

421 3022 701 3093 principis
733 3023 922 3078 mundi
969 3024 1320 3082 tenebrarum
1372 3026 1530 3082 letale
1563 3043 1627 3082 ae
1673 3030 2018 3087 mortiferum

440 3116 642 3170 vulnus
670 3115 889 3179 inﬂixit,
923 3115 1106 3187 fulgur
1165 3117 1296 3173 illud
1352 3121 1496 3188 quod
1523 3121 1594 3176 ab
1623 3120 2021 3194 Hierosolymis

421 3217 494 3264 et
525 3209 1048 3278 circumjacentibus
1072 3211 1388 3282 regionibus
1419 3229 1597 3282 usque
1628 3214 1695 3268 ad
1719 3213 2019 3287 Illyricum,

419 3303 552 3356 -imo
584 3317 713 3356 vero
746 3301 812 3355 ad
845 3311 1126 3358 extremos
1160 3317 1336 3372 usque
1361 3305 1627 3360 terminos
1662 3313 1826 3362 terrae
1858 3307 2019 3372 luxit,

441 3395 534 3449 illa
565 3394 737 3448 divini
774 3393 1002 3449 tonitrui
1038 3395 1091 3449 in
1133 3395 1363 3466 mystica
1396 3395 1678 3464 Evangelii
1712 3407 1853 3464 rota,
1900 3417 2022 3470 qua:

444 3503 541 3556 per
597 3501 816 3541 onmem
856 3486 1046 3542 orbem
1107 3496 1268 3542 terra:
1324 3487 1667 3555 volveliatnr,
1705 3492 2018 3563 clarissima

343 3617 348 3620 .
445 3578 791 3648 maximeque
822 3593 1024 3638 sonora
1057 3595 1198 3636 vox:
1234 3579 1279 3634 is
1311 3580 1582 3651 (inquam)
1630 3591 1889 3652 tanquam
1953 3601 2018 3642 ex

445 3669 583 3738 ipsis
613 3668 850 3738 paradisi
888 3669 1070 3742 adytis
1099 3686 1165 3726 ac
1209 3673 1608 3742 penetralibus,
1671 3675 1762 3732 ubi
1822 3689 2024 3738 arcana

447 3762 543 3819 illa
585 3762 747 3820 verba
774 3763 1009 3820 auribus
1051 3765 1172 3820 suis
1197 3775 1539 3836 perceperat,
1602 3767 1871 3837 loquens:
1917 3769 2027 3822 imo

444 3868 577 3908 vero
629 3862 886 3924 tanquam
926 3871 991 3912 ex
1049 3856 1171 3927 ipso
1226 3857 1367 3918 solio
1422 3858 1641 3914 sublimi
1676 3868 1739 3916 ,et
1806 3860 2027 3917 excelso

448 3947 656 4016 gloria).
689 3947 777 4001 cui
810 3947 1052 4016 adsistit,
1084 3949 1342 4018 prieviam
1395 3959 1450 4006 et
1491 3951 1851 4007 honoriﬁcam
1888 3968 2028 4023 prae-

449 4039 588 4092 senti
629 4045 825 4093 sancto
848 4053 914 4094 ae
941 4038 1221 4094 dominico
1251 4040 1358 4096 diei
1398 4041 1562 4107 festo,
1621 4043 1690 4097 ad
1746 4044 2030 4115 excipieu~

447 4127 576 4182 dum
616 4143 796 4198 regem
822 4128 1012 4200 gloria:
1027 4145 1282 4200 pompam
1306 4146 1532 4201 parans,
1563 4140 1828 4203 tanquam
1852 4135 2027 4188 maxi-

450 4235 538 4276 me
568 4221 859 4292 mysticum
892 4229 1146 4278 senatum
1179 4222 1495 4293 quemdam,
1552 4226 1803 4280 ecclesia:
1833 4241 2029 4295 nempe

452 4311 733 4383 populum,
775 4314 984 4385 regiqu
1019 4314 1152 4368 illud
1189 4316 1586 4382 sacerdotium,
1619 4333 1782 4386 quam
1820 4317 1934 4370 "t‘l‘i
1966 4331 2030 4370 ac

449 4402 557 4456 dici
593 4412 774 4473 potest
814 4406 1172 4462 exactissimo
1201 4415 1256 4462 et
1312 4407 1750 4477 exquisitissimo
1811 4409 2028 4476 ordine,

451 4509 516 4550 ac
555 4495 714 4566 quasi
743 4496 795 4550 in
822 4497 1191 4566 quincuncem
1236 4500 1459 4554 redacto
1497 4515 1698 4570 parans
1728 4509 1782 4557 et
1823 4501 2030 4558 instru-

450 4601 569 4648 ens.
601 4601 668 4641 ac
699 4588 839 4643 bene
875 4591 1196 4660 composita;
1225 4599 1391 4661 atque
1421 4594 1741 4648 constitutae
1768 4594 1896 4649 vita:
1936 4611 2030 4648 ra-

452 4675 618 4731 tionis
644 4676 890 4731 ordinem
923 4680 1276 4743 coueinnum,
1310 4691 1496 4751 aptum
1527 4689 1582 4737 et
1611 4684 2028 4741 convenientem

452 4767 835 4836 praescribens,
867 4768 1107 4834 Fratres,
1146 4772 1345 4841 inquit,
1383 4775 1547 4828 no’lile
1569 4776 1696 4845 efﬁci
1733 4778 1884 4846 pueri
1920 4794 2033 4830 sen-

449 4859 618 4921 sibus,
652 4859 744 4913 sed
791 4861 1006 4916 malitia
1067 4864 1278 4929 parvuli
1325 4873 1523 4928 estote;
1579 4867 1756 4920 animo
1815 4884 1930 4922 vero
1969 4885 2031 4921 ac

2197 2285 2256 2339 ’0
2277 2287 2344 2356 τῇ
2370 2287 2630 2358 φρονήσει
2657 2285 2763 2340 τῶν
2780 2285 3046 2358 οὐρανίων
3068 2287 3361 2359 μετέωρος,
3393 2289 3421 2342 ό
3447 2288 3513 2361 τῇ
3533 2306 3709 2342 κατα-ο

2117 2380 2377 2452 φρονήσει
2417 2379 2528 2434 τῶν
2563 2379 2826 2448 ἐπιγείων
2866 2379 3180 2451 μετάρσιος,
3224 2381 3434 2446 Παῦλος
3465 2384 3494 2438 ὁ
3523 2383 3705 2451 θεόλη-

2117 2490 2251 2538 πτος
2277 2472 2424 2540 νοῦς,
2452 2476 2486 2545 ἡ
2511 2475 2554 2527 Χ
2563 2473 2936 2550 ριστοκίνητος
2959 2472 3197 2542 γλῶττα,
3216 2476 3244 2528 ὁ
3273 2474 3368 2528 τοῦ
3391 2475 3702 2547 ὀξυγράφου

2117 2566 2490 2638 γραμματέως
2515 2566 2849 2637 ὡραιότατος
2885 2566 3150 2638 κάλαμος,
3191 2568 3220 2621 ὁ
3259 2568 3704 2640 καλλιγραφὴσας

2117 2661 2182 2730 τῇ
2211 2658 2509 2730 Ἐκκλησία
2524 2659 2623 2728 τῆς
2650 2658 2908 2728 ἀληθείας
2927 2657 2994 2711 τὰ
3020 2659 3286 2730 δόγματα.
3305 2660 3367 2714 τὸ
3393 2661 3450 2713 ὲν
3471 2664 3537 2730 τῇ
3563 2661 3707 2730 χειρὶ

2117 2749 2212 2803 τοῦ
2243 2748 2470 2803 δυνατοῦ
2503 2749 2890 2819 Θεοχάλκευτον
2921 2747 3094 2819 βέλος,
3125 2749 3189 2802 τὸ
3215 2752 3272 2805 ὲν
3293 2753 3359 2822 τῇ
3396 2751 3593 2822 καρδίᾳ
3608 2749 3706 2804 τοῦ

2121 2842 2560 2914 κοσμοκράτορος
2579 2842 2674 2896 τοῦ
2699 2843 2918 2905 σκότους
2942 2841 3163 2912 καιρίαν
3187 2841 3442 2912 ὲμπῆξαν
3468 2841 3704 2913 πληγὴν,

2119 2936 2153 3004 ἡ
2188 2935 2296 2988 ἀπο
2332 2934 2689 3006 Ἰερουσαλὴμ
2718 2933 2814 2988 καὶ
2845 2933 3030 3004 κύκλῳ
3062 2934 3226 3004 μέχρι
3251 2933 3347 2988 τοῦ
3385 2933 3710 3006 Ἰλλυρικοῦ,

2125 3029 2326 3100 μᾶλλον
2368 3029 2426 3083 δὲ
2485 3029 2648 3102 μέχρι
2701 3030 2810 3083 τῶν
2877 3031 3132 3102 περάτων
3175 3030 3275 3100 τῆς
3339 3031 3444 3100 γῆς
3493 3032 3710 3099 φάνασα

2121 3121 2395 3194 ἀστραπὴ,
2420 3123 2452 3192 ἡ
2477 3121 2580 3190 τῆς
2607 3121 2756 3185 Θείας
2792 3121 3021 3193 βροντῆς
3049 3123 3109 3175 ὲν
3137 3121 3217 3193 τῷ
3255 3123 3505 3193 μυστικῷ
3531 3125 3710 3195 τροχῷ

2121 3213 2217 3267 τοῦ
2247 3212 2608 3282 Εὐαγγελίου,
2647 3213 2726 3283 τῷ
2766 3212 2911 3268 κατὰ
2959 3213 3143 3283 πάσης
3174 3213 3479 3268 κυλισθέντι
3507 3215 3605 3285 τῆς
3634 3216 3714 3269 οἱ-

2123 3305 2414 3376 κουμένης,
2437 3307 2470 3374 ἡ
2495 3304 2826 3375 διειδεστάτη
2847 3304 2939 3364 καὶ
2956 3304 3328 3376 μεγαλόθρους
3353 3307 3534 3376 φωνή·
3559 3299 3713 3370 οὗτος

2123 3395 2198 3460 ὼς
2235 3395 2294 3460 ἐξ
2321 3395 2500 3449 αὐτῶν
2527 3395 2638 3448 τῶν
2667 3393 2762 3448 τοῦ
2793 3393 3123 3466 παραδείσου
3159 3394 3369 3450 ἀδύτων
3400 3394 3712 3466 φθεγγόμε-

2123 3505 2235 3552 νος,
2267 3487 2395 3542 ἔνθα
2425 3487 2535 3540 τῶν
2586 3488 2842 3558 ἀρρήτων
2883 3486 3146 3558 ῥημάτων
3191 3487 3456 3556 αὐτήκοος
3483 3486 3673 3556 γέγονε
3694 3503 3709 3515 ο
3817 3554 3819 3556 η

2129 3579 2328 3653 μᾶλλον
2353 3580 2411 3634 δὲ
2437 3579 2514 3643 ὡς
2541 3578 2601 3644 ἐξ
2633 3577 2797 3632 αὐτοῦ
2823 3579 2915 3632 τοῦ
2938 3578 3129 3650 θρόνου
3158 3578 3253 3636 τοῦ
3286 3578 3491 3650 ὑψηλοῦ
3521 3596 3581 3634 τε
3617 3579 3714 3633 καὶ

2131 3671 2439 3743 ἐπηρμένου
2458 3672 2557 3742 τῆς
2594 3671 2752 3742 δόξης
2797 3671 2927 3726 ἔνθα
2975 3672 3346 3742 παρίσταταιτ
3381 3671 3716 3742 προπομπὴν

2127 3765 2346 3836 ἔντιμον
2375 3766 2441 3836 τῇ
2471 3763 2725 3834 παρούσῃ
2746 3763 2876 3833 ἁγίᾳ
2905 3762 2998 3816 καὶ
3022 3764 3328 3833 Δεσποτικῇ
3356 3759 3714 3832 ἑτοιμαζόμε-

2127 3872 2216 3918 νος
2266 3855 2448 3935 ἑορτῇ,
2499 3852 2636 3924 πρὸς
2671 3851 2938 3934 ὑποδοχὴν
2971 3849 3064 3904 τοῦ
3096 3850 3360 3921 βασιλέως
3385 3849 3484 3920 τῆς
3511 3847 3671 3919 δόξης
3695 3864 3712 3880 ·

2128 3944 2382 4018 καθάπερ
2443 3944 2566 4000 τινὰ
2614 3942 3033 4015 μυστικωτάτην
3093 3941 3418 4012 σύγκλητον,
3486 3939 3578 3994 τὸν
3613 3940 3716 4011 τῆς

2141 4033 2469 4105 Ἐκκλησίας
2517 4033 2666 4102 λαὸν,
2712 4031 2775 4086 τὸ
2802 4030 3071 4102 βασίλειον
3112 4032 3412 4102 ἱεράτευμα
3440 4029 3712 4100 στιχηδὸν,

2127 4125 2202 4189 ὡς
2221 4125 2286 4178 ἂν
2307 4143 2389 4188 τις
2412 4124 2577 4188 εἴποι,
2619 4122 3028 4195 παρασκευάζει
3067 4122 3167 4192 τῆς
3197 4123 3535 4193 εὐσχήμονος
3560 4121 3717 4175 πολι-

2128 4217 2280 4280 τείας
2300 4216 2399 4288 τὴν
2427 4215 2600 4280 τάξιν,
2632 4215 2862 4286 ρυθμίαν
2894 4231 2950 4267 τε
2988 4213 3084 4267 καὶ
3107 4212 3473 4284 εὐαρμοστίαν
3505 4213 3719 4266 διατατο

2128 4306 2352 4377 τόμενός
2378 4323 2564 4376 φησιν,
2603 4303 2899 4373 Ἀδελφοί,
2931 4301 3020 4371 μὴ
3073 4303 3282 4356 παιδία
3316 4303 3558 4371 γίνεσθε
3586 4299 3717 4367 ταῖς

2130 4399 2368 4469 φρεσὶν,
2404 4399 2566 4452 ἀλλὰ
2595 4397 2668 4466 τῇ
2694 4399 2872 4466 κακίᾳ
2892 4395 3203 4464 νηπιάζετε
3223 4413 3236 4426 ·
3272 4394 3400 4460 ταῖς
3424 4393 3493 4448 δὲ
3530 4392 3710 4463 φρεσὶ

2132 4493 2344 4549 τέλειοι
2399 4493 2661 4562 γίνεσθε.
2705 4491 2861 4545 Οὕτω
2912 4491 3020 4561 γὰρ
3052 4487 3131 4560 τῷ
3186 4486 3485 4559 παντελείῳ
3513 4488 3606 4539 καὶ
3635 4486 3722 4539 aio

2132 4588 2276 4658 ωνίῳ
2315 4585 2455 4656 Θεῷ,
2546 4585 2644 4656 τὴν
2671 4585 2978 4656 πανήγυριν
3008 4582 3212 4652 ἄγομεν
3255 4583 3514 4650 σήμερον.
3544 4578 3621 4651 τῷ
3649 4578 3721 4630 δι’

2133 4681 2281 4750 ἡμᾶς
2320 4678 2462 4732 κατὰ
2515 4676 2696 4748 σάρκα
2745 4675 2831 4728 ἐπ’
2866 4675 3111 4745 ἐσχάτων
3141 4675 3498 4746 νηπιάσαντιο
3557 4671 3618 4736 ἐξ
3653 4664 3721 4723 οὗ

2135 4772 2244 4825 πᾶν
2296 4769 2527 4840 δώρημα
2557 4768 2652 4821 καὶ
2691 4765 3070 4820 τελειωτικόν·
3118 4765 3198 4837 τῷ
3240 4764 3337 4836 τὴν
3374 4762 3515 4819 κατὰ
3557 4763 3723 4832 φύσιν

2135 4862 2433 4934 ὑπερφυῶς
2477 4860 2580 4930 τῆς
2611 4859 2810 4931 ἀρετῆς
2843 4859 3156 4929 τελειότητα
3184 4859 3278 4911 καὶ
3315 4859 3372 4911 ὲν
3409 4857 3488 4928 τῷ
3509 4857 3722 4928 ἀνθρωο

455 4959 624 5002 mente
654 4950 871 5019 perfecti
894 4960 1057 5005 estote
1083 4954 1122 5006 ί.
1159 4952 1252 5007 Sic
1297 4953 1443 5008 enim
1482 4967 1607 5008 cum
1642 4953 1751 5008 Deo
1789 4953 2032 5024 nudique

2140 4955 2280 5025 πίνῳ
2335 4951 2528 5008 ἑαυτοῦ
2561 4951 2945 5020 καταστήματι
2981 4949 3308 5014 ὲπτδείξαντι
3351 4948 3631 5019 σύσσωμοί
3657 4967 3722 5003 τε

453 5041 701 5110 perfecto
729 5058 794 5098 ac
834 5045 1170 5114 sempiterno
1203 5046 1291 5100 cui
1330 5047 1630 5102 solemnem
1659 5047 1817 5101 hodie
1831 5053 2032 5102 coetum

454 5137 621 5200 atque
637 5142 972 5189 conventum
992 5137 1206 5206 agimus
1219 5145 1386 5207 atque
1403 5139 1771 5202 celebramus,
1792 5137 1882 5208 qui
1905 5152 2033 5207 pro-

457 5228 576 5288 pter
591 5236 692 5275 nos
707 5223 1008 5278 secundum
1026 5240 1247 5281 carnem
1269 5229 1322 5281 in
1343 5228 1555 5283 ultimis
1576 5229 1919 5299 temporibus
1953 5229 2034 5284 in-

458 5311 582 5366 fans
599 5311 725 5376 fuit.
753 5329 817 5368 ex
842 5330 951 5385 quo
971 5331 1134 5374 omne
1153 5317 1359 5373 donum
1383 5327 1551 5390 atque
1564 5320 1829 5390 perfectio
1883 5320 2036 5376 exsi-

459 5402 578 5466 stit,
595 5402 684 5471 qui
709 5404 1011 5459 naturalem
1031 5408 1248 5462 virtutis
1262 5408 1652 5477 perfectionem
1669 5411 1834 5465 etiam
1851 5411 1905 5466 in
1925 5411 2031 5466 hu-

461 5509 623 5551 mana
643 5509 741 5550 sua
757 5495 1074 5554 conditione
1093 5515 1155 5554 ac
1174 5508 1318 5556 statu
1346 5504 1681 5560 excellenter
1703 5519 1768 5559 ac
1799 5503 2033 5559 miriﬁce

461 5584 877 5654 demonstravit,
895 5589 1140 5658 ejusdem
1157 5609 1262 5646 una
1286 5595 1536 5665 corporis
1555 5596 1852 5667 participes
1869 5603 2034 5666 atque

536 5771 554 5808 ¹
595 5773 772 5832 lCor.
809 5791 919 5842 inv,
961 5774 1052 5832 :20.

2137 5044 2232 5096 καὶ
2283 5043 2615 5114 συμμέτοχοι
2650 5039 3017 5110 γενησόμεθα,
3066 5041 3160 5093 καὶ
3198 5041 3334 5110 πρὸς
3357 5040 3524 5110 τιμὴν
3555 5039 3726 5092 αὐτος

2137 5138 2231 5191 καὶ
2259 5137 2418 5202 δόξαν
2456 5136 2489 5206 ἡ
2531 5134 2854 5202 Ἐκκλησίας
2877 5134 3028 5188 ἔσται
3061 5133 3388 5196 συνέλευσις.
3429 5131 3586 5184 Οὕτω
3614 5131 3733 5204 γὰρ

2136 5231 2234 5298 τὴν
2263 5227 2520 5300 ἁρτιγενῆ
2551 5225 2714 5279 αὐτοῦ
2753 5225 3084 5296 σωματικῶς
3119 5225 3437 5294 θεοιράνειαν
3465 5227 3493 5277 ὁ
3520 5241 3735 5294 προφη-

2137 5321 2282 5386 τικὸς
2311 5319 2683 5389 αἰνιττόμενος
2722 5318 2900 5386 λόγος,
2944 5321 3056 5382 τοῖς
3081 5317 3428 5388 χαρακτῆρσι
3467 5318 3565 5386 τῆς
3599 5315 3732 5368 θεο-

2141 5412 2383 5484 πρεποῦς
2412 5409 2576 5465 αὐτοῦ
2615 5410 2925 5479 ὑπογράφει
2955 5410 3312 5480 τελειότητος.
3357 5407 3542 5460 Διότι·
3583 5405 3737 5473 πρὶν

2144 5503 2180 5572 ἣ
2206 5501 2447 5572 γνῶναι,
2470 5501 2624 5571 φησὶ,
2646 5500 2713 5552 τὸ
2735 5500 2976 5554 παιδίον
3001 5499 3193 5553 καλὸν
3214 5499 3251 5566 ἢ
3274 5497 3479 5563 κακὸν,
3499 5497 3741 5551 ἀπειθεῖ

2141 5592 2434 5662 πονηρίᾳ,
2481 5588 2790 5654 ἑκλέεεται
2830 5591 2894 5644 τὸ
2937 5587 3182 5660 ἀγαθὸν,
3229 5588 3365 5647 ὅπερ
3404 5587 3580 5657 ἄκρας
3633 5588 3737 5640 xal.
