4092 6378
431 369 570 424 1-255

1564 355 1651 409 DE
1691 353 2018 412 OCCU’RSU
2059 353 2314 420 DUMlNI,
2359 353 2514 410 ETC.

3549 345 3694 417 ιιδι

426 487 772 558 τελειοτάτης
829 483 1152 558 διακρίσεώς
1205 501 1264 535 τε
1327 481 1420 534 καὶ
1473 480 1640 542 ὅντως
1703 479 2016 549 φρονήσεως

2124 486 2410 532 consortes
2456 477 2774 543 evademus,
2842 487 2898 535 ct
2953 473 3210 536 Ecclesiae
3257 488 3565 537 conventus
3617 477 3696 537 illi

427 579 737 652 γνώρισμα.
772 579 919 650 Πρὸς
949 573 1118 648 οὗπερ
1147 576 1294 647 ἡμᾶς
1323 573 1615 645 ὁμοιότητα
1645 569 2016 634 διασκευάζων

427 674 456 724 ὁ
498 671 673 742 μέγας
714 670 1032 734 ἀπόστολος,
1063 669 1124 721 τὸ
1163 665 1426 738 προτεθὲν
1459 662 1623 718 αὐτοῦ
1663 661 2016 716 θεόπνευστον

427 759 607 826 λόγιον
649 759 850 829 ἔφησεν
870 777 883 792 ·
931 758 1007 822 ὡς
1033 759 1092 810 ἑν
1120 757 1295 826 τούτῳ
1327 754 1430 824 τῆς
1461 753 1581 806 κατ’
1611 751 1793 806 είκόνα
1825 769 1881 804 τε
1921 750 2018 804 καὶ

431 851 692 919 ὁμοίωσιν
727 850 1036 917 θεοτευξίας
1063 847 1322 919 ἐμφερῶς
1352 848 1410 899 ἐν
1433 847 1562 916 ἡμῖν
1587 843 2014 914 γνωριζομένης,

434 943 529 994 καὶ
561 943 662 1012 τῆς
688 941 784 995 τοῦ
819 929 1176 1014 πρωτοτύπου
1207 938 1438 1002 κάλλους
1467 936 1893 1008 ὑπεραγιότητος
1925 953 2010 1004 γι-

430 1033 800 1104 νωσκομένης.

2119 569 2314 622 honori
2342 570 2468 635 erit,
2498 580 2552 626 et
2583 569 2810 641 gloriam
2842 571 2964 642 ejus
2999 572 3239 644 augebit.
3272 571 3366 626 Sic
3401 573 3546 627 enim
3597 589 3701 626 nu—

2120 675 2214 730 per
2251 663 2491 730 genitam
2549 663 2673 731 ejus
2730 663 2783 716 in
2819 678 3050 734 corpore
3102 665 3343 719 divinam
3395 664 3699 734 apparitio-

2121 768 2242 806 nem
2277 754 2455 809 oratio
2490 755 2807 825 prophetica
2841 756 3106 810 involutis
3163 771 3228 810 ac
3282 757 3444 810 tectis
3508 756 3700 810 verbis

2119 845 2465 915 signiﬁcans,
2507 848 2681 918 signis
2727 858 2782 904 et
2844 848 3034 920 ﬁguris
3091 855 3339 919 augustae
3388 863 3454 903 ac
3499 848 3700 902 divina:

2121 935 2476 1005 periecﬁouis
2503 936 2624 1006 ejus
2657 953 2751 1008 per
2781 939 2897 994 luet:
2935 938 3100 993 verba
3131 936 3395 993 describit
3432 956 3446 992 :
3481 951 3696 1006 nempe.

2123 1027 2448 1098 Priusquam
2510 1041 2706 1094 nosset,
2764 1032 2947 1103 inquit
2988 1036 3030 1097 ⁸,
3090 1031 3301 1100 puellus
3396 1030 3590 1083 bonum
3649 1038 3700 1082 et

431 1125 657 1185 malum,
698 1141 807 1179 non
843 1125 1186 1192 obtemperat
1216 1120 1582 1191 improbitati,
1612 1119 2020 1190 eligetbonum,
2061 1134 2183 1190 quae
2223 1134 2314 1175 res
2377 1123 2576 1178 summi
2641 1125 3140 1197 perfectissimique
3173 1125 3391 1194 jutlicii,
3441 1123 3700 1176 discreti-

434 1220 580 1281 onis,
614 1233 677 1270 ac
697 1234 838 1273 vera:
857 1217 1167 1290 prudentia:
1198 1217 1412 1286 signum
1435 1222 1490 1269 et
1513 1213 1776 1268 indicium
1830 1220 1935 1268 est.
1997 1214 2078 1268 Ad
2119 1215 2278 1283 cujus
2309 1214 2728 1275 similitudinem
2766 1235 2863 1274 nos
2889 1219 3170 1275 instruens
3193 1235 3430 1288 magnus
3471 1217 3700 1289 Aposto-

434 1308 542 1372 lus,
579 1312 924 1381 propositum
955 1309 1148 1365 divino
1183 1309 1448 1365 instinctu
1481 1307 1652 1363 edidit
1684 1307 2008 1362 oraculum:
2053 1303 2211 1378 quasi
2244 1325 2341 1381 per
2374 1310 2480 1366 hoc
2510 1327 2597 1377 ea,
2627 1329 2749 1384 qua!
2774 1314 2932 1383 juxta
2959 1314 3380 1370 similitudinem
3445 1321 3500 1369 et
3565 1317 3699 1367 Ima-

431 1403 615 1474 ginem
646 1404 897 1458 instituta
925 1412 1010 1460 est
1035 1403 1130 1459 Dei
1156 1401 1449 1458 fabricatio
1475 1400 1529 1454 in
1564 1399 1724 1454 nobis
1773 1415 1837 1453 ex
1879 1400 2188 1468 propinquo
2220 1402 2508 1456 commode
2572 1419 2637 1458 ac
2708 1407 2931 1476 proprie
3008 1405 3307 1470 indicetur,
3376 1403 3700 1476 pritnltivze-

433 1513 541 1568 que
573 1495 999 1568 pulchritudinis
1026 1494 1294 1551 sanctitas
1345 1491 1622 1547 excellens
1679 1502 2013 1562 agnoscatur
2050 1503 2104 1547 ct
2136 1494 2632 1550 animadvertatur.

501 1683 765 1756 Καθάπερ
786 1683 894 1754 γὰρ
917 1680 1128 1752 βασιλεῖ
1153 1679 1261 1733 τῶν
1284 1678 1372 1733 ὑπ’
1398 1679 1562 1734 αὐτοῦ
1591 1679 2015 1751 στρατευμάτων

432 1779 882 1848 προπεμπτήριον
920 1772 1364 1845 ἑτοιμαζομένων
1414 1771 1806 1843 μεγαλαυχίαν,
1844 1788 2012 1844 χρυσ-

427 1844 661 1940 ορόφους
689 1844 862 1922 τεκαῖ
887 1844 1294 1938 ἐξειλεγμένους
1319 1861 1605 1928 εἶναιτοὺς
1632 1865 1766 1936 πρὸς
1793 1864 2017 1936 δορυφο-
2049 1844 2090 1898 Β

436 1962 556 2030 ρίαν
583 1958 748 2013 αὑτοῦ
788 1958 1234 2029 συνειλεγμένους
1256 1957 1522 2029 προσῆκε,
1553 1957 1647 2010 καλ¹
1676 1959 1776 2028 τῆς
1806 1955 2015 2009 ἐκείνου

435 2054 563 2117 θέας
589 2054 650 2106 τὸ
673 2052 972 2123 ἐκτῦπωμα
1004 2051 1353 2122 εὐσημότατα
1382 2047 1785 2121 προϐεϐλῆσθαι
1803 2065 1817 2079 ο
1845 2045 2017 2112 οὕτως

434 2147 582 2215 ἡμᾶς
631 2146 930 2212 ἀναγκαῖον
978 2141 1534 2214 μεταμορφουμένους
1570 2142 1637 2211 τῇ
1680 2141 2018 2194 ἀνακαινῐσει

434 2237 526 2292 τοῦ
555 2237 668 2301 νοὸς
697 2236 874 2308 ἡμῶν,
900 2236 994 2288 καὶ
1027 2234 1119 2288 τὸν
1161 2233 1386 2286 παλαιὸν
1437 2232 1720 2303 ἄνθρωπον
1749 2229 2018 2300 ἀποθεμέ-

434 2346 577 2391 νους,
619 2327 713 2380 καὶ
740 2327 838 2397 τῆς
869 2325 1019 2388 θείας
1059 2325 1266 2386 εἰκόνος
1314 2322 1416 2395 τὴν
1463 2323 1745 2394 ὁμοίωσιν,
1788 2322 1930 2376 κατὰ
1959 2322 2020 2375 τὸ

437 2420 656 2490 ἐφικτὸν
677 2417 1004 2489 ἀνθρώποις,
1042 2417 1100 2470 ἑν
1145 2417 1358 2480 ἑαυτοῖς
1395 2416 1820 2486 περιφέροντας,
1848 2413 2021 2478 οὕτως

435 2517 492 2567 ἑν
519 2516 638 2576 ταῖς
657 2511 945 2582 σωτηρίοις
974 2511 1068 2564 καὶ
1093 2510 1490 2580 πνευματικαῖς
1513 2509 1758 2579 ἀπαντᾷν
1782 2507 2018 2579 ἑορταῖς,

436 2609 522 2659 ἵνα
548 2607 777 2660 ἕσωνται
804 2606 958 2676 ἡμῖν,
981 2602 1123 2658 κατὰ
1157 2603 1250 2656 τὸν
1280 2601 1374 2655 τοῦ
1411 2603 1691 2674 προφήτου
1719 2601 1896 2670 λόγον,
1928 2621 2023 2672 νη-

439 2699 588 2750 στεία
624 2699 657 2766 ἡ
679 2696 933 2766 τετάρτη,
965 2696 1059 2748 καὶ
1081 2693 1304 2764 νηστεία
1331 2695 1365 2764 ἡ
1405 2694 1650 2764 πέμπτη,
1678 2694 1772 2746 καὶ
1799 2692 2021 2762 νηστεία

438 2793 472 2861 ἡ
507 2791 728 2860 ἑϐδόμη,
763 2791 858 2843 καὶ
888 2786 1113 2855 νηστεία
1145 2789 1178 2857 ἡ
1211 2785 1409 2857 δεκάτη
1445 2788 1523 2849 είς
1557 2784 1894 2856 εὐφροσύνην
1927 2785 2021 2836 καὶ⁸

439 2888 517 2949 εἰς
549 2883 742 2954 ἑορτάς
761 2882 990 2950 ἀγαθάς.
1024 2881 1136 2950 Τῆς
1158 2879 1410 2948 νηστείας
1439 2877 1796 2946 άναγωγικῶς
1820 2877 2021 2948 δηλαδὴ

437 2977 758 3046 νοουμένης.
819 2976 876 3028 ἑν
922 2972 1000 3042 τῷ
1049 2973 1147 3042 τῆς
1195 2971 1406 3040 ἀποχῆς
1445 2988 1502 3022 τε
1557 2973 1651 3023 καὶ
1690 2969 2020 3041 ἐγκρατείας

440 3066 641 3128 παντὸς
661 3062 956 3135 μολυσμοῦ,
978 3063 1071 3114 καὶ
1085 3059 1281 3130 σαρκός
1304 3077 1359 3111 τε
1381 3059 1470 3110 καὶ
1488 3058 1794 3128 πνεύματος
1814 3056 2017 3125 τρόπῳ.

441 3160 538 3212 Διὰ
566 3158 674 3228 γὰρ
704 3155 960 3226 τετράδος
985 3170 1044 3206 τε
1073 3152 1167 3205 καὶ
1208 3151 1486 3221 πέμπτης,
1525 3150 1619 3202 καὶ
1651 3147 1756 3220 μὴν
1790 3147 2021 3218 ἑϐδόμης

441 3267 499 3302 τε
543 3249 638 3302 καὶ
695 3248 929 3317 δεκάτης
963 3247 1112 3299 πᾶσα
1141 3243 1376 3315 σαρκική
1407 3259 1466 3294 τε
1512 3243 1606 3295 καὶ
1643 3240 1722 3311 τῷ
1753 3240 2020 3305 εὐεξαπα-

439 3342 586 3411 τήτῳ
613 3339 721 3392 τῶν
748 3338 1052 3408 αἰσθήσειιιν
1102 3336 1406 3407 προσφυὴς.
1442 3333 1535 3388 καὶ
1565 3333 1641 3404 τῷ
1671 3333 1898 3404 παρόντι
1925 3331 2022 3403 βίῳ

443 3432 834 3502 συγκλειομένη
862 3429 1187 3499 σημαίνεται
1232 3428 1484 3498 ἔμφασίς.
1519 3425 1629 3495 Τὴν
1649 3423 1756 3495 γὰρ
1785 3440 2022 3495 σωματι-

443 3523 690 3593 κωτέραν
723 3539 781 3574 τε
813 3522 906 3575 καὶ
934 3521 1260 3592 φιλόσαρκον
1295 3517 1574 3588 διαγωγὴν
1599 3516 1686 3568 διὰ
1713 3516 1811 3585 τῆς
1829 3515 2024 3586 τετρά-

439 3616 528 3678 δος
548 3614 908 3684 μανθάνομεν,
933 3613 1006 3676 ὡς
1023 3614 1086 3665 ἐκ
1109 3610 1390 3681 τεσσάρων
1413 3608 1690 3678 στοιχείων
1711 3606 1816 3660 τῶν
1838 3605 2023 3676 σωμά-

439 3725 549 3760 των
575 3704 1035 3777 συγκεκραμένων
1056 3721 1070 3733 ⁸
1097 3703 1156 3755 τὸ
1189 3701 1245 3756 δὲ
1271 3700 1358 3754 διὰ
1389 3699 1498 3752 τῶν
1527 3698 1829 3767 αἰσθήσεων
1854 3695 2024 3749 εὐόλι-

445 3798 570 3850 σθον
597 3796 690 3867 (ὡς
730 3796 891 3849 πέντε
915 3792 1321 3856 καθεστωσῶνὶ,
1348 3793 1410 3844 τὸ
1436 3791 1534 3860 τῆς
1571 3791 1824 3860 πέμπτης
1852 3789 2023 3860 ὄνομα

442 3889 839 3942 ὑπαινίσσεται.
863 3882 932 3940 ¹ἸΙ
959 3886 1160 3955 ἑϐδόμη
1195 3883 1249 3938 δὲ
1267 3927 1280 3947 ,
1307 3884 1401 3937 καὶ
1425 3881 1566 3936 κατὰ
1589 3882 1677 3935 τὸν
1704 3881 2022 3952 Σολομῶντα

441 3982 532 4036 τὸν
553 3985 631 4046 είς
654 3981 843 4035 ἑαυτδν
862 3975 1233 4049 ἑϐδοματικῶς
1263 3972 1569 4044 ἀνακυκλού
1578 3990 1735 4043 μενον
1756 3972 1851 4041 τῆς
1873 3972 2023 4024 κάτω

441 4076 646 4145 λήξεως
667 4072 836 4127 αίῶνα
865 4060 1149 4144 ἐμφαίνειν
1178 4067 1486 4121 ἐπίσταται.
1509 4067 1579 4118 Ἦ
1604 4082 1664 4135 γε
1694 4066 1799 4136 μὴν
1821 4065 2021 4134 δεκάτη

441 4169 537 4221 τοῦ
592 4167 740 4230 ἐντὸς
777 4163 1064 4234 ἀνθρώπου
1115 4160 1212 4232 τὴν
1256 4158 1364 4212 τῶν
1397 4156 1701 4228 αἰσθήσεων
1756 4155 2022 4227 κάθαρσιν

443 4259 580 4330 πρὸς
613 4258 681 4312 τά
708 4257 903 4322 ἔξωθεν
936 4254 1246 4324 ἀνηγμένου
1297 4249 1674 4302 ὑποδείκνυσιν
1702 4265 1716 4278 ο
1759 4247 1897 4300 ὥστε
1933 4248 2022 4300 τὸν

441 4350 536 4404 τοῦ
567 4349 659 4403 νοῦ
694 4347 967 4416 ὀφθαλμὸν
1022 4342 1226 4399 ἁπλοῦν
1259 4360 1318 4394 τε
1369 4341 1462 4395 καὶ
1494 4340 1688 4410 διαυγῆ
1734 4340 2018 4408 ὑπάρχειν,

447 4443 532 4496 ἵνα
563 4443 682 4496 ὅλον
706 4440 766 4493 τὸ
801 4438 958 4509 σῶμα
1003 4435 1264 4506 φωτεινὺν
1308 4433 1484 4493 ἔσται,
1516 4431 1590 4495 ὥς
1613 4449 1744 4502 φησι
1777 4432 1836 4484 τὸ
1870 4432 2022 4498 ἆγιον

443 4645 532 4680 ται
559 4620 928 4694 ἁγαλλιάσεώς
943 4637 1001 4673 τε
1033 4619 1127 4672 καὶ
1145 4614 1504 4688 εὐφροσύνης,
1533 4617 1598 4683 ἣν
1629 4613 2020 4684 ἀκουτισθῆναι

445 4719 539 4771 καὶ
577 4715 741 4769 Δαϐὶδ
763 4717 790 4768 ὁ
825 4713 996 4783 μέγας
1021 4710 1309 4780 ἐπεύχεται
1335 4724 1347 4736 ·
1383 4708 1483 4776 τὴν
1511 4706 1568 4759 δὲ
1601 4706 1895 4777 γευστικὴν
1926 4707 2022 4759 αὐ-

443 4809 544 4878 τῆς
569 4807 796 4878 δύναμιν
835 4806 892 4856 ὲν
919 4804 984 4873 τῇ
1018 4800 1112 4854 τοῦ
1167 4799 1374 4870 Κυρίου
1417 4795 1859 4867 ὲγγεγυμνᾶσθαι
1890 4815 2016 4868 χρη.

446 4902 681 4972 στότητι,
723 4899 798 4962 ὡς
838 4899 866 4950 ὁ
896 4895 1111 4966 ψάλλων
1148 4895 1203 4946 ἑν
1238 4893 1544 4964 προφήταις
1598 4890 2023 4960 ἀναφθέγγεται,

444 4996 539 5052 καὶ
573 4993 630 5047 ἑν
647 4989 928 5060 ἀντιλήψει
962 4988 1058 5057 τῆς
1082 4986 1175 5039 τοῦ
1205 4983 1440 5055 Χριστοῦ
1465 4983 1710 5045 εὐωδίας,
1746 4983 1811 5054 ἢν
1832 4984 1860 5036 ὁ
1880 4981 2024 5046 θεῖος

443 5087 657 5147 Παῦλος
691 5083 948 5145 ἀπέπνεε,
978 5078 1075 5150 τὴν
1105 5074 1604 5148 ὀσφραντικὴνὲξιν
1634 5073 2018 5128 καθίστασθαι·

444 5181 540 5236 καὶ
567 5181 688 5242 ταῖς
720 5175 827 5229 ἔσω
856 5176 952 5245 τῆς
978 5170 1303 5242 διακρίσεως
1338 5169 1495 5241 χερσὶ
1519 5167 1776 5238 ψηλαφᾷν
1815 5167 1906 5220 τὸν
1929 5168 2020 5220 λό-

443 5289 538 5341 γον
576 5270 675 5340 τῆς
731 5266 896 5337 ζωῆς,
920 5265 995 5327 ὼς
1027 5263 1174 5333 ὁτῆς
1215 5261 1442 5332 βροντῆς
1489 5262 1602 5323 uec
1647 5258 2016 5329 διηγόρευσεν.

454 5363 517 5415 'll
550 5361 658 5433 γὰρ
693 5363 750 5414 ἑν
775 5357 994 5420 τούτοις
1013 5354 1120 5408 τῶν
1154 5351 1358 5424 νοητῶν
1389 5349 1691 5422 αἰσθήσεων
1720 5349 2015 5421 γυμνασία,

443 5455 500 5505 ὲν
526 5454 594 5522 τῇ
621 5451 729 5503 τῶν
751 5448 1008 5503 ἑναντίων
1026 5444 1235 5508 τούτοις
1259 5443 1436 5513 ἀποχῇ
1463 5459 1523 5494 τε
1553 5443 1645 5495 καὶ
1670 5439 2021 5510 ἀλλοτριώσει

443 5543 541 5614 τὴν
566 5540 963 5610 ἐπαινουμένην
995 5537 1146 5609 παρὰ
1166 5535 1300 5588 Θεοῦ
1326 5533 1580 5604 νηστείαν
1607 5531 2018 5604 ἀπεργάζεσθαι

444 5634 690 5702 πέφυκεν
710 5647 723 5663 ο
753 5630 896 5684 οὓτω
920 5647 978 5686 τε
1001 5626 1299 5700 κατορθοῦν
1322 5627 1468 5698 ἡμᾶς
1498 5625 1834 5696 περιγίνεται
1861 5624 1921 5677 τὸ
1948 5626 2016 5695 τῇ

516 5814 662 5868 'lsa.
701 5825 799 5876 vn,
838 5807 958 5884 16,,
1000 5807 1020 5838 ³
1052 5773 1216 5860 Zach.
1247 5818 1365 5871 vm,
1411 5801 1498 5858 l9.
1577 5802 1597 5831 ⁸
1632 5799 1818 5856 Matth.
1893 5817 1968 5868 vr,
2017 5800 2110 5858 29..

2049 3208 2091 3265 C

2193 1677 2660 1746 Quemadmodum
2687 1681 2985 1746 enim,cum
3017 1699 3196 1752 regem
3228 1686 3320 1755 qui
3358 1685 3555 1742 subeo
3575 1696 3705 1742 sunt

2120 1773 2400 1826 exercitus
2426 1771 2715 1844 magniﬁca
2751 1789 2946 1844 pompa
2978 1776 3230 1829 comitari
3276 1785 3451 1847 atque
3497 1779 3703 1849 produ-

2122 1876 2248 1915 cere
2281 1871 2501 1930 parant,
2553 1879 2688 1916 auro
2738 1873 2913 1919 tectos
2956 1874 3120 1936 atque
3171 1867 3415 1925 delectos
3470 1884 3615 1937 esse,
3649 1881 3705 1927 et

2125 1951 2317 2007 fortine.
2351 1955 2500 2008 illius
2535 1956 2847 2010 clarissime
2886 1971 3208 2026 expressam
3248 1960 3538 2031 imaginem
3592 1979 3704 2032 prae

2125 2060 2183 2099 se
2212 2044 2354 2099 ferre
2388 2055 2552 2115 atque
2579 2055 2800 2116 gestare
2835 2049 3092 2102 i-onrenit
3115 2064 3234 2108 eos.
3265 2052 3358 2120 qui
3390 2052 3456 2106 ad
3490 2053 3702 2107 satelli-

2127 2136 2262 2190 tium
2291 2146 2345 2191 et
2377 2137 2684 2190 custodiam
2716 2139 2968 2208 corporis
3001 2139 3122 2208 ejus
3155 2141 3374 2195 collecti
3410 2153 3561 2208 sunt,
3605 2160 3702 2199 eo-

2125 2229 2249 2282 dem
2287 2228 2448 2282 modo
2484 2245 2711 2285 necesse
2741 2239 2846 2289 cst.
2877 2237 2938 2284 ut
2978 2247 3077 2285 nos
3116 2235 3472 2290 renovatione
3506 2239 3705 2293 mentis

2125 2330 2179 2375 et
2234 2321 2403 2374 animi
2448 2322 2625 2375 nostri
2677 2325 3051 2393 nosmetipsos
3105 2327 3592 2392 transformantes,
3650 2339 3706 2386 et

2125 2419 2366 2464 veterem
2399 2411 2676 2466 hominem
2723 2412 3082 2483 deponenles.
3139 2427 3192 2470 et
3231 2419 3410 2487 quoad
3459 2420 3707 2476 homines

2128 2501 2180 2554 ἱιΙ
2212 2502 2431 2570 assequi
2474 2514 2728 2572 possunt,
2766 2505 2967 2560 divina:
3001 2507 3257 2579 imaginis
3291 2510 3704 2567 similitudinem

2129 2593 2180 2645 in
2216 2593 2375 2647 nobis
2405 2593 2865 2652 circumferentes
2909 2608 3071 2667 atque
3103 2610 3402 2669 gestantes,
3465 2603 3536 2656 ita
3578 2613 3703 2659 tan-

2127 2683 2250 2738 dem
2306 2685 2360 2738 in
2399 2687 2739 2744 salutaribus
2772 2697 2827 2743 et
2871 2691 3254 2760 spiritualihus
3305 2686 3506 2750 diebus
3553 2700 3706 2753 l'estis

2129 2776 2456 2842 prodeamus
2484 2784 2537 2829 et
2571 2778 2987 2841 convcniamus,
3036 2789 3094 2833 ut
3144 2783 3464 2852 redigantur
3519 2787 3703 2850 nobis,

2122 2866 2277 2935 juxta
2307 2867 2588 2937 propheta:
2614 2869 2946 2935 orationem,
2976 2871 3254 2940 jejunium
3285 2885 3569 2944 quartum,
3614 2879 3703 2946 je-

2123 2958 2339 3027 junium
2365 2960 2641 3027 quintum,
2672 2960 2944 3030 jejunium
2974 2964 3266 3034 septimum
3313 2977 3367 3021 et
3390 2968 3703 3038 a"jejunium

2127 3049 2404 3102 decimum
2441 3051 2493 3103 in
2525 3051 2768 3104 laetitiam
2794 3060 2847 3106 et
2871 3053 3048 3107 bonos
3081 3054 3200 3108 dies
3232 3053 3424 3111 festos.
3479 3057 3578 3113 Ubi
3625 3061 3705 3129 je-

2126 3140 2343 3208 junium
2377 3141 2705 3218 sublimiore
2753 3144 3017 3198 nimirum
3073 3155 3238 3218 atque
3286 3150 3588 3206 exet-lsiore
3638 3168 3704 3207 ac

2127 3233 2362 3303 mystico
2382 3214 2550 3288 sensu
2583 3235 2996 3306 intelligendum
3024 3247 3130 3302 est,
3156 3257 3314 3295 versa
3339 3250 3500 3311 atque
3530 3252 3702 3298 trans-

2125 3324 2235 3377 lata
2290 3325 2703 3394 signiﬁcatione
2734 3327 2800 3381 ad
2852 3335 3273 3398 temperantiam
3307 3340 3362 3388 et
3409 3335 3700 3394 continen-

2125 3415 2255 3468 tiam
2287 3417 2648 3470 alromnihus
2685 3425 2798 3472 tum
2831 3421 3014 3476 carnis
3043 3429 3160 3475 tum
3188 3425 3414 3493 spiritus
3443 3427 3702 3483 sordibus

2123 3514 2176 3559 et
2199 3507 2655 3575 inquinamentis.
2673 3507 2806 3563 Nam
2831 3525 2926 3581 per
2951 3517 3363 3581 quateruarium
3391 3535 3700 3584 numerum,

2124 3597 2373 3669 itemque
2407 3615 2503 3670 per
2529 3601 2899 3669 septenaritnn
2939 3614 2992 3658 et
3024 3605 3309 3660 denarium
3358 3612 3538 3664 omnis
3581 3629 3704 3665 rar-

2126 3691 2290 3753 nalis,
2349 3703 2526 3762 eaque
2592 3709 2713 3762 quae
2776 3693 3032 3751 sensibus
3067 3698 3379 3770 deceptioni
3417 3719 3481 3755 ac
3521 3702 3700 3758 fraudi

2124 3783 2379 3838 obnoxiis
2414 3794 2469 3838 ct
2517 3788 2852 3854 opportunis
2907 3789 3196 3845 latniliaris
3245 3802 3300 3845 ct
3347 3795 3564 3848 addicta
3593 3803 3699 3853 est.

2125 3885 2290 3945 atque
2326 3894 2450 3932 cum
2487 3881 2744 3945 praesenti
2800 3883 3428 3952 mundo"concluditur,
3488 3890 3702 3959 species

2124 3984 2187 4021 ac
2231 3974 2648 4038 repraasentatio
2696 3972 3058 4042 signiﬁcatur.
3112 3974 3246 4028 Nam
3283 3993 3425 4041 eam,
3473 3996 3595 4050 qua:
3649 3991 3703 4035 et

2125 4062 2302 4130 magis
2329 4073 2593 4131 corporea
2627 4067 2681 4118 'et
2725 4067 2910 4120 carnis
2942 4083 3133 4122 amans
3168 4077 3274 4131 est,
3325 4071 3454 4124 vitae
3514 4079 3698 4128 trans-

2123 4155 2396 4207 actionem
2431 4169 2527 4225 per
2569 4159 2988 4225 quaternarium
3041 4173 3330 4214 numerum
3372 4163 3696 4232 accipimus,

2124 4249 2328 4317 quippe
2379 4249 2708 4318 corporibus
2751 4265 2819 4305 ex
2849 4259 3090 4320 quatuor
3136 4253 3425 4309 elementis
3455 4257 3702 4310 contem-

2137 4334 2377 4403 peratis:
2415 4345 2470 4388 at
2501 4351 2587 4400 ea,
2620 4341 2872 4407 qure‘per
2889 4354 3088 4393 sensus
3115 4340 3192 4406 ﬁt,
3214 4341 3280 4395 ad
3311 4343 3524 4413 lapsum
3561 4345 3700 4400 laci-

2096 4439 2098 4442 '
2125 4425 2252 4480 litas
2284 4434 2449 4496 atque
2489 4429 2814 4497 proclivitas
2839 4429 2858 4500 (
2883 4430 3087 4502 quippe
3119 4449 3242 4486 cum
3273 4450 3502 4490 numero
3531 4438 3698 4507 quin-

446 4533 774 4603 Εὖαγγέλιον
797 4549 811 4562 ·
843 4531 878 4600 ἦ
898 4547 955 4582 τε
985 4528 1082 4599 τῆς
1109 4524 1287 4597 ψυχῆς
1313 4524 1452 4594 ἀκοὴ
1481 4525 1580 4593 τῆς
1607 4522 1755 4586 θείας
1791 4522 2023 4614 πληροῦ-
2055 4561 2096 4614 D

2126 4533 2237 4587 que
2268 4519 2421 4590 sint)
2448 4520 2690 4590 quinarii
2724 4522 2945 4577 nomine
2965 4524 3308 4592 designatur.
3342 4527 3702 4598 Septenarius

2124 4621 2256 4663 vero
2274 4626 2537 4666 numerus
2563 4611 2732 4667 etiam
2761 4613 3040 4668 Solomoni
3067 4616 3255 4672 infera:
3274 4627 3482 4673 naturae
3501 4635 3699 4684 aevum,

2125 4701 2272 4772 quod
2305 4717 2402 4772 per
2429 4704 2766 4772 septimanas
2814 4706 2866 4759 in
2920 4709 3277 4778 semetipsum
3302 4697 3620 4765 revolvitur
3647 4720 3702 4767 ct

2127 4793 2182 4847 in
2221 4795 2413 4849 orbem
2446 4796 2607 4860 redit,
2644 4796 2962 4866 signiﬁcare
3010 4800 3170 4853 solet.
3212 4799 3482 4855 Denarius
3516 4815 3698 4858 autem

2129 4901 2393 4941 numerus
2420 4888 2489 4941 ab
2514 4889 2757 4942 cauernis
2786 4889 2851 4942 ad
2877 4891 3237 4946 excelsiorem
3272 4893 3614 4949 intellectum
3646 4903 3701 4950 et

2128 4978 2458 5032 sententiam
2503 4981 2790 5050 mysticam
2839 4982 3200 5037 translatione
3266 4984 3430 5048 facta,
3494 4983 3702 5041 indicat

2128 5068 2329 5123 interni
2361 5069 2597 5124 hominis
2627 5087 2887 5126 sensuum
2919 5075 3396 5144 expurgationem,
3433 5087 3490 5131 ut
3541 5077 3700 5135 oculo

2128 5161 2331 5216 mentis
2379 5170 2433 5214 et
2483 5163 2650 5216 animi
2705 5165 2956 5234 simplice
3010 5173 3176 5236 atque
3229 5167 3503 5238 pellucido
3552 5170 3702 5225 exsi-

2128 5261 2325 5316 stente,
2361 5261 2537 5306 toturn
2569 5269 2770 5324 corpus
2801 5255 3046 5310 lucidum
3097 5260 3192 5324 sit,
3232 5268 3290 5312 ut
3344 5259 3523 5330 inquit
3571 5273 3690 5317 san-

2126 5354 2274 5398 ctum
2311 5343 2734 5416 Evangelium‘:
2768 5349 2966 5402 animus
2997 5349 3123 5403 item
3161 5365 3324 5406 aures
3353 5351 3538 5406 divino
3565 5355 3700 5423 gan-

2130 5438 2223 5492 dio
2265 5449 2431 5508 atque
2475 5440 2662 5493 laetitia
2714 5442 3052 5511 repleantur,
3085 5458 3248 5513 quam
3283 5453 3342 5498 ut
3372 5459 3536 5500 aures
3591 5461 3703 5500 suae

2130 5530 2456 5602 percipiant,
2506 5534 2674 5588 etiam
2743 5550 2975 5606 magnus
3025 5536 3117 5593 ille
3171 5537 3338 5593 David
3402 5549 3700 5609 precatur:

2124 5624 2382 5695 gustandi
2411 5627 2708 5685 autem'vis
2737 5636 2792 5684 et
2822 5627 3055 5686 facultas
3085 5629 3206 5702 ejus
3238 5631 3291 5686 in
3339 5629 3556 5686 Domini
3608 5631 3697 5688 be-
