4092 6378
443 339 585 399 1155
1692 335 1751 390 S.
1791 330 2120 391 GREGORII
2161 328 2458 389 NYSSENI
3572 329 3710 387 “56

357 445 360 448 ’
437 447 710 524 ~nignitate
749 460 915 524 atque
961 451 1356 509 commoditate
1393 457 1741 515 exerceatur,
1801 447 2045 520 proela»

2146 447 2287 520 ιακίᾳ
2318 447 2418 518 μὲν
2451 412 2758 518 νηπιάζειν,
2793 447 2896 520 τῆς
2916 445 3058 504 κατὰ
3080 445 3213 504 Θεὸν
3230 446 3290 503 δὲ
3320 445 3632 520 φρονήσεως
3649 447 3711 500 ἐν

445 551 578 605 mat,
607 550 662 604 et
691 542 746 598 in
782 543 1137 615 perceptione
1157 540 1364 598 Christi
1400 539 1821 608 suavisodoris,
1852 552 2017 608 quem

2146 539 2424 610 τελειότητι
2449 538 2716 608 γίνεσθαι.

447 636 676 691 divinus
708 599 914 690 Pahlus
950 599 1261 698 redolebat,
1315 605 1602 688 odorandi
1639 641 1694 687 et
1729 599 2022 686 olfaciendi
2065 630 2289 687 habitus
2354 599 2768 700 constituatur;
2823 641 2878 687 et
2941 631 3176 688 internis
3230 599 3586 687 discretionis
3649 637 3712 685 et

441 716 638 784 iudicii
667 724 922 779 manibus
951 730 1329 778 contrectetur
1357 722 1584 776 verbum
1618 721 1765 787 vitae,
1792 729 1848 773 ut
1881 719 2107 774 tonitrui
2146 720 2291 776 [ilius
2342 721 2476 777 dicit
2504 722 2546 774 ⁵.
2579 721 2714 777 Nam
2751 723 3244 794 ﬁntellectualium
3307 731 3477 792 atque
3547 719 3716 792 spiri.

449 817 682 871 tualium
715 831 980 871 sensuum
1010 815 1067 869 in
1103 813 1190 868 his
1220 812 1546 868 exercitatio
1586 829 1683 884 per
1736 813 2124 868 abstinentiam
2153 822 2209 869 et
2249 815 2639 872 alienationem
2702 817 2771 873 iis
2831 815 3242 872 contrariorum
3296 816 3514 872 elIicere
3574 816 3718 872 solet

445 913 740 983 jejunium,
792 909 942 982 quod
1003 910 1149 980 apud
1190 908 1362 965 Deum
1418 908 1700 974 laudatur,
1767 917 1933 978 atque
1975 908 2077 963 hac
2112 909 2324 966 ratione
2357 925 2625 982 prospere
2669 912 2828 968 nobis
2864 913 3117 968 succedit
3147 920 3405 978 conatus,
3483 920 3540 967 et
3581 911 3717 967 con-

453 1011 632 1081 tingit,
666 1017 725 1062 ut
747 1009 957 1062 malitia
983 1007 1206 1078 quidem
1233 1003 1469 1059 infantes
1501 1005 1699 1068 simtts,
1760 1004 2070 1075 prudentiae
2108 1020 2259 1072 vero,
2290 1022 2411 1078 quae
2440 1022 2566 1063 cum
2605 1006 2717 1064 Deo
2753 1007 3051 1078 conjuncta
3099 1014 3202 1069 est,
3242 1005 3547 1078 perfectam
3617 1021 3718 1062 co-

453 1104 754 1174 gnitionem
785 1107 841 1155 et
866 1099 1118 1154 habitum
1150 1113 1534 1167 assequamur.
1736 1155 1738 1160 _

526 1195 640 1251 Hoc
671 1192 835 1249 modo
855 1208 958 1248 nos
1013 1191 1248 1262 irrigans
1302 1189 1729 1261 apostolicarum
1774 1188 1940 1243 simul
1972 1203 2037 1243 ac

2207 1193 2394 1255 Οὖτως
2440 1191 2588 1262 ἡμᾶς
2616 1189 2916 1260 ἄρδουσαὴ
2957 1189 3067 1242 τῶν
3108 1186 3482 1242 ἀποπολικῶν
3518 1203 3578 1240 τε
3622 1187 3719 1241 καὶ

429 1289 900 1360 .propbeticarutn
934 1282 1314 1339 doctrinarum
1354 1280 1421 1335 de
1452 1279 1890 1351 scaturiginibus
1919 1280 2027 1350 spi-

2146 1284 2493 1359 προφητικῶν
2508 1282 2851 1353 διδαγμάτων
2879 1283 2942 1334 ἐκ
2961 1279 3068 1333 τῶν
3086 1279 3332 1351 κρουνῶν
3347 1278 3442 1331 τοῦ
3465 1277 3720 1348 Πνεῦμα-

455 1386 594 1438 ritus
619 1379 901 1436 confluens
931 1391 1192 1432 sensuum
1236 1384 1290 1430 et
1337 1372 1713 1429 intellectuutn
1747 1372 2033 1442 majestas,

2146 1396 2228 1442 τος
2261 1377 2564 1450 συρρἐυσα
2595 1374 2938 1445 μεγαλόνοια,
2972 1375 3066 1426 καὶ
3090 1372 3183 1425 τὸν
3207 1370 3300 1424 τοῦ
3319 1370 3451 1425 Θεοῦ
3476 1371 3718 1442 ποταμὸν

453 1484 510 1530 et
539 1488 756 1528 amnem
796 1470 890 1525 Dei
939 1468 1188 1540 mysticis
1239 1467 1397 1538 aquis
1453 1465 1693 1536 replens,
1754 1464 2034 1519 caelestem

2146 1470 2246 1524 τῶν
2275 1469 2549 1541 μυστικῶν
2586 1468 2794 1522 ὑδάτων
2844 1464 3198 1536 πληρώσασα,
3253 1463 3351 1535 τὴν
3400 1464 3720 1535 ἐπουράνιον

455 1569 731 1624 civitatem
767 1563 882 1627 Dei,
915 1578 1036 1632 quae
1066 1576 1132 1615 ex
1183 1559 1647 1631 supramundanis
1671 1558 2037 1627 potestatibus

2146 1563 2294 1616 πόλιν
2322 1560 2416 1615 τοῦ
2439 1560 2596 1627 Θεοῦ,
2621 1561 2722 1628 τὴν
2745 1562 2864 1622 ταῖς
2888 1557 3280 1629 ὑπερκοσμίοις
3317 1553 3720 1628 συγκροτουμέ-

457 1609 731 1624 .ι......-ν...
768 1609 882 1627 ..νη
917 1609 1036 1632 η---
1070 1609 1132 1615 -._
1184 1609 1643 1631 "rem"-
1896 1609 1901 1610 ,
1934 1609 1957 1611 _
2020 1609 2030 1610 ,

456 1658 749 1724 conflatur,
813 1656 980 1725 hujus
1033 1653 1212 1708 amnis
1279 1651 1546 1705 fluctuum
1610 1652 1814 1720 impetu
1870 1648 2036 1703 exbi-
2068 1609 2110 1663 Β

458 1755 637 1806 lar-are
709 1749 848 1816 scit,
913 1757 973 1802 ut
1040 1745 1400 1817 psalmodiam
1468 1744 1803 1798 clamantem
1878 1740 2037 1794 audi-

458 1842 717 1898 vimus“.
769 1839 986 1896 Etenim
1037 1846 1261 1893 sanctus
1323 1849 1690 1906 supernorum
1742 1832 2038 1903 spirituum

459 1943 659 1999 cretus,
709 1932 996 1988 hominum
1069 1929 1247 1984 salute
1315 1927 1662 1982 vehementer
1714 1925 2038 1980 delectatur.

459 2024 597 2079 Nam
654 2023 728 2078 ita
788 2023 1044 2078 caelestes
1098 2020 1330 2090 spiritus
1362 2018 1731 2072 communiter
1775 2032 1884 2071 una
1915 2031 2040 2070 cum

461 2117 703 2172 terrenis
733 2115 854 2170 dies
882 2113 1056 2170 festos
1086 2111 1478 2167 concelebrare
1521 2109 1722 2176 solent,
1767 2109 2044 2164 terrestri‘

463 2211 566 2265 bus
591 2207 851 2262 nimirum
873 2203 1180 2274 angelicam
1203 2203 1370 2256 vitam
1397 2202 1883 2272 amplectentibus.
1905 2200 2041 2254 Cum

459 2301 606 2356 enim
635 2297 781 2354 Deus
838 2303 1026 2351 noster
1058 2294 1168 2360 hic,
1221 2307 1386 2362 quem
1437 2300 1567 2346 ante
1610 2291 2043 2347 demonstrando

465 2391 730 2462 propheta
758 2386 1135 2442 manifestavit
1167 2399 1231 2440 ac
1259 2383 1585 2454 divulgavit,
1607 2383 1662 2437 itt
1695 2392 1839 2438 terra
1869 2383 2040 2444 visus,

461 2491 517 2535 et
544 2495 652 2534 una
693 2493 818 2534 cum
859 2475 1180 2532 hominibus
1219 2484 1580 2530 conversatus
1603 2475 1622 2506 ⁷
1650 2482 1755 2536 est,
1789 2489 1852 2528 ac
1881 2489 2044 2544 supe-

463 2589 582 2628 ram
615 2571 1014 2628 beatitudinem
1040 2569 1096 2623 in
1127 2576 1274 2623 terra
1298 2568 1531 2639 plantari
1564 2566 1740 2636 angeli
1769 2567 2043 2630 viderunt,

465 2663 651 2720 Gloria
679 2663 734 2716 in
764 2660 985 2716 excelsis
1017 2659 1127 2712 Deo
1163 2657 1602 2729 proclamabant,
1639 2667 1694 2711 et
1733 2657 1791 2711 in
1844 2665 2044 2710 terram

463 2757 619 2829 pacis
653 2756 857 2810 bonum
902 2753 1154 2808 nuntium
1200 2749 1566 2822 apportabant
1600 2748 1621 2780 ⁸
1644 2751 1886 2821 (quippe
1919 2764 2044 2804 cum

463 2848 650 2903 divina
681 2847 824 2902 bona
854 2844 1110 2900 voluntas
1151 2851 1206 2898 et
1252 2840 1470 2898 affectio
1519 2841 1574 2896 iu
1611 2841 1926 2897 hominibus
1955 2856 2049 2895 ac-

2138 1673 2234 1724 νην
2259 1655 2542 1725 δυνάμεσι,
2601 1656 2715 1716 τοῖς
2748 1651 2842 1706 τοῦ
2876 1649 3121 1721 ποταμοῦ
3178 1650 3367 1704 τούτου
3405 1651 3719 1721 όρμήμασιν

2138 1746 2450 1815 εὐφραίνειν
2505 1745 2814 1807 ἐπίσταται,
2865 1743 2941 1807 ὼς
2994 1743 3094 1814 τῆς
3146 1742 3464 1813 ψαλμῳδίας
3509 1741 3720 1812 βοώσης

2140 1835 2469 1906 ἠκούσαμεν.
2507 1834 2609 1888 Καὶ
2641 1836 2751 1906 γάρ
2785 1833 2947 1905 ἡτῶν
2975 1835 3086 1889 ἄνω
3113 1834 3438 1904 πνευμάτων
3466 1833 3595 1902 ἁγία
3621 1835 3722 1904 ὁμ-

2140 1930 2336 2000 ήγυρις
2350 1930 2414 1999 τῇ
2432 1925 2538 1980 τῶν
2555 1926 2652 1980 ἀνθ
2664 1927 2858 1998 ρώπων
2876 1925 3118 1998 σωτηρίᾳ
3132 1925 3254 1979 λίαν
3273 1925 3542 1995 ἐφήδεται.
3565 1923 3722 1976 Οὕτω

2140 2019 2250 2090 γὰρ
2285 2021 2436 2089 κοινῇ
2463 2017 2855 2088 πανηγυρίζειν
2877 2017 2973 2071 σὺν
2993 2018 3104 2080 τοῖς
3123 2016 3381 2084 ἐπιγείοις
3408 2015 3476 2068 τά
3497 2014 3723 2084 οὐράνια

2142 2108 2352 2174 εἴωθεν,
2419 2109 2518 2178 τὴν
2568 2107 2956 2178 ἀγγελοπρεπῆ
3017 2106 3293 2159 πολιτείαν
3338 2105 3446 2158 τῶν
3493 2105 3583 2158 ἐπὶ
3616 2103 3724 2174 γῆς

2142 2200 2558 2271 ἀσπαζομένων.
2587 2201 2654 2253 '0
2675 2217 2736 2253 τε
2757 2199 2867 2271 γὰρ
2895 2201 2923 2253 6
2950 2198 3081 2262 Θεὸς
3111 2197 3266 2269 ἡμῶν
3292 2191 3466 2262 οὗτος,
3497 2196 3555 2249 ὃν
3585 2212 3722 2264 προ-

2141 2293 2426 2357 δεικτικῶς
2447 2295 2475 2346 ό
2508 2294 2794 2364 προφήτης
2823 2291 3148 2364 διήγγειλεν,
3175 2291 3267 2343 ἐπὶ
3299 2290 3398 2360 τῆς
3417 2290 3517 2360 γῆς
3541 2287 3722 2360 ὤφθη,

2145 2387 2238 2440 καὶ
2263 2390 2373 2449 τοῖς
2401 2383 2706 2458 ἀνθρώποις
2743 2383 3177 2455 συνανεστράφη,
3211 2381 3306 2435 καὶ
3348 2381 3445 2451 τὴν
3480 2381 3592 2433 ἄνω
3620 2397 3727 2448 μα-

2147 2479 2444 2551 καριότητα
2486 2479 2577 2530 ἐπὶ
2609 2479 2712 2548 γῆς
2750 2474 3119 2545 φυτευομένην
3156 2472 3448 2526 ἐθεάσαντο
3482 2469 3722 2540 ἄγγελοι,

2147 2573 2305 2638 Δόξα
2339 2573 2408 2626 ἐν
2438 2572 2725 2640 ὑψίστοις
2754 2568 2896 2634 Θεῷ,
2925 2566 3342 2638 ἀνεφθέγγοντο,
3382 2566 3475 2618 καὶ
3505 2565 3596 2617 ἐπὶ
3619 2564 3726 2633 γῆς

2149 2668 2370 2738 εἰρήνην
2404 2662 2817 2736 εὐηγγελίζοντο
2847 2661 3017 2732 (Θείας
3052 2659 3298 2722 εὐδοκίας
3323 2659 3381 2710 ἐν
3418 2656 3727 2729 ἀνθρώποις

2147 2756 2563 2827 γεγενημένης)ο
2591 2755 2732 2808 οὕτω
2763 2771 2821 2807 τε
2849 2754 2948 2816 τῆς
2974 2752 3123 2815 θείας
3147 2750 3488 2822 λειτουργίας
3516 2749 3729 2819 ἐξαίρε-

2149 2867 2239 2903 τον
2269 2849 2363 2901 καὶ
2391 2849 2558 2910 ὅντως
2588 2845 2826 2918 καθαρόν
2860 2863 2917 2898 τε
2943 2845 3036 2898 καὶ
3072 2845 3402 2915 μονότροπον
3435 2842 3729 2913 αὐχοῦντες

465 2941 767 3012 quievisset
791 2939 834 3010 ),
867 2945 1034 3008 atque
1067 2936 1144 2992 ita
1171 2935 1346 2992 divini
1376 2934 1538 2991 ofﬁcii
1565 2945 1731 3005 atque
1755 2935 2045 2990 ministerii

2148 2943 2196 2994 οί
2219 2941 2325 2994 τῶν
2351 2941 2520 3009 ἁγίων
2541 2939 2788 3007 ἀγγέλων
2823 2939 3082 3009 μακάριοι
3127 2937 3323 2998 θίασοι,
3359 2935 3458 3006 τῆς
3495 2933 3730 3005 ἀληθοῦς

464 3033 724 3088 eximiam
756 3045 821 3086 ac
859 3045 988 3086 vere
1023 3043 1240 3100 puram,
1275 3028 1658 3098 integramque
1708 3038 1762 3082 et
1797 3027 2044 3099 singula-

465 3138 582 3179 rem
614 3123 884 3178 rationem
905 3120 1195 3176 laudantes
1220 3128 1274 3174 et
1293 3119 1623 3175 extollentes
1646 3119 1789 3174 beati
1821 3127 2046 3174 sancto-

466 3231 590 3270 rum
624 3214 942 3286 angelorum
967 3223 1170 3277 caatus,
1190 3227 1442 3281 veraeque
1469 3212 1781 3267 sanctitatis
1809 3212 1866 3266 in
1887 3211 2046 3266 nobis

465 3307 625 3378 signa
657 3314 972 3372 cernentes,
1009 3319 1120 3358 non
1153 3302 1530 3371 aspernandos
1560 3313 1613 3358 et
1650 3302 2043 3374 repudiandos,

467 3397 963 3467 (quemadmodum
1015 3395 1345 3464 evangelica:
1405 3394 1788 3451 similitudinis
1865 3409 2047 3450 sermo

466 3505 533 3542 ex
568 3487 777 3558 nuptiis
810 3484 1018 3542 divinis
1042 3485 1384 3550 abstractum
1413 3493 1468 3538 et
1487 3483 1724 3554 ejectum
1745 3481 1876 3536 facit
1897 3498 2044 3549 euttt,

467 3583 561 3653 qui
590 3591 739 3636 veste
757 3577 983 3635 sordida
1009 3578 1243 3633 amictus
1283 3578 1446 3642 erat’,
1478 3577 1574 3633 sed
1605 3577 1806 3647 dignos
1831 3576 2047 3646 judica-

470 3676 644 3738 bunt,
683 3673 778 3743 qui
829 3671 1180 3742 sempiterna:
1232 3669 1432 3725 latitia:
1483 3669 1622 3725 socii
1674 3682 2041 3724 assumamur.

471 3764 683 3819 Etenim
714 3762 936 3834 quando
974 3762 1126 3818 circa
1167 3761 1508 3833 primitivum
1539 3771 1592 3816 et
1635 3760 1904 3830 originale
1951 3760 2047 3828 (ut

469 3860 551 3914 sic
576 3856 848 3928 dixerim)
883 3863 1099 3926 tempus
1132 3853 1424 3925 praesentis
1469 3853 1576 3908 diei
1611 3852 1734 3908 festi
1785 3853 2044 3918 instituti,

469 3954 536 4018 is,
563 3952 657 4023 qui
687 3950 861 4005 forma
882 3949 1068 4004 divina
1097 3946 1360 4018 praeditus
1384 3953 1526 4011 erat,
1553 3953 1608 4001 et
1641 3945 1871 3999 formam
1903 3946 2045 4000 servi

469 4049 810 4113 sumpserat,
846 4040 1118 4099 mediator
1154 4047 1210 4094 et
1250 4040 1585 4095 intercessor
1610 4038 1754 4092 inter
1790 4037 1957 4092 Deum
1991 4045 2046 4092 et

469 4138 720 4191 homines
754 4135 954 4199 factus,
1009 4133 1146 4202 legis
1199 4141 1539 4204 praeceptum
1569 4148 1878 4203 exsequens
1911 4149 2046 4202 qua-

467 4229 722 4298 draginta
754 4227 868 4281 dies
895 4233 1060 4281 natus
1091 4225 1296 4290 infans,
1336 4225 1728 4294 sempiternum
1760 4224 1893 4279 illud
1924 4240 2047 4280 ver-

2151 3033 2432 3103 ἁγιότητος
2462 3032 2518 3084 ἐν
2533 3033 2663 3101 ἡμῖν
2679 3030 2912 3102 ὁρῶντες
2929 3032 3056 3093 τοὺς
3075 3029 3445 3100 χαρακτῆρας,
3477 3031 3575 3080 οὐκ
3593 3028 3732 3079 ἀπο-

2151 3124 2378 3194 6λὴτους
2414 3123 2731 3192 ποιήσονται
2773 3122 3060 3184 κοινωνοὺς
3088 3120 3186 3190 τῆς
3225 3119 3499 3190 ἀκηράτου
3528 3117 3728 3187 εὐφρο-

2154 3215 2318 3287 σύνης
2343 3213 2873 3286 συμπαραλήψεσθαι
2891 3230 2904 3243 ’
2937 3213 3187 3284 καθάπερ
3207 3213 3297 3265 τὸν
3327 3209 3556 3283 ῥυπώσῃ
3579 3211 3725 3262 ἐστο-

2151 3308 2402 3380 λισμένον
2452 3307 2639 3379 ἐσθῆτι
2685 3306 2978 3378 ἀπόκριτον
3036 3306 3128 3360 τοῦ
3177 3307 3322 3360 θείου
3353 3307 3532 3378 γάμου
3563 3305 3590 3356 ὁ
3630 3303 3730 3372 τῆς

2095 3464 2102 3470 ,
2151 3398 2513 3468 εὐαγγελικὴς
2566 3396 2881 3468 παραϐολῆς
2929 3397 3221 3466 ἐποιήσατο
3261 3395 3438 3464 λόγος.
3482 3394 3590 3447 Καὶ
3621 3393 3734 3462 γάρ

2151 3493 2239 3546 ὅτε
2275 3491 2417 3545 κατὰ
2441 3489 2531 3543 τὸν
2569 3489 2876 3561 ἀρχέτυπον
2906 3489 3096 3559 καιρὸν
3124 3487 3219 3558 (ὡς
3245 3486 3312 3540 ἄν
3337 3503 3423 3549 τις
3449 3485 3613 3554 εἴποι)
3631 3485 3733 3554 τῆς

2153 3583 2432 3655 παρούσης
2453 3581 2645 3651 ἑορτῆς
2669 3584 2698 3635 6
2719 3582 2777 3634 ἐν
2805 3582 2983 3652 μορφῇ
3014 3579 3148 3633 Θεοῦ
3174 3579 3458 3650 ὑπάρχων,
3483 3578 3576 3631 καὶ
3599 3593 3736 3647 μορ·

2152 3671 2256 3742 φὴν
2288 3670 2474 3724 δούλου
2508 3670 2780 3741 ἐλόμενος,
2812 3671 2840 3723 6
2871 3668 3096 3741 μεσίτης
3123 3669 3256 3723 Θεοῦ
3289 3668 3382 3723 καὶ
3430 3667 3733 3740 ἀνθρώπων

2151 3765 2460 3835 γενόμενος,
2485 3763 2584 3836 τὴν
2601 3765 2830 3836 νομικὴν
2853 3762 3077 3835 πληρῶν
3094 3763 3436 3835 διαγόρευσιν
3458 3761 3733 3838 τεσσαρά-

2153 3871 2318 3909 κοντα
2348 3853 2570 3925 ἡμερῶν
2603 3853 2864 3923 ὑπάρχων
2896 3851 3113 3923 βρέφος,
3161 3853 3189 3905 6
3237 3851 3408 3913 ἀΐδιος
3436 3852 3604 3921 Λόγος
3635 3851 3734 3905 ἐπλ⁵

2151 3947 2242 4001 τὸν
2281 3947 2406 4000 ναὸν
2443 3945 2637 4018 ἐχώρει
2667 3947 2764 4000 σὺν
2800 3948 2867 4018 τῇ
2905 3947 3158 4015 τεκούσῃ,
3189 3945 3286 3999 καὶ
3314 3948 3383 4017 τῇ
3415 3945 3734 4015 καταλλήλῳ

2151 4041 2248 4110 τῆς
2276 4039 2700 4110 διατεταγμένης
2727 4037 2915 4102 θυσίας
2937 4038 3198 4108 διαγωγῇ,
3221 4039 3278 4091 αἱ
3305 4037 3412 4091 τῶν
3427 4037 3732 4108 ἀσωμάτων

2151 4131 2461 4202 ταξιαρχίαι
2479 4129 2736 4194 δουλικῶς
2759 4131 2850 4184 τὸν
2880 4131 3082 4201 αὐχένα
3114 4129 3517 4196 ὑποκλίνουσαι,
3545 4131 3608 4183 ἐκ
3634 4127 3733 4182 τοῦ

2151 4222 2384 4293 ἀοράτου
2415 4220 2691 4292 θεοπρεπῆ
2723 4221 2819 4292 τὴν
2858 4221 3190 4292 προπομπὴν
3225 4221 3601 4293 ἡτοιμάζοντο,
3636 4222 3735 4276 καὶ

469 4319 597 4373 bum
624 4333 730 4372 una
757 4333 882 4371 cum
916 4316 1190 4387 genitrice
1229 4315 1644 4370 convenientem
1677 4327 1842 4385 atque
1905 4332 2045 4385 prae-

2148 4313 2209 4366 τὸ
2229 4314 2327 4382 τῆς
2355 4314 2599 4385 ἀρρήτου
2642 4312 2833 4382 σοφίας
2865 4311 3167 4378 ἐξεθείαζον
3201 4313 3437 4381 πέλαγος
3460 4331 3474 4344 ·
3509 4314 3603 4368 καὶ
3630 4314 3734 4384 τὴν

471 4412 735 4480 scriptam
783 4411 1022 4464 hostiam
1059 4416 1316 4479 portante
1356 4409 1424 4463 ad
1468 4409 1730 4478 templum
1764 4411 2042 4480 pergebat,

472 4504 924 4572 incorporeorum
953 4500 1250 4571 spirituum
1280 4499 1506 4555 ordines
1551 4500 1806 4554 servilem
1839 4500 1892 4554 in
1924 4516 2046 4555 mo-

471 4594 602 4647 dum
633 4592 902 4647 cervicem
936 4591 1243 4656 ﬂectentes,
1293 4591 1648 4647 invisibiliter
1705 4591 1818 4646 Deo
1854 4607 2047 4648 conve-

471 4685 711 4740 nientem
740 4697 991 4751 pompam
1033 4681 1320 4750 parabant,
1343 4688 1397 4734 et
1427 4679 1720 4737 ineﬂ‘abilis
1765 4682 2046 4752 sapientia:

471 4772 698 4841 pelagus
730 4771 1158 4833 venerabantur,
1193 4779 1248 4825 et
1277 4769 1418 4839 ejus,
1447 4785 1569 4840 quae
1617 4771 1794 4840 primo
1845 4772 2044 4826 intuitu

471 4861 653 4926 obvia,
686 4860 955 4929 vulgoque
985 4867 1113 4914 nota
1145 4867 1250 4926 est,
1297 4860 1486 4930 legalis
1548 4862 1744 4917 litterae
1774 4866 2044 4920 constitu-

473 4950 638 5004 tionis
671 4949 1039 5019 expletionem
1074 4956 1129 5003 et
1152 4948 1563 5004 exsecutionem
1599 4966 1699 5020 pro
1721 4953 2046 5008 manifesta—

408 5113 409 5117 η
471 5043 620 5096 tione
661 5042 928 5112 mysterii,
963 5042 1018 5095 in
1054 5039 1164 5096 Deo
1197 5043 1290 5110 qui
1323 5041 1509 5096 omnia
1537 5044 1770 5110 creavit,
1820 5046 2047 5101 abscom

470 5133 571 5187 diti
602 5134 1027 5203 exspectabant:
1080 5135 1241 5203 cujus
1285 5150 1386 5189 nos
1427 5137 1672 5208 mysterii
1726 5137 2044 5191 memoriam

474 5225 637 5286 hodie
685 5225 1059 5292 celebrantes,
1113 5227 1495 5298 spiritualibus
1549 5229 2042 5299 speculationibus,

472 5317 935 5388 quemadmodum
961 5318 1302 5388 incorporea:
1330 5329 1540 5376 mentes
1572 5327 1627 5375 et
1657 5321 1908 5391 spiritus,
1944 5337 2046 5377 nos

471 5412 833 5473 oblectemus,
859 5420 912 5466 et
940 5411 1251 5467 divinorum
1279 5415 1674 5469 miraculorum
1701 5415 2045 5485 majestatem

475 5503 864 5577 pr:rdicatione
928 5511 1093 5574 atque
1147 5505 1465 5563 laudatione
1498 5507 1869 5574 celebrantes,
1907 5509 2044 5564 socii

472 5597 694 5652 illorum
750 5594 1037 5666 dignitatis
1084 5595 1426 5653 elliciemur:
1479 5614 1589 5656 non
1650 5599 1809 5671 legali
1852 5601 2046 5656 umbra

542 5769 605 5823 ³1
637 5771 797 5827 Δολιι.
845 5774 969 5838 1,1.
1048 5772 1249 5830 "Psal.
1295 5791 1415 5846 xw,
1457 5777 1508 5832 5.

2150 4406 2448 4477 περαίωσιν
2481 4405 2580 4475 τῆς
2613 4404 3038 4476 προχειροτέρας
3073 4404 3170 4459 τοῦ
3209 4405 3436 4476 νομικοῦ
3465 4407 3735 4477 γράμμα-

2147 4515 2237 4561 τος
2265 4496 2578 4564 διατάξεως,
2639 4497 2945 4569 φανέρωσιν
2992 4496 3085 4552 τοῦ
3121 4498 3422 4569 μυστηρίου
3454 4497 3547 4551 τοῦ
3596 4500 3737 4552 ἀπο-

2148 4587 2531 4659 κεκρυμμένου
2584 4589 2642 4641 ἐν
2667 4589 2742 4659 τῷ
2776 4587 2895 4659 Θεῷ
2925 4588 3002 4660 τῷ
3049 4589 3119 4642 τὰ
3153 4591 3328 4644 πάντα
3364 4590 3612 4644 κτίσαντι
3646 4591 3738 4658 ἐξ-

2147 4680 2390 4751 εδέχοντο
2413 4699 2426 4712 ·
2460 4674 2522 4735 οὗ
2547 4698 2688 4746 τινος
2719 4683 2877 4752 ἡμεῖς
2898 4682 2996 4752 τὴν
3028 4683 3337 4754 ἀνάμνησιν
3378 4682 3738 4754 ἑορτάζοντες

2149 4773 2407 4845 σήμερον,
2430 4775 2823 4844 πνευματικαῖς
2844 4773 3096 4845 θεωρίαις
3109 4775 3252 4829 κατὰ
3266 4775 3392 4840 τοὺς
3410 4775 3739 4845 ἀσωμάτους

2147 4869 2273 4930 νόας
2296 4869 2682 4939 τρυφὴσωμεν,
2708 4870 2802 4921 καὶ
2820 4868 2926 4920 τῶν
2953 4869 3110 4923 θείων
3135 4868 3450 4937 θαυμασίων
3477 4867 3538 4920 τὸ
3561 4884 3738 4940 μεγα-

2147 4960 2288 5013 λεῖον
2302 4959 2634 5034 δοξάζοντες,
2654 4963 2898 5015 κοινωνοὶ
2921 4961 3023 5032 τῆς
3039 4963 3264 5016 ἐκείνων
3287 4961 3444 5029 ἀξίας
3474 4961 3733 5032 ἐσόμεθα·

2147 5056 2206 5108 οὐ
2224 5057 2288 5126 τῇ
2322 5057 2519 5125 νομικῇ
2552 5055 2684 5126 σκιᾷ
2705 5053 2767 5107 τὸ
2787 5053 2943 5125 ὄμμα
2973 5055 3068 5123 τῆς
3095 5053 3275 5126 ψυχῆς
3298 5053 3734 5125 ἀμαυρούμενυι,

2148 5146 2282 5202 ἀλλὰ
2308 5146 2369 5199 τὸ
2399 5145 2461 5216 δὴ
2493 5145 2784 5217 λεγόμενον
2821 5145 2900 5217 τῷ
2942 5145 3240 5216 σοφωτάτῳ
3284 5144 3504 5215 Παύλῳ,
3537 5144 3740 5197 ἀνακε-

2149 5237 2483 5309 καλυμμένῳ
2508 5235 2786 5308 προσώπῳ
2817 5236 2915 5306 τὴν
2947 5235 3106 5301 δόξαν
3134 5234 3341 5306 Κυρίου
3373 5234 3742 5302 κατοπτριζό-

2152 5345 2319 5399 μενοι.
2365 5327 2468 5380 Τοῦ
2497 5327 2606 5398 γὰρ
2628 5327 2814 5398 Νόμου
2842 5327 3115 5396 λέγοντος,
3148 5328 3256 5380 πᾶν
3289 5325 3576 5398 ἀρσενικὸν
3614 5325 3742 5378 δια-

2148 5422 2326 5489 νοῖγον
2377 5421 2589 5493 μήτραν
2637 5419 2983 5489 άγιάζεσθαι,
3035 5420 3143 5473 δεῖν
3189 5419 3246 5473 δὲ
3300 5418 3398 5490 τὴν
3448 5418 3742 5490 ἀρτιτόκον

2148 5513 2383 5582 γυναῖκα
2407 5513 2631 5584 ἄρσενος
2654 5513 2843 5576 παιδὸς
2870 5511 3170 5582 γενομένην
3202 5511 3435 5582 μητέρα,
3471 5510 3742 5580 τεσσαρά-

2149 5620 2314 5657 κοντα
2346 5605 2572 5675 ἡμερῶν
2616 5604 2755 5676 μετά
2778 5605 2839 5658 τὸ
2866 5605 3045 5658 τεκεῖν
3085 5603 3479 5675 καθηραμένην
3516 5602 3745 5674 διαστὴο

1585 5779 1605 5810 ⁷
1639 5777 1837 5834 Baruc.
1871 5795 1957 5849 ιιι,
1993 5779 2045 5834 ﬁt

2163 5780 2347 5838 “Luc.
2385 5796 2423 5837 ll
2484 5781 2551 5836 i5
2580 5796 2702 5853 sqq.
2781 5783 2802 5815 ’
2841 5779 3033 5837 Matth.
3077 5794 3212 5847 χιιι,
3255 5781 3318 5836 ll
3351 5795 3476 5851 sqq.
