4092 6378
374 363 513 420 H57

1540 352 1629 407 DE
1668 350 1995 410 OCCURSU
2022 350 2284 415 DOMINI,
2310 350 2464 407 ETC.

3500 352 3639 407 “58

378 498 531 553 ματι,
561 478 705 533 οὕτω
736 493 877 549 μετα
902 493 1047 539 τινος
1087 475 1351 547 εὐκρινῶς
1376 474 1740 545 διωρισμένης
1772 473 1961 536 θυσίας

2078 473 2235 526 mimi
2267 473 2488 526 oculum
2525 470 2912 539 obscurantes,
2957 472 3076 538 sed,
3108 473 3262 541 juxta
3309 472 3517 527 dictum
3551 488 3642 527 sa-

373 575 466 627 ὲπὶ
492 572 553 626 τὸ
578 570 674 624 τοῦ
726 568 862 622 Θεοῦ
890 566 1222 639 πορεύεσθαι
1257 565 1483 635 τέμενος
1507 583 1519 597 ·
1554 566 1604 618 οἱ
1634 564 1731 634 μὲν
1764 564 1824 617 τὸ
1858 564 1958 616 κά-

372 664 566 734 λυμμα
596 661 687 714 ἐπὶ
716 662 783 729 τῇ
830 655 1134 725 ἀναγνώσει
1161 656 1261 724 τῆς
1297 654 1539 718 Παλαιᾶς
1582 653 1859 724 Διαθήκης
1890 654 1958 723 τῇ

375 751 575 823 καρδίᾳ
600 748 780 804 αὐτῶν
811 747 1220 817 περιφέροντες,
1263 746 1382 806 ταῖς
1414 743 1605 806 αὐταῖς
1630 742 1749 796 κατ’
1783 744 1961 795 ἐνιαυ-

376 845 466 896 τὸν
510 842 745 904 θυσίαις,
801 839 867 891 ἵν’
918 836 1090 898 οὕτως
1147 834 1286 887 εἴπω
1317 834 1394 897 (αἳ
1424 834 1675 887 οὐδέποτε
1709 832 1961 886 δύνανται

377 936 503 998 τοὺς
545 931 1020 1004 προσερχομένους
1066 926 1395 995 τελειῶσαι),
1449 926 1827 996 νηπιοφρόνως
1864 924 1963 995 τήν

377 1027 633 1097 τοιαύτην
665 1023 987 1095 νομοθεσίαν
1010 1020 1379 1092 νομιζέτωσαν
1400 1020 1661 1092 πληροῦν.
1697 1020 1857 1090 Ἡμῖν
1883 1020 1961 1084 δὲ,

380 1114 461 1182 οἷς
486 1120 545 1172 ὲν
571 1121 638 1188 τῇ
675 1118 807 1188 πρὸς
837 1115 969 1168 Θεδν
998 1115 1301 1186 ἐπιστροφῇ
1338 1113 1401 1165 τὸ
1441 1111 1679 1165 τοιοῦτον
1709 1111 1968 1184 περιῄρη-

380 1226 469 1262 ται
524 1208 810 1276 κάλυμμα,
872 1205 1019 1270 ἀπαξ
1071 1204 1165 1255 ἐπὶ
1225 1201 1505 1273 συντελείᾳ
1540 1201 1635 1255 τοῦ
1673 1201 1866 1265 αἰῶνος
1886 1204 1965 1266 είς

381 1300 637 1368 ἀθέτησιν
666 1298 941 1367 ἁμαρτίας
967 1296 1054 1351 διὰ
1082 1300 1180 1368 τῆς
1213 1298 1403 1361 Θυσίας
1443 1297 1608 1351 αὑτοῦ
1644 1296 1967 1367 πεφανερῶ-

386 1391 509 1443 σθαι
536 1389 595 1440 τὸ
621 1389 762 1458 μέγα
784 1388 883 1457 τῆς
923 1389 1204 1451 εὐσεϐείας
1222 1388 1609 1441 πεπιστευκόσι
1649 1390 1965 1458 μυστήριον,

385 1480 623 1545 ἐπαξίως
654 1479 747 1532 τοῦ
778 1478 922 1532 θείου
968 1480 1071 1548 τῆς
1100 1478 1357 1548 ἀληθείας
1398 1479 1594 1547 φωτὸς,
1621 1482 1686 1549 τῇ
1714 1477 1970 1548 δᾳδουχίᾳ

384 1573 479 1626 τοῦ
516 1573 834 1643 Πνεύματος
880 1571 941 1624 τὸ
985 1571 1086 1640 τῆς
1120 1570 1399 1641 παρούσης
1444 1570 1802 1641 πανηγύρεως
1834 1571 1969 1653 θειο-

386 1665 579 1737 ρητέον
622 1664 953 1735 μυστήριον,
1003 1664 1200 1735 μικρὸν
1242 1663 1447 1717 ἄνωθεν
1488 1663 1852 1734 προσϐαλοῦσι
1894 1661 1971 1732 τῷ

386 1758 723 1828 θεωρήματι,
750 1756 971 1809 κάκεῖνό
1003 1773 1066 1825 γε
1109 1755 1213 1827 μὴν
1235 1756 1506 1827 εὐκαίρως
1538 1756 1968 1827 προσημηναμέ-

384 1822 529 1912 νοις-ο
554 1822 640 1903 an
668 1848 809 1902 κατά
834 1848 894 1901 τὸ
920 1822 1025 1918 τῆς*
1052 1822 1349 1915 ἐξετάσεως
1374 1822 1749 1901 ἀκόλουθον
1776 1822 1968 1916 προτε-
2002 1822 2044 1879 Β

386 1944 476 1996 θὲν
495 1942 591 1995 τοῦ
613 1942 797 2010 Νόμου
819 1940 1098 2010 θέσπισμα
1123 1942 1214 1993 ἐπὶ
1240 1940 1385 2011 μόνῳ
1404 1940 1481 2011 τῷ
1499 1939 1833 2011 σαρκωθέντι
1854 1937 1963 2008 Θειξ⁸

385 2031 705 2102 ὡρισμένως
729 2048 787 2082 τε
817 2031 910 2083 καὶ
935 2030 1390 2101 ἀνεπισυμϐάτως
1420 2030 1591 2101 ἑτέρῳ
1625 2031 1815 2101 ὁρᾶται
1837 2028 1946 2099 πλη

389 2124 670 2195 ρούμενον.
702 2124 879 2186 Μόνος
895 2123 1004 2193 γὰρ
1029 2123 1189 2186 αὐτὸς
1221 2124 1477 2195 ἀρρήτως
1510 2120 1853 2191 συλληφθεὶς,
1882 2119 1961 2173 κα“

387 2219 682 2289 ἀφράστως
708 2216 953 2286 κυηθεὶς,
990 2215 1063 2285 μὴ
1083 2213 1571 2285 προδιηνοιγμένην
1597 2212 1673 2283 τῷ
1692 2212 1853 2282 γάμῳ
1875 2211 1942 2282 τὴ

389 2310 723 2381 παρθενικὴν
750 2310 965 2380 μήτραν
998 2306 1251 2376 ἀνέῳξεν,
1286 2306 1355 2359 τὰ
1392 2305 1683 2375 σήμαντρα
1704 2305 1804 2372 τῆς
1829 2321 1945 2375 παρ

389 2402 571 2463 θενίας
604 2401 979 2472 ἀπαράτρωτα
1006 2400 1098 2452 καὶ
1123 2396 1262 2468 μετά
1283 2396 1381 2467 τὴν
1413 2395 1716 2468 παράδοξον
1747 2395 1973 2467 πρόοδον

390 2493 785 2563 φυλαξάμενος,
843 2492 938 2545 καὶ
975 2491 1133 2561 μόνος
1185 2491 1361 2561 ἄρρην
1404 2486 1789 2557 πνευματικῶς
1836 2485 1973 2540 εἶναι

391 2587 771 2651 πεπίστευται,
814 2584 983 2655 μηδὲν
1022 2586 1120 2654 τῆς
1159 2580 1543 2653 θηλυπρεποῦς
1573 2580 1847 2650 ἁμαρτίας
1874 2580 1974 2633 έπ-

390 2678 679 2748 αγόμενος,
726 2677 847 2730 ὃθεν
899 2675 992 2729 καὶ
1021 2674 1189 2737 ὅντως
1218 2673 1371 2742 ἀγιος
1412 2672 1648 2737 ἐπαξίως
1688 2672 1973 2741 κέκληται*

390 2770 579 2840 ῶσπερ
611 2770 704 2823 καὶ
739 2769 778 2821 Γ
781 2766 980 2839 αϐριὴλ
1022 2767 1091 2819 τὰ
1118 2765 1211 2819 τοῦ
1253 2764 1517 2828 ζωοποιοῦ
1553 2766 1710 2819 τόκου
1743 2768 1809 2836 τῇ
1837 2765 1975 2818 Θεο-

390 2864 535 2932 τόκῳ
563 2861 743 2932 φέρων
791 2859 1105 2927 εὐαγγέλια,
1134 2858 1298 2911 οἱονεὶ
1327 2857 1425 2927 τὴν
1457 2858 1583 2927 περὶ
1606 2856 1796 2909 τούτου
1841 2873 1977 2927 προ-

392 2954 757 3024 διωρισμένην
768 2969 826 3005 τε
859 2953 955 3005 καὶ
970 2953 1047 3014 είς
1066 2950 1229 3003 αὑτὸν
1251 2950 1410 3019 μόνον
1426 2949 1640 3019 ὁρῶσαν
1654 2948 1977 3018 νομοθεσίαν

392 3049 448 3099 ὲν
488 3046 789 3116 ἀναμνήσει
833 3042 1174 3114 ποιούμενος·
1219 3042 1312 3095 Διὸ
1352 3041 1449 3095 καὶ
1494 3041 1558 3093 τὸ
1608 3039 1980 3109 γεννώμενον

2062 564 2393 635 pientissimi
2448 562 2628 625 Pauli,
2661 564 2871 621 delecta
2929 564 3068 622 facie
3107 566 3365 620 nimirum
3408 566 3639 635 gloriati.

2062 658 2157 710 Dei
2191 657 2349 725 quasi
2390 658 2445 710 in
2492 657 2719 726 speculo
2749 658 3189 728 contemplantes
3240 666 3296 713 et
3345 657 3642 727 inspicien-

2062 758 2147 804 tes
2170 749 2235 801 ¹⁰.
2260 748 2393 802 Nam
2418 764 2542 803 cum
2566 746 2675 803 Lex
2700 748 2866 813 dicat,
2898 764 3061 804 omne
3083 750 3468 814 masculinum,
3495 748 3642 819 quod

2063 840 2241 910 aperit
2291 839 2507 893 vulvam
2561 840 2923 906 sanctiﬁcari,
2981 848 3240 910 eportere
3289 849 3475 896 autem
3520 856 3641 896 eam

2065 933 2357 987 mulierem
2388 948 2510 1001 qua:
2552 947 2748 987 recens
2781 932 2927 987 edito
2958 940 3118 1003 partu
3155 934 3417 988 masculae
3470 934 3642 1001 prolis

2065 1030 2246 1077 mater
2278 1024 2542 1087 evaserit,
2575 1022 2757 1092 spatio
2783 1021 3142 1091 quadraginta
3175 1036 3202 1072 a
3237 1029 3395 1090 partu
3428 1022 3642 1075 dierum

2067 1112 2439 1182 puriﬁcatam,
2472 1112 2546 1166 ita
2592 1114 2811 1168 tandem
2850 1128 2976 1166 cum
3027 1122 3176 1167 certa
3222 1122 3384 1181 atque
3438 1120 3642 1166 statuta

2068 1205 2247 1259 bestia
2274 1205 2538 1259 accedere
2568 1204 2634 1258 ad
2667 1205 2928 1273 templum
2952 1203 3046 1257 Dei
3079 1206 3143 1258 “z
3178 1206 3254 1259 illi
3277 1206 3521 1274 quidem,
3549 1204 3643 1274 qui

2071 1298 2439 1352 vclamentum
2472 1298 2525 1351 in
2560 1296 2727 1351 corde
2759 1311 2884 1361 suo,
2939 1296 3068 1350 dum
3116 1298 3302 1367 legunt
3337 1296 3503 1353 Vetus
3540 1295 3648 1351 Te-

2070 1396 2427 1454 stamentum,
2486 1388 2911 1452 circumferunt,
2967 1388 3159 1443 iisdem
3197 1392 3497 1459 quotannis
3549 1389 3645 1443 lio-

2071 1481 2213 1543 stiis,
2241 1490 2300 1535 ut
2336 1481 2411 1533 ita
2441 1480 2619 1535 dicam
2654 1479 2810 1550 (quae
2842 1495 3124 1549 nunquam
3165 1482 3493 1537 accedentes
3524 1496 3647 1551 per-

2074 1572 2246 1626 fectos
2277 1571 2503 1626 reddere
2536 1570 2833 1642 possunt),
2870 1570 3192 1625 existimare
3240 1572 3440 1626 debent
3483 1572 3650 1626 stulte

2072 1670 2126 1715 et
2175 1661 2424 1730 imperite
2461 1677 2522 1715 se
2576 1660 2851 1730 ejusmodi
2918 1663 3373 1716 conStitutionem
3421 1662 3648 1733 exsequi

2075 1760 2241 1822 atque
2277 1753 2523 1822 implere.
2557 1752 2668 1806 Nos
2698 1760 2903 1815 autem,
2939 1753 3164 1822 quibus,
3197 1768 3321 1808 cum
3360 1754 3428 1808 ad
3480 1753 3648 1810 Deum

2075 1855 2546 1911 converteremur,
2572 1846 2843 1915 ejusmodi
2880 1846 3129 1901 velamen
3180 1847 3492 1917 ademptum
3542 1855 3649 1912 est,

2074 1937 2169 2005 qui
2210 1937 2380 1992 semel
2413 1937 2468 1991 in
2520 1937 3000 1992 consummatione
3050 1939 3151 1992 aevi
3189 1938 3254 1992 ad
3301 1939 3651 2008 rejectionem

2075 2036 2130 2082 et
2160 2030 2608 2098 reprobationem
2640 2030 2851 2099 peccati
2887 2045 2982 2100 per
3012 2030 3246 2085 hostiam
3274 2031 3393 2100 ejus
3422 2031 3655 2087 manife-

2077 2130 2282 2176 statum
2313 2122 2487 2177 fuisse
2518 2137 2776 2191 magnum
2808 2123 3030 2192 pietatis
3064 2124 3386 2194 mysterium
3415 2124 3653 2179 credidi-

2077 2229 2221 2275 mus,
2254 2224 2416 2283 prout
2443 2215 2665 2286 dignum
2690 2222 2773 2269 est
2802 2215 3009 2270 lumine
3030 2217 3300 2281 veritatis,
3325 2217 3655 2286 praelucente

2077 2303 2197 2358 face
2224 2304 2477 2373 spiritus,
2508 2306 2802 2375 praesentis
2856 2305 3122 2360 solemnis
3171 2307 3279 2361 diei
3316 2307 3441 2362 festi
3489 2316 3655 2377 atque

2077 2402 2385 2448 conventus
2430 2396 2751 2466 mysterium
2799 2395 3156 2451 considerare
3188 2405 3353 2467 atque
3405 2405 3656 2467 spectare

2078 2493 2318 2555 oportet,
2350 2488 2512 2556 paulo
2545 2504 2659 2543 rem
2695 2489 2863 2542 altius
2896 2489 3189 2558 repetendo
3224 2490 3655 2558 speculationem

2080 2583 2247 2643 atque
2270 2575 2768 2631 considerationem
2800 2577 3210 2647 aggredientes:
3234 2588 3288 2635 et
3319 2588 3501 2634 tamen
3525 2580 3657 2635 illud

2079 2676 2228 2723 certe
2268 2669 2421 2738 prius
2455 2670 2790 2738 conjecturis
2822 2680 2873 2724 et
2902 2672 3074 2742 signis
3103 2683 3459 2742 assequentes
3493 2680 3659 2743 atque

2080 2768 2361 2823 notantes,
2400 2763 2741 2831 propositqu
2778 2761 2939 2831 Legis
2975 2774 3331 2832 praeceptum,
3382 2772 3566 2833 prout,
3601 2781 3661 2819 re

2080 2851 2315 2919 quaesita
2347 2861 2513 2919 atque
2546 2852 2856 2921 disceptata
2888 2852 3121 2907 eﬁicitur
3168 2863 3331 2923 atque
3366 2857 3661 2925 consequi-

2082 2950 2194 3006 tur,
2229 2942 2283 2995 in
2311 2943 2431 2995 solo
2456 2941 2567 2997 Deo
2609 2957 2830 2997 carnem
2868 2943 3061 2998 induto
3104 2943 3388 3008 distincte,
3434 2946 3658 3012 diserte,

2086 3035 2363 3090 destinate
2388 3034 2552 3089 simul
2587 3042 2750 3105 atque
2784 3035 2858 3088 ita
2891 3043 3065 3099 certo,
3100 3044 3157 3088 ut
3201 3036 3405 3090 nemini
3440 3038 3664 3106 insuper

392 3140 582 3206 ἅγιον,
628 3137 800 3205 ἔλεγε,
842 3135 1209 3201 κληθήσεται
1254 3133 1385 3198 Υἱὸς
1414 3132 1563 3186 Θεοῦ
1597 3149 1609 3161 ·
1654 3132 1729 3196 ὠς
1777 3132 1974 3202 κυρίως

2086 3130 2243 3185 alteri
2297 3129 2616 3192 contingere
2676 3128 2937 3197 potuerit,
2991 3127 3208 3197 impleri
3255 3128 3451 3184 videri.
3501 3129 3664 3186 Solus

392 3234 490 3301 τῆς
524 3232 617 3287 τοῦ
650 3233 805 3301 ἁγίου
828 3230 1174 3303 ἁρμοζούσης
1208 3230 1522 3300 ἐπωνυμίας
1554 3228 1632 3299 τῷ
1656 3228 1753 3300 τὴν
1785 3228 1982 3299 παρθέ-

394 3344 481 3378 νον
508 3327 719 3397 μήτραν
760 3328 825 3396 τῇ
870 3324 991 3396 θείᾳ
1030 3323 1351 3388 διανοίξαντι
1405 3320 1836 3392 θαυματουργία.
1875 3320 1982 3372 Καὶ

393 3418 485 3469 ὲπὶ⁸
511 3417 610 3488 μὲν
647 3416 757 3469 τῶν
791 3416 964 3469 ἄλλων
1000 3414 1381 3487 πρωτοτόκων,
1412 3412 1541 3480 ἆγια
1577 3411 1746 3464 ταῦτα
1776 3408 1979 3479 κληθή-

396 3507 605 3569 σεσθαι,
642 3504 1121 3576 βεϐασανισμένως
1160 3500 1237 3571 τῷ
1278 3499 1431 3570 βάθει
1469 3498 1562 3551 τοῦ
1602 3498 1787 3568 Νόμου
1822 3496 1985 3563 ἐγκύ-

393 3599 542 3668 ψασα
569 3600 603 3670 ή
627 3597 957 3667 εύαγγελικὴ
982 3594 1260 3665 ἀκρίϐεια,
1287 3594 1659 3664 διηγόρευσεν,
1690 3592 1764 3655 ὠς
1787 3593 1853 3662 τῇ
1887 3587 1982 3642 τοῦ

393 3688 529 3742 Θεοῦ
574 3686 871 3759 ἀφιερῶσει
909 3686 971 3739 τὸ
1008 3685 1151 3739 οῦτω
1190 3682 1471 3737 καλεῖσθαι
1498 3680 1939 3751 κληρωσαμένων
1966 3693 1981 3709 ⁸

394 3780 487 3832 ἐπὶ
519 3778 575 3831 δὲ
616 3777 711 3831 τοῦ
746 3776 1094 3849 πρωτοτόκου
1138 3773 1319 3843 πάσης
1360 3772 1611 3834 κτίσεως,
1644 3770 1842 3838 Ἀτιον
1879 3768 1986 3821 τὸν

394 3869 770 3942 γεννώμενον
807 3870 836 3923 ό
880 3867 1110 3937 ἄγγελος
1152 3866 1392 3936 εἴρηκεν,
1440 3862 1516 3926 ὡς
1572 3860 1729 3915 τοῦτο
1781 3861 1986 3931 κυρίως

398 3965 676 4035 ὑπάρχων,
724 3963 820 4017 καὶ
869 3962 969 4034 τὴν
1006 3960 1174 4022 ὅντως
1205 3957 1465 4027 ἀγιότητα
1496 3956 1553 4009 ὲν
1578 3955 1644 4024 τῇ
1678 3954 1984 4023 ἀποπομπῇ

393 4056 493 4125 τῆς
520 4054 736 4120 κακίας,
771 4054 865 4107 καὶ
895 4054 961 4123 τῇ
1005 4049 1098 4104 τοῦ
1131 4048 1336 4119 ἀγαθοῦ
1367 4047 1585 4115 ἐκλογῇ,
1614 4045 1729 4115 ἃμα
1757 4042 1833 4114 τῷ
1862 4060 1985 4112 γεν-

2086 3221 2355 3276 enimille
2392 3219 2749 3275 ineﬁ'abiliter
2798 3228 3121 3290 conceptus,
3164 3230 3219 3275 et
3267 3221 3666 3292 inexplicabili-

2086 3320 2170 3366 ter
2193 3312 2249 3365 in
2284 3319 2445 3367 utero
2476 3319 2742 3381 gestatus,
2770 3326 2912 3376 eam,
2945 3327 3067 3381 qua:
3097 3327 3193 3381 per
3239 3315 3460 3382 nuptias
3512 3316 3666 3385 prius

2088 3407 2273 3469 aperta
2324 3415 2430 3454 non
2491 3400 2689 3462 fuerat,
2757 3400 3080 3471 virginalem
3141 3403 3360 3457 vulvam
3425 3407 3664 3475 aperuit,

2086 3493 2251 3545 etiam
2291 3500 2416 3561 post
2450 3507 2649 3545 novum
2685 3502 2739 3547 et
2787 3494 3167 3550 admirabilem
3210 3510 3562 3566 progressum
3601 3499 3668 3552 ιι-

2091 3581 2217 3637 laasa
2253 3598 2483 3638 servans
2509 3592 2563 3639 et
2591 3584 2853 3638 inviolata
2892 3585 3175 3656 signacula
3213 3590 3571 3659 virginitatis,
3612 3600 3667 3647 et

2089 3675 2243 3730 solus
2298 3676 2579 3731 masculus
2631 3676 2993 3748 spiritualiter
3053 3695 3175 3735 esse
3225 3684 3471 3738 creditus
3538 3693 3665 3751 est,

2088 3768 2290 3838 quippe
2322 3783 2447 3822 cum
2485 3770 2692 3823 nullam
2726 3774 3069 3828 contraxerit
3128 3776 3417 3831 muliebris
3457 3780 3667 3846 peccati

2090 3862 2499 3931 contagionem,
2537 3862 2683 3918 unde
2715 3864 2878 3917 etiam
2913 3881 3041 3919 vere
3064 3874 3313 3931 sanctus,
3345 3877 3404 3921 ut
3434 3884 3532 3938 par
3561 3879 3667 3934 est,

2090 3962 2316 4008 vocatus
2350 3962 2456 4009 est.
2490 3953 2963 4020 Quemadmodum
2994 3956 3156 4010 etiam
3191 3956 3415 4013 Gabriel
3463 3960 3668 4015 bonum

2091 4046 2289 4099 viviﬁci
2340 4054 2531 4115 partus
2564 4045 2811 4115 Deipara:
2850 4049 3105 4102 nuntium
3138 4059 3460 4123 apportans,
3508 4054 3669 4122 quasi

397 4146 643 4216 νηθῆναι,
676 4145 750 4208 ῶς
796 4161 958 4215 φησιν
989 4145 1017 4197 ό
1044 4143 1352 4213 προφήτης,
1376 4136 1803 4206 ἐπιδειξάμενος.

2093 4136 2159 4189 ad
2210 4144 2446 4190 mentem
2481 4144 2536 4190 et
2581 4138 2900 4191 memoriam
2952 4138 3210 4208 redigens
3261 4154 3403 4204 eam,
3442 4158 3563 4211 qua:
3600 4144 3668 4200 de

400 4239 494 4291 illo
536 4247 649 4291 tum
696 4236 1083 4306 praedestinata
1137 4245 1275 4297 erat,
1330 4241 1444 4287 tum
1487 4229 1555 4284 ad
1604 4244 1727 4283 eum
1785 4229 1963 4282 solum
2004 4229 2313 4297 spectabat,
2339 4228 2475 4299 legis
2496 4230 2974 4286 constitutionem.
3043 4231 3409 4297 Quamobrem
3475 4237 3663 4300 etiam,

401 4328 549 4401 quod
628 4335 886 4382 nascetur
931 4334 1183 4380 sanctum
1212 4364 1226 4387 ,
1283 4322 1569 4392 inquiebat
1594 4324 1658 4387 η,
1718 4319 2006 4374 vocabitur
2045 4318 2221 4374 Filius
2255 4317 2392 4374 Dei:
2446 4321 2647 4391 quippe
2681 4321 2899 4393 proprie
2945 4331 3140 4376 sancto
3219 4336 3581 4394 cognomento
3609 4328 3659 4380 ei

401 4419 782 4481 conveniente,
816 4418 909 4487 qui
958 4415 1190 4470 miriﬁca
1227 4425 1389 4483 atque
1417 4413 1603 4467 divina
1658 4411 1977 4482 operatione
2015 4410 2229 4465 vulvam
2263 4413 2479 4483 aperuit
2510 4413 2854 4484 virginalem.
2919 4414 3097 4484 Atque
3129 4414 3197 4469 de
3235 4416 3357 4470 aliis
3439 4417 3660 4487 quidem

400 4508 780 4578 primogenitis
846 4507 1179 4562 animalibus
1233 4506 1522 4577 diligenter
1571 4512 1624 4560 et
1685 4505 1958 4574 exquisite
1998 4503 2427 4573 profunditatem
2482 4504 2640 4576 Legis
2706 4506 3026 4577 inSpiciens,
3070 4508 3305 4575 diligens
3332 4518 3384 4564 et
3406 4520 3661 4566 accurata

402 4599 653 4653 doctrina
682 4600 996 4669 evangelica
1043 4609 1233 4654 sancta
1291 4597 1407 4651 ltzec
1437 4606 1689 4651 vocatum
1734 4597 1801 4650 iri
1852 4596 2010 4661 dixit,
2054 4598 2254 4666 quippe
2280 4613 2344 4651 ex
2386 4613 2453 4652 eo
2482 4598 2625 4668 quod
2663 4597 2771 4653 Deo
2807 4609 3263 4654 consecrarentur
3330 4615 3393 4654 ac
3438 4601 3662 4657 dedica-

404 4700 615 4755 rentur,
663 4691 767 4744 ltoc
804 4690 1131 4745 vocabulum
1183 4688 1378 4743 sortita
1414 4695 1578 4757 atque
1632 4687 1868 4757 adepta;
1912 4684 1980 4740 de
2014 4685 2111 4739 illo
2152 4701 2281 4739 vero
2341 4686 2435 4756 qui
2506 4688 2687 4741 omnis
2727 4675 2991 4742 creatura:
3036 4689 3432 4759 primogenitus
3463 4688 3561 4743 fuit
3591 4690 3655 4755 ",

412 4790 663 4839 sanctum
699 4797 822 4837 eum
855 4782 948 4851 qui
991 4787 1273 4842 nascetur,
1322 4779 1548 4848 angelus
1592 4777 1751 4842 dixit,
1788 4784 1847 4830 ιιι
1880 4775 1971 4846 qui
2015 4778 2236 4847 pr0prie
2300 4780 2347 4833 is
2410 4786 2556 4834 esset
2584 4780 2677 4848 qui
2709 4789 3018 4842 vocaretur,
3049 4789 3104 4835 et
3158 4797 3340 4835 veram
3394 4783 3658 4837 sanctita-

404 4887 511 4932 tem
536 4891 630 4944 per
664 4875 1015 4944 rejectionem
1037 4874 1256 4927 malitia:
1312 4882 1363 4927 et
1392 4872 1711 4927 electionem
1743 4870 2001 4925 bonitatis
2042 4870 2203 4925 simul
2240 4886 2303 4925 ac
2376 4880 2537 4927 natus
2594 4879 2700 4935 est,
2760 4880 2817 4924 ut
2847 4870 3025 4941 inquit
3083 4873 3349 4942 proolieta
3412 4875 3464 4928 in
3532 4888 3658 4931 sese

403 4971 764 5025 declarasset.

487 5061 625 5114 Ἀλλ’
652 5058 982 5113 ὲπανακτέον
1016 5058 1109 5111 ἐπὶ
1134 5057 1231 5128 τὴν
1277 5057 1550 5110 θάλασσαν
1596 5056 1695 5127 τῆς
1730 5054 1974 5126 θεωρίας,

2162 5050 2364 5107 Verum
2404 5051 2741 5106 redeundum
2772 5062 2854 5107 est
2881 5052 2947 5105 ad
2983 5068 3133 5107 mare
3166 5053 3582 5123 speculationis,
3612 5065 3671 5111 ιιι

402 5156 475 5220 ὡς
511 5157 543 5226 ἡ
568 5154 685 5207 θεία
716 5152 1050 5224 προστάσσει
1076 5151 1152 5221 τῷ
1182 5148 1447 5221 νομοθέτῃ
1476 5148 1652 5218 φωνὴ,
1687 5146 1781 5199 τοῦ
1809 5145 1984 5199 Πνεύ-

408 5264 572 5317 ματος
604 5244 847 5316 χάριτος,
888 5242 963 5305 ὼς
1002 5243 1057 5293 ὲν
1094 5238 1270 5308 στύλῳ
1309 5237 1479 5308 πυρὸς
1514 5236 1607 5290 καὶ
1634 5234 1886 5304 νεφέλης,
1918 5236 1987 5304 τῇ

402 5340 511 5393 τῶν
538 5337 770 5409 Γραφῶν
794 5333 1139 5406 λαμπρότητι
1177 5329 1271 5383 τοῦ
1301 5328 1487 5383 ἐνθέου
1526 5328 1626 5397 τῆς
1664 5325 1988 5396 Ἐκκλησίας

406 5431 769 5501 στρατοπέδου
816 5424 1250 5499 προηγουμένης,
1277 5423 1362 5475 ἵνα
1407 5423 1473 5491 τῇ
1507 5419 1685 5490 ῥάϐδῳ
1711 5420 1809 5489 τῆς
1829 5418 1983 5472 δυνά-
2018 5472 2021 5473 ,

407 5536 553 5589 μεως
582 5521 649 5588 τῇ
675 5516 1112 5587 ἀποστελλομένη
1136 5515 1201 5566 ὲκ
1229 5515 1326 5582 τῆς
1343 5512 1454 5565 ἀνω
1472 5509 1629 5575 Σιὼν,
1648 5510 1725 5574 ὼς
1751 5509 1984 5563 Ψάλλων

405 5608 592 5679 φησιν,
628 5607 693 5660 δι’
731 5602 800 5677 ἦς
828 5608 877 5659 οι
908 5604 1093 5675 ἐχθροὶ
1114 5602 1479 5675 κυριεύονται,
1508 5600 1568 5655 τὺ
1600 5599 1693 5653 τοῦ
1722 5600 1984 5671 γράμμα-

473 5787 519 5817 ⁶⁰
556 5783 596 5840 ιι
625 5784 752 5841 Cor.
789 5800 874 5853 nt,
909 5785 991 5839 l8.
1042 5787 1109 5869 _“
1144 5784 1317 5843 Levit.
1360 5798 1457 5852 xn,
1485 5783 1520 5837 2
1560 5798 1657 5854 sqq

1760 5783 1803 5815 “
1835 5779 1968 5836 an.
2003 5796 2045 5848 ι,
2083 5780 2173 5835 55.
2255 5782 2297 5813 ³³
2328 5778 2545 5839 Coloss.
2578 5798 2616 5850 ι,
2654 5784 2740 5839 15.

2083 5144 2267 5199 divina
2297 5158 2399 5197 vox
2435 5142 2665 5210 imperat
2697 5142 3018 5213 legislatori,
3055 5146 3231 5214 gratia
3295 5144 3557 5217 Spiritus,
3614 5158 3671 5203 ιιι

2087 5235 2139 5289 in
2170 5235 2429 5290 columna
2472 5233 2615 5305 ignis
2654 5242 2708 5288 et
2752 5236 2934 5299 nubis,
2997 5235 3289 5306 splendore
3352 5237 3670 5309 Scriptura-

2088 5342 2211 5381 rum
2238 5325 2427 5379 divino
2469 5326 2694 5380 numine
2738 5325 2977 5379 amatum
3044 5329 3345 5383 exercitum
3414 5332 3673 5389 Ecclesia:

2088 5417 2450 5488 praecedente,
2485 5425 2543 5471 ut
2577 5418 2728 5488 virga
2760 5420 3004 5484 virtutis,
3034 5437 3155 5490 quae
3178 5424 3453 5489 emittitur
3476 5442 3540 5480 ex
3580 5442 3675 5481 su-

2092 5524 2221 5580 pera
2253 5508 2442 5575 Sione,
2476 5519 2535 5563 ut
2565 5510 3034 5581 Psalmograpbus
3060 5515 3237 5584 inquit
3269 5516 3346 5583 ¹⁵;
3379 5532 3476 5586 per
3507 5533 3671 5588 quam

2093 5602 2302 5657 inimici
2362 5603 2416 5657 in
2451 5612 2775 5673 potestatem
2832 5604 3413 5675 rediguntur,_littcm
3446 5609 3678 5681 pelagus

2826 5785 2867 5815 ”
2904 5783 3049 5841 Psal.
3091 5802 3199 5853 CH,
3230 5785 3284 5842 2.
