4092 6378
497 332 633 388 H59

1757 329 1814 384 S.
1847 326 2175 386 GREGORII
2209 327 2509 386 NYSSENI

3625 329 3782 384 ttoo

490 447 562 502 αἱ)
597 448 699 502 bac
733 447 884 503 etab
919 447 1013 502 illa
1051 456 1205 518 parte
1256 448 1524 520 utrinque
1551 448 1835 505 diductum
1902 458 2070 519 atque

2174 466 2263 514 τος
2292 449 2631 521 περάσαντες
2661 448 2895 518 πέλαγος
2915 490 2930 513 ,
2975 448 3104 503 ἔνθα
3137 450 3231 503 καὶ
3262 447 3391 504 ἔνθα
3431 447 3773 521 διῃρημένον

491 541 726 598 divisum
757 558 854 612 per
885 543 1203 597 distinctum
1231 558 1295 598 ac
1328 542 1631 598 dilucidum
1693 543 2074 599 intelleclttum

491 635 789 691 transitum
851 635 1206 706 transgressi,
1249 633 1572 706 Egyptium
1629 651 1851 691 sensum
1889 637 2077 705 gratiae

491 742 601 781 non
663 729 1004 782 credentium
1059 729 1407 795 ellugiamus,
1461 729 1570 783 illis
1632 729 1769 798 ipsis
1826 728 2076 783 veritatis

493 819 657 875 undis
689 819 1014 875 etﬂttetibus
1040 821 1384 887 submersis;
1418 821 1512 890 qui
1533 821 1756 876 student
1785 836 1885 874 nes
1899 818 2077 874 Eran-

491 912 620 982 gelii
657 912 852 966 itinere
912 911 978 965 ad
1023 913 1371 982 spiritualem
1429 922 1631 968 terram
1695 911 2074 982 promissionis

491 1014 779 1075 pergentes
839 1005 1135 1074 prohibere
1176 1013 1230 1060 et
1270 1005 1564 1076 impedire,
1617 1006 1917 1077 volantque
1973 1020 2075 1060 nos

490 1097 559 1152 ad
582 1095 818 1152 ferream
847 1098 1040 1152 litterae
1068 1097 1353 1153 fornacem
1388 1099 1534 1169 (quae
1558 1113 1644 1153 res
1670 1097 1947 1169 Egyptus
1977 1114 2076 1153 no-

490 1190 696 1244 minata
714 1192 820 1259 est)
841 1190 892 1245 id
917 1198 1003 1246 est
1025 1192 1142 1244 luto
1158 1190 1411 1261 tingendo
1434 1193 1808 1261 lateribusque
1830 1207 2072 1260 coquen-

489 1280 598 1343 dis,
637 1280 692 1335 id
721 1288 807 1336 est
833 1282 1214 1351 corporalibus
1249 1282 1408 1351 chis
1436 1282 1925 1338 observationibus
1955 1300 2074 1339 ser-

489 1374 726 1433 vicnlcs.
772 1389 1015 1427 manere.
1087 1371 1315 1428 Dicebat
1382 1375 1551 1444 igitur
1607 1389 1836 1430 summie
1889 1391 2071 1430 rcrmn

441 1521 450 1528 ,
491 1466 632 1520 Deus
659 1463 828 1535 Moysi
865 1465 916 1518 iu
953 1463 1212 1534 Aﬂgypto.
1239 1479 1364 1518 cmn
1394 1465 1508 1532 jam
1546 1466 1760 1534 plagam
1804 1466 1951 1519 illam
2016 1475 2073 1520 et

490 1575 706 1627 pentiam
737 1549 1001 1611 adversus
1028 1556 1247 1627 Egypti
1309 1556 1677 1626 primogenita
1741 1559 2068 1611 statuisset:

489 1651 785 1718 Sancti/ica
810 1649 937 1702 milii
967 1666 1118 1702 omne
1161 1649 1568 1718 primogenitum
1613 1652 1885 1716 primoque
1915 1659 2071 1717 partu

485 1742 684 1794 editum
713 1741 853 1810 quod
890 1743 1056 1809 aperit
1089 1757 1297 1795 omnem
1337 1742 1545 1795 ruloam
1607 1743 1660 1794 in
1713 1743 1840 1810 [iliis
1897 1740 2073 1794 Israel

487 1837 553 1888 ab
585 1837 796 1889 homine
830 1852 992 1905 usque
1028 1836 1099 1888 ad
1129 1851 1284 1903 pecus
1321 1835 1388 1888 “‘.
1416 1833 1592 1903 Cujus
1615 1834 1820 1889 divina:
1865 1834 2072 1888 consli-

487 1929 718 1982 tutionis
785 1928 1174 1996 complicatam
1247 1934 1300 1980 ct
1362 1926 1666 1980 involutam
1722 1927 2070 1991 sententiam,

487 2030 747 2090 tanquam
834 2021 1119 2088 ea’plscans
1201 2027 1258 2072 et
1332 2033 1614 2087 exponens
1692 2034 1817 2072 cum
1897 2031 2074 2088 popu-

491 2114 599 2165 lum
681 2111 1056 2180 alloqucrctur
1120 2110 1316 2164 beatus
1383 2108 1620 2179 Moyses.
1695 2108 1764 2162 Et
1834 2109 2066 2171 accidet,

489 2203 691 2273 inquit,
721 2220 838 2255 cum
871 2202 1123 2256 Dominus
1176 2201 1315 2254 Deus
1345 2213 1466 2254 tuus
1500 2200 1861 2255 introduxerit
1913 2211 1962 2256 te
2014 2204 2072 2255 in

487 2304 686 2345 terram
726 2291 1171 2356 Clumanaaorunt,
1232 2290 1677 2359 quemadmodum
1707 2291 1914 2360 jurarit
1976 2293 2073 2346 tibi

485 2395 536 2438 et
565 2384 808 2452 patribus
839 2385 942 2437 tuis
978 2385 1104 2436 dum
1131 2382 1380 2436 dicebat:
1410 2382 1478 2435 Et
1515 2383 1653 2436 dabo
1689 2383 1784 2436 tibi
1811 2401 1962 2446 eam;
1993 2401 2074 2437 se-

487 2476 728 2546 gregabis
757 2493 908 2528 omne
936 2475 1075 2545 quod
1107 2477 1303 2545 aperiet
1333 2476 1562 2537 vulvam,
1597 2477 1841 2530 mascula
1861 2477 2071 2544 (videli-

488 2578 591 2628 cet;
628 2567 889 2622 Domino:
939 2577 988 2622 et
1048 2584 1200 2620 omne
1241 2569 1484 2636 aperiens
1544 2567 1751 2622 ruinam
1807 2585 1872 2622 ea:
1916 2570 2070 2623 boum

487 2659 766 2719 armentis.
801 2669 892 2712 aut
920 2660 976 2712 in
997 2657 1271 2728 pecoribus
1299 2661 1428 2721 tuis,
1455 2674 1778 2729 quacunque
1818 2660 1914 2713 tibi
1945 2670 2071 2714 nata

489 2751 709 2820 fuerint.
740 2751 1038 2804 masculina
1086 2750 1318 2805 Domino
1347 2750 1644 2804 dedicabis.
1684 2749 1850 2806 Omne
1896 2763 2072 2805 autem

489 2846 728 2912 aperiens
778 2844 986 2896 uuluam
1033 2844 1222 2905 asina'.
1264 2859 1354 2897 ore
1401 2843 1785 2897 comntutabis:
1832 2842 1971 2913 quod
2026 2845 2075 2897 si

490 2953 593 2989 non
624 2935 1052 2995 commutaveris,
1097 2935 1322 2988 redimes
1354 2933 1509 2996 illud,
1537 2944 1586 2987 et
1625 2950 1829 2988 ornnem
1861 2935 2070 3002 primo-

489 3031 718 3097 genitum
747 3030 983 3098 ﬁliorum
1022 3038 1230 3082 tuorum
1255 3028 1480 3082 redimes
1521 3028 1592 3093 ”,
1622 3031 1673 3082 id
1729 3037 1832 3092 est,
1872 3043 1973 3097 pro
2005 3043 2072 3081 eo

491 3126 726 3192 pretium
767 3123 927 3178 dabis
957 3138 1068 3192 quo
1099 3123 1418 3177 redimatur.
1491 3120 1583 3174 Sic
1615 3121 1760 3174 enim
1813 3121 1867 3173 in
1932 3122 2070 3173 libro

492 3217 856 3271 Numerorum
887 3218 1135 3271 divinum
1180 3217 1466 3270 oraculmn
1518 3215 1746 3282 exponit
1781 3224 1944 3282 atque
1971 3215 2066 3267 de-

491 3309 686 3371 clarat,
721 3310 885 3365 verba
915 3309 1124 3364 faciens
1154 3307 1218 3360 ad
1256 3325 1402 3371 eum,
1443 3308 1534 3376 qui
1579 3321 1853 3360 summum
1887 3321 2071 3358 sacer-

489 3402 702 3455 dotium
739 3413 938 3456 nactus
967 3411 1123 3456 erat:
1158 3401 1223 3454 Et
1259 3417 1414 3454 omne
1441 3401 1579 3467 quod
1641 3399 1812 3466 aperit
1861 3398 2070 3451 rulram

490 3498 554 3550 de
581 3497 724 3550 omni
772 3512 933 3548 carne
981 3512 1098 3564 qua?
1127 3497 1423 3564 offeruntur
1467 3495 1691 3548 Domino
1745 3491 1811 3544 ab
1863 3491 2074 3544 homine

491 3605 655 3657 usque
686 3588 753 3640 ad
787 3603 964 3656 pecus,
1002 3588 1096 3639 tibi
1131 3587 1229 3640 erit
1264 3603 1282 3639 :
1311 3597 1663 3653 prtt'tcrquam
1708 3585 1845 3651 qunti
1903 3585 2072 3650 pretio

493 3681 816 3735 redimentur
845 3678 1180 3748 primogeniti
1210 3679 1502 3734 hominum.
1538 3685 1694 3739 atque
1725 3677 1889 3728 etiam
1938 3673 2071 3726 redi-

493 3776 565 3827 mi
599 3775 736 3826 sines
778 3774 1128 3842 primogenita
1188 3769 1593 3840 qnadrupednm
1649 3769 2069 3820 immundarun'.

493 3867 662 3934 Atque
694 3865 984 3933 redemptio
1017 3867 1126 3916 tneo
1156 3873 1269 3917 est:
1299 3865 1336 3915 Α
1370 3873 1636 3916 menstruo
1683 3859 1870 3914 redimi
1911 3861 2076 3930 patie-

492 3960 589 4022 ris,
656 3959 810 4028 pretii
851 3957 1135 4012 a'stimatio
1179 3966 1255 4010 est
1285 3957 1488 4025 argenti
1533 3957 1762 4026 quinque
1819 3954 2074 4007 siclorum

485 4053 645 4120 juxta
665 4053 852 4104 siclunt
885 4061 1146 4104 sanctum.
1196 4049 1568 4102 Verumtamen
1617 4051 1673 4100 iu
1720 4047 1893 4114 primo
1921 4057 2074 4101 natos

493 4146 683 4200 uitulae
707 4154 753 4198 et
784 4145 1159 4214 primogenita:
1184 4159 1300 4195 ores
1338 4151 1386 4195 et
1415 4156 1606 4209 capras
1638 4141 1827 4194 redimi
1852 4157 1956 4194 non
2003 4140 2077 4193 si-

493 4255 582 4293 nes
598 4253 615 4291 :
633 4247 817 4290 sancta
835 4237 973 4288 enim
995 4236 1105 4289 lure
1122 4246 1169 4289 et
1188 4251 1320 4303 pura
1343 4246 1484 4299 sunt,
1499 4243 1547 4285 et
1565 4234 1873 4303 sanguinem
1894 4249 2077 4286 eorum

495 4331 659 4386 altari
679 4328 946 4382 adhibebis
966 4328 1030 4378 ".
1058 4325 1350 4380 Enimvero
1372 4325 1484 4395 jam
1504 4325 1690 4379 divina
1709 4340 1808 4379 rex
1835 4341 1958 4379 cum
1983 4327 2080 4379 im-

495 4421 714 4477 mundis
749 4419 1200 4490 quadrupedibus
1227 4419 1390 4472 simul
1419 4427 1473 4472 et
1515 4417 1808 4487 conjunxit
1846 4427 1899 4471 et
1968 4431 2076 4471 una

2177 543 2237 596 ὲν
2267 544 2335 613 τῇ
2367 542 2608 613 εὐκρινεῖ
2633 542 2882 596 διαϐάσει
2914 542 3022 596 τῶν
3049 541 3356 612 νοημάτων,
3383 541 3445 594 τὸ
3464 540 3776 608 Αίγύπτιον

2176 639 2285 692 τῶν
2317 637 2688 692 ἀπειθούντων
2739 640 2804 709 τῇ
2858 637 3040 708 χάριτι
3081 637 3458 709 διαδράσωμεν
3487 635 3770 706 φρόνημα,

2178 729 2625 799 συγκλυσθέντων
2667 731 2848 784 αὐτῶν
2880 730 2978 801 τῆς
3005 729 3260 800 ἀληθείας
3285 729 3365 799 τῷ
3403 728 3607 799 ῥείθρῳ
3631 743 3645 756 ο
3679 722 3774 788 οἷς

2174 825 2264 878 διὰ
2296 824 2532 896 σπουδῆς
2565 826 2736 888 ἐστιν,
2764 823 3076 894 ἐμποδίζειν
3110 825 3241 893 ἡμῖν
3272 822 3370 893 τὴν
3392 821 3487 874 ἐπὶ
3513 836 3772 890 πνευμα-

2175 916 2334 987 τικὴν
2370 917 2476 987 γῆν
2509 916 2607 986 τῆς
2637 914 2970 983 ἐπαγγελίας
2989 914 3083 967 τοῦ
3103 913 3438 982 Εὐαγγελίου
3468 911 3605 976 ὁδὸν,
3637 910 3770 964 ὲθέ-

2175 1008 2288 1062 λειν
2311 1026 2370 1062 τε
2407 1011 2464 1062 ἐν
2493 1009 2560 1079 τῆ
2610 1009 2808 1080 σιδηρᾷ
2841 1008 3056 1079 καμίνῳ
3102 1005 3196 1060 τοῦ
3228 1006 3554 1077 γράμματος
3601 1004 3771 1076 (ὅπερ

2176 1103 2210 1172 ἡ
2235 1102 2510 1170 Αἴγυπτος
2549 1102 2886 1174 ὠνόμασται)
2921 1100 3252 1172 προσμένειν
3281 1101 3451 1171 ἡμᾶς,
3487 1099 3567 1168 τῷ
3604 1097 3770 1167 πηλῷ

2175 1194 2270 1247 καὶ
2299 1197 2365 1265 τῇ
2396 1194 2646 1266 πλινθείᾳ
2677 1193 3047 1257 δουλεύοντας.
3082 1192 3330 1247 τουτέστι
3357 1192 3477 1254 ταῖς
3519 1207 3772 1261 σώματι-

2176 1288 2300 1348 καῖς
2348 1285 2444 1338 τοῦ
2498 1286 2686 1356 Νόμου
2735 1287 3204 1358 παρατηρήσεσιν.
3246 1283 3406 1354 ’Ἔφη
3453 1283 3630 1336 τοίνυν
3679 1281 3770 1352 τῷ

2174 1379 2381 1449 Μωῦσῇ
2418 1379 2474 1430 ὲν
2506 1377 2768 1449 Αἰγύπτῳ
2800 1379 2829 1430 ὁ
2873 1377 2982 1430 τῶν
3021 1377 3159 1431 ὅλων
3192 1375 3322 1439 Θεὸς
3369 1375 3471 1447 ἤδη
3500 1374 3596 1446 τὴν
3617 1375 3772 1430 κατὰ

2173 1467 2283 1522 τῶν
2331 1469 2693 1539 πρωτοτόκων
2735 1468 3013 1537 Αἰγύπτου
3063 1467 3462 1538 διορισάμενος,
3500 1466 3717 1536 πληγήν
3749 1481 3763 1495 ·

2187 1561 2473 1629 Ἀγίασόν
2497 1579 2597 1630 μοι
2632 1559 2756 1616 πᾶν
2799 1562 3180 1629 πρωτότοκον
3218 1558 3587 1628 πρωτογενὲς
3633 1558 3768 1612 δια-

2173 1655 2380 1724 νοῖγον
2403 1653 2611 1710 πᾶσαν
2631 1653 2870 1724 μήτραν
2895 1654 2964 1707 ἐν
2991 1652 3114 1719 τοῖς
3145 1652 3297 1718 υίοῖς
3338 1650 3605 1719 Ἰσραὴλ,
3637 1649 3765 1705 ἀπὸ

2174 1744 2490 1813 ἀνθρώπου
2534 1744 2641 1810 ἕως
2679 1743 2958 1809 κτήνουςο
2981 1738 3048 1815 ἦς
3085 1759 3228 1804 τινος
3259 1740 3408 1804 Θείας
3438 1739 3765 1811 νομοθεσίας

2175 1837 2237 1888 «ei
2299 1835 2738 1905 συνεπτυγμένον
2789 1833 2981 1904 ὥσπερ
3033 1831 3347 1898 ἐξα-πλώσας
3397 1832 3426 1883 ὁ
3489 1830 3766 1901 μακάριος

2179 1928 2421 1998 Μωῡσῆς
2452 1928 2510 1979 ὲν
2547 1929 2614 1998 τῇ
2654 1927 2795 1998 πρὸς
2828 1926 2919 1979 τὸν
2948 1925 3078 1980 λαὸν
3107 1924 3342 1989 διαλέξει
3375 1923 3761 1991 ἀποφαίνεταιο

2177 2019 2284 2075 Kal
2321 2020 2494 2073 ἔσται
2521 2019 2602 2083 ὡς
2616 2019 2693 2072 ἂν
2725 2017 3016 2086 εἰσαγάγῃ
3058 2033 3132 2070 σε
3166 2017 3383 2082 Κύριος
3414 2017 3446 2069 ό
3469 2015 3610 2079 Θεός
3637 2030 3761 2066 σου

2174 2112 2262 2177 εὶς
2289 2109 2397 2177 τὴν
2433 2109 2550 2180 γῆν
2595 2108 2716 2162 τῶν
2746 2108 3099 2163 Χαναναίων
3121 2147 3137 2171 ,
3196 2107 3270 2160 ὃν
3306 2107 3530 2174 τρόπον
3559 2103 3763 2171 ὤμοσέ

2175 2216 2276 2255 σοι
2303 2202 2402 2255 καὶ
2434 2202 2558 2268 τοῖς
2586 2200 2846 2268 πατράσι
2874 2217 2992 2253 σου
3011 2213 3025 2226 '
3065 2197 3173 2253 Kal
3209 2196 3382 2250 δώσω
3417 2212 3515 2249 σοι
3539 2194 3761 2261 αὐτὴν,

2173 2293 2439 2363 άφοριεῖς
2461 2295 2585 2348 πᾶν
2613 2292 2921 2361 διανοῖγον
2947 2308 3217 2361 μητραν,
3255 2289 3327 2345 τὰ
3363 2288 3647 2358 ἀρρενικὰ
3674 2287 3765 2354 τῷ

2175 2389 2371 2456 Κυρίῳ
2395 2402 2409 2417 ⁶
2457 2387 2557 2441 καί
2579 2385 2702 2440 πᾶν
2723 2385 3029 2455 διανοῖγον
3039 2384 3277 2453 μήτραν
3295 2383 3366 2437 ἐκ
3395 2381 3512 2434 τῶν
3533 2382 3765 2445 .30va-

2173 2479 2351 2541 .lt'orr,
2408 2478 2447 2545 ἢ
2477 2479 2547 2531 ἐν
2595 2477 2710 2542 τοῖς
2762 2476 3014 2540 κτήνεσί
3052 2492 3204 2539 σου,
3261 2475 3380 2527 ὅσα
3410 2474 3488 2526 ἂν
3513 2472 3765 2542 γένηται

2173 2583 2276 2621 σοι
2295 2607 2309 2632 ,
2360 2569 2432 2622 τὰ
2475 2567 2758 2636 ἀρρενικὰ
2786 2566 2866 2631 τῷ
2905 2569 3102 2635 Κυρίῳ
3128 2583 3142 2599 ο
3201 2565 3326 2620 πᾶν
3358 2564 3428 2618 δὲ
3452 2564 3764 2633 διανοῖγον·

2169 2661 2407 2731 μήτραν
2441 2661 2607 2725 ὄνου,
2633 2660 2924 2725 ἀλλάξεις
2957 2658 3262 2727 προϐάτῳο
3298 2658 3407 2712 ἐὰν
3439 2656 3508 2710 δὲ
3528 2657 3614 2727 μὴ
3649 2658 3764 2711 άλ-

2173 2753 2389 2819 λάεῃς,
2415 2751 2699 2822 λυτρὼσῃ
2729 2753 2874 2805 αὐτὸ
2903 2793 2915 2810 .
2945 2751 3044 2804 καὶ
3077 2748 3201 2804 πᾶν
3230 2752 3609 2816 πρωτότοκον
3639 2748 3767 2802 τῶν

2175 2843 2324 2899 υἱῶν
2350 2859 2466 2897 σου
2504 2843 2809 2911 λυτρώσῃ,
2859 2843 3158 2906 τουτέστιν,
3198 2841 3371 2912 λύτρα
3397 2841 3585 2905 δώσεις
3617 2841 3766 2913 ὑπὲρ

2176 2933 2368 2989 αὑτοῦ.
2402 2932 2562 2987 Οὕτω
2590 2934 2699 3005 γὰρ
2729 2937 2785 2986 ἐν
2815 2936 2879 3003 τῇ
2916 2933 3083 3003 βίϐλῳ
3116 2931 3224 2984 τῶν
3249 2929 3528 3002 Ἀριθμῶν
3555 2932 3584 2983 ὁ
3611 2929 3766 2994 θεῖος

2179 3025 2466 3098 σαφηνίζει
2503 3027 2773 3097 χρησμὸς,
2802 3026 2878 3096 τῷ
2908 3026 3004 3094 τῆς
3047 3023 3460 3095 ἀρχιερωσύνης
3495 3023 3764 3093 ἐπειλημ-

2098 3157 2140 3212 C
2181 3121 2326 3191 μένῳ
2351 3120 2761 3190 διαλεγόμενοςο
2781 3119 2894 3173 Καὶ
2917 3119 3044 3174 πᾶν
3061 3117 3365 3186 διανοῖγον
3391 3116 3618 3184 μήτραν
3637 3116 3764 3172 ἀπὸ

2173 3214 2379 3280 πάσης
2430 3213 2659 3282 σαρκὸς
2702 3213 2740 3266 (ἲ
2786 3211 3200 3282 προσφέρουσι
3247 3209 3327 3276 τῷ
3378 3210 3600 3276 Ιίιιρίφ,
3633 3211 3761 3264 ἀπὸ

2170 3305 2486 3373 ἀνθρώπου
2515 3305 2624 3371 ἕως
2636 3305 2920 3370 κτήνους,
2940 3304 3040 3357 σοὶ
3067 3304 3236 3358 ἔσται
3260 3320 3272 3331 ·
3296 3303 3432 3358 ἀλλ’
3463 3303 3766 3370 ἣ.1ὐτροις

2170 3397 2619 3465 λυτρωθήσεται
2645 3395 2716 3449 τὰ
2746 3397 3093 3463 πρωτότοκα
3130 3393 3246 3446 τῶν
3275 3393 3618 3462 ἀνθρώπων,
3659 3393 3764 3446 καὶ

2172 3490 2244 3542 τὰ
2277 3491 2622 3557 πρωτότοκα
2657 3487 2776 3542 τῶν
2811 3486 3044 3554 κτηνῶν
3088 3487 3208 3539 τῶν
3255 3486 3602 3554 ἀκαθάρτων
3645 3488 3763 3540 ,ιυ-

2173 3581 2372 3650 τρώσῃ
2397 3598 2411 3613 ο
2461 3582 2569 3636 Καὶ
2601 3583 2639 3648 ἡ
2680 3582 2979 3648 λύτρωσις
3017 3581 3230 3635 αὑτοῦ·
3292 3580 3434 3634 τΑπό
3475 3581 3762 3650 μηνιαίου

2172 3676 2472 3743 λυτρώσῃ,
2507 3676 2545 3740 ἡ
2570 3674 3248 3743 συντίμησιςλάργυρίου
3293 3674 3472 3727 πέντε
3506 3674 3761 3738 σίκλων,

2173 3767 2323 3821 κατὰ
2351 3766 2460 3819 τὸν
2498 3767 2723 3821 σίκλον
2758 3764 2866 3818 τόν
2891 3765 3082 3834 ἅγιον.
3108 3765 3285 3833 Πλὴν
3312 3767 3386 3819 τὰ
3419 3767 3764 3834 πρωτότοκα

2174 3860 2294 3914 τῶν
2313 3860 2566 3928 μόσχων
2587 3896 2600 3921 ,
2658 3856 2754 3911 καὶ
2803 3859 2875 3910 τὰ
2903 3858 3247 3924 πρωτότοκα
3279 3855 3400 3910 τῶν
3427 3856 3759 3923 προϐάτων,

2175 3955 2270 4006 καὶ
2298 3951 2416 4004 τῶν
2453 3951 2639 4021 αἰγῶν
2664 3953 2736 4006 οὑ
2766 3951 3052 4020 λυτρώσῃ
3075 3970 3087 3984 ο
3139 3951 3280 4021 ἅγια
3310 3951 3420 4022 γάρ
3443 3952 3602 4006 ἐστι·
3655 3953 3757 4006 καὶ

2175 4046 2240 4100 τὸ
2268 4041 2412 4115 αἷμα
2443 4043 2646 4098 αὐτῶν
2670 4045 2995 4114 προσέχεις
3022 4045 3174 4112 πρὸς
3206 4045 3273 4097 τὸ
3304 4042 3757 4112 θυσιαστήριον.

2179 4139 2320 4208 Ἤδη
2352 4138 2451 4208 μὲν
2478 4133 2573 4191 οὖν
2598 4139 2713 4200 τοῖς
2741 4137 3076 4208 ἀκαθάρτοις
3115 4137 3228 4190 τῶν
3255 4137 3478 4207 κτηνῶν
3501 4152 3758 4207 συμπαρ-

2179 4227 2362 4294 έξευξέ
2383 4244 2443 4281 τε
2470 4226 2566 4281 καὶ
2600 4226 2964 4296 συγκατέλεξε
2993 4226 3086 4280 τοῦ
3103 4225 3320 4298 Ἰσραὴλ
3339 4227 3407 4279 τὰ
3439 4226 3757 4297 πρωτότοκα

2176 4323 2211 4392 ἡ
2243 4320 2362 4374 θεία
2389 4322 2538 4392 φωνή
2565 4338 2578 4352 ο
2629 4320 2706 4384 ὡς
2731 4319 2792 4372 τὸ
2817 4319 2988 4382 ὅντως
3034 4318 3447 4388 κεκαθαρμένον
3479 4318 3572 4371 καὶ
3601 4318 3759 4384 ἆγιον

2176 4412 2237 4463 ἐν
2265 4413 2330 4482 τῇ
2359 4410 2502 4464 κατά
2530 4411 2716 4480 Νόμον
2750 4409 2976 4481 λατρεία
3005 4411 3106 4462 οὐκ
3136 4409 3356 4478 ἔχοντα,
3389 4410 3437 4461 εί
3475 4408 3570 4461 καὶ
3599 4409 3761 4476 ἀγιάε-

495 4519 803 4568 ι.ιιιιιει·ιινίι
833 4521 996 4582 atque
1045 4513 1326 4566 recensuit
1361 4512 1759 4582 primogenitos
1817 4510 2069 4565 lsraelis:

2178 4502 2366 4568 ζεσθαι
2394 4501 2537 4556 αὐτὰ
2582 4505 2648 4573 τῇ
2677 4501 3060 4572 ἀποκληρώσει
3094 4501 3192 4568 τῆς
3233 4499 3552 4570 νομοθεσίας
3581 4500 3763 4570 ἐνομί-

491 4605 694 4675 quippe
723 4603 812 4674 qui
846 4619 987 4666 eam,
1029 4618 1151 4672 quae
1207 4616 1397 4656 revera
1445 4601 1658 4670 paritas
1686 4608 1741 4654 et
1804 4601 2076 4655 sanctitas

491 4707 596 4759 est,
633 4711 727 4765 per
771 4710 920 4757 eum,
948 4695 1042 4762 qui
1094 4691 1397 4747 secundum
1437 4690 1633 4762 Legem
1693 4690 2076 4755 exercebatur,

493 4786 701 4839 cultum
740 4798 845 4837 non
871 4783 1158 4846 haberent,
1214 4781 1430 4836 etiamsi
1479 4781 1814 4836 sanctilicari
1852 4796 1950 4834 eos
1983 4781 2079 4836 dc-

493 4877 790 4932 stiuatione
824 4883 990 4944 atque
1031 4874 1389 4928 attributione
1421 4873 1612 4944 legalis
1664 4874 2078 4929 constitutionis

497 4970 669 5024 moris
703 4976 840 5022 erat.
889 4966 1021 5020 Nam
1056 4967 1311 5022 similiter
1368 4975 1532 5036 atque
1588 4980 1687 5034 pro
1739 4966 1806 5020 iis
1839 4981 1961 5034 qua:
2015 4965 2070 5019 in

495 5058 780 5113 sacriﬁciis
810 5057 961 5128 rejici
992 5073 1056 5111 ac
1094 5057 1377 5127 reprobari
1438 5056 1710 5120 solebant,
1738 5057 2072 5126 redemptio-

495 5151 580 5204 nis
613 5150 846 5218 pretium
889 5164 988 5220 pro
1019 5148 1402 5218 primogenitis
1438 5148 1860 5216 hominumlege
1889 5147 2071 5202 divina

493 5243 634 5313 apud
666 5257 761 5297 eos
786 5243 1052 5296 sancitum
1081 5248 1234 5297 erat:
1300 5241 1505 5311 quippe
1527 5255 1652 5294 eum
1701 5241 1770 5306 is,
1804 5241 1894 5310 qui
1930 5241 2073 5312 apud

491 5334 713 5388 Judtros
736 5341 853 5389 erat
887 5335 1072 5388 minus
1117 5333 1332 5388 ratione
1372 5333 1532 5387 nixus
1573 5340 1765 5397 status,
1818 5333 2076 5403 indignus

493 5439 639 5483 esset
674 5429 764 5498 qui
801 5427 1122 5481 rationalem
1161 5427 1369 5481 cultum
1409 5426 1650 5489 offerret,
1707 5437 1761 5480 et
1799 5428 1862 5478 ad
1903 5428 2076 5480 matti-

496 5534 584 5575 me
620 5521 907 5590 mysticum
931 5517 1067 5574 Novi
1103 5519 1440 5575 Testamenti
1471 5522 1644 5573 altare
1677 5535 1772 5589 pro
1801 5519 2072 5590 spirituali

497 5614 822 5667 liolocausto
856 5612 1238 5669 adduceretur.
1277 5612 1454 5668 Pretia
1487 5629 1614 5668 vero
1679 5612 2074 5683 redemptionis

2178 4596 2320 4661 ζετο.
2354 4595 2588 4666 Ὁμοίως
2604 4594 2713 4666 γὰρ
2741 4596 2820 4658 είς
2845 4593 3038 4647 θυσίαν
3062 4592 3196 4646 Θεοῦ
3215 4591 3565 4662 άποϐλήτοις,
3588 4591 3763 4663 λύτρα

2176 4686 2415 4742 δίδοσθαι
2433 4687 2554 4741 ἀντὶ
2567 4685 2675 4738 τῶν
2692 4683 2995 4757 ἀνθρώπιον
3020 4703 3092 4738 πα
3103 4683 3148 4754 ρ’
3173 4685 3353 4747 αὐτοῖς
3378 4683 3726 4738 ὲτεθέσπιστο
3745 4701 3760 4714 ·

2178 4782 2255 4846 ὡς
2303 4781 2404 4850 τῆς
2448 4779 2599 4852 παρά
2664 4778 2937 4842 Ἰουδαίοις
2987 4778 3330 4850 ἀλογωτέρας
3377 4779 3766 4843 καταστάσεως

2179 4872 2401 4938 ἀναξίας
2427 4869 2779 4942 ὑπαρχούσης
2801 4869 2898 4940 τὴν
2915 4868 3136 4939 λογικὴν
3164 4869 3454 4938 ἀναφέρειν
3482 4868 3762 4938 λατρείαν,

2181 4965 2277 5020 καὶ
2304 4963 2382 5035 τῷ
2414 4964 2514 5033 τῆς
2534 4962 2740 5033 Καινῆς
2758 4961 3034 5031 Διαθήκης
3063 4960 3460 5032 μυστικωτάτῳ
3491 4961 3572 5024 εἰς
3598 4976 3766 5012 πνευ-

2183 5057 2421 5129 ματικὴν
2487 5055 2864 5124 ὁλοκάρπωσιν
2936 5051 3309 5122 προσάγεσθαι
3370 5051 3764 5121 θυσιαστηρίῳ.

2181 5149 2366 5220 Λύτρα
2406 5147 2485 5214 δὲ,
2516 5145 2708 5216 ῶσπερ
2737 5147 2906 5216 ἑαυτῇ
2941 5144 3254 5215 κατάλληλα
3283 5143 3566 5217 εἰθισμένη
3594 5160 3768 5214 προσα

2183 5245 2336 5312 άγειν
2358 5241 2455 5304 τὰς
2479 5239 2621 5294 κατά
2640 5239 2822 5310 Νόμον
2842 5238 2906 5290 δι’
2925 5239 2978 5291 al.
2986 5237 3171 5307 μάτων
3187 5236 3378 5298 θυσίας
3398 5235 3483 5307 (ἃς
3501 5236 3530 5288 ὁ
3549 5236 3767 5306 προφή-

2181 5350 2281 5403 της
2321 5331 2571 5394 Ἦσαῖας.
2594 5329 2668 5393 ὡς
2690 5330 2754 5382 ὲκ
2780 5326 3076 5400 προσώπου
3103 5326 3197 5380 τοῦ
3223 5325 3384 5390 Θεοῦ,
3415 5324 3549 5396 μηδὲ
3569 5325 3771 5397 ἐξῃτη-

2180 5426 2332 5480 κέναι
2358 5423 2510 5495 παρά
2546 5423 2656 5475 τῶν
2682 5421 2880 5493 χειρῶν
2912 5420 3093 5474 αὐτῶν
3125 5418 3462 5491 διορίζεται),
3498 5419 3574 5482 ὡς
3601 5434 3772 5470 πνευ-

2185 5514 2418 5587 ματικὴν
2466 5513 2668 5585 δηλαδὴ
2731 5511 3008 5565 τελείωσιν
3072 5509 3166 5564 τοῦ
3217 5508 3419 5563 σκοποῦ
3474 5507 3772 5576 νομοθέτου

2180 5607 2434 5681 ὁρῶντος.
2483 5606 2564 5660 Τά
2585 5606 2640 5660 δὲ
2670 5607 2749 5669 εἰς
2779 5604 2968 5660 θυσίαν
2999 5603 3404 5676 προσαγόμενα,
3432 5594 3511 5656 ὧν
3544 5599 3605 5654 τδ
3629 5593 3772 5670 αἷμα

567 5793 614 5832 ³⁵
655 5793 826 5850 Exod.
873 5808 990 5861 xm,
1028 5793 1082 5849 *2.
1126 5793 1167 5824 ¹⁶
1201 5793 1331 5848 ibid.
1373 5793 1558 5847 ll-l5.
1624 5761 1669 5824 ἶ⁷
1706 5790 1864 5847 Num.
1901 5807 1981 5858 ιιι,
2034 5791 2073 5844 ι;

2186 5805 2303 5855 νιιι,
2349 5789 2434 5843 17.
