4092 6378
321 420 450 478 “6|

1465 411 1550 464 DE
1591 396 1906 466 OCCEllSlF
1954 408 2212 477 DOMINI,
2253 411 2405 467 ETC.

3443 411 3579 463 llf‘Z

319 533 638 606 προχεῖσθαι
689 533 768 603 τῷ
814 533 1183 603 θυσιαστηρίῳ
1235 509 1573 602 ὲνενόμιστο,
1610 532 1777 599 Ἀγια
1825 531 1904 582 δι-

2020 536 2184 596 arant,
2217 531 2382 585 veluti
2417 531 2518 600 ipsi
2548 529 2949 594 convenientia,
2982 536 3041 582 ttt
3078 533 3202 598 qua:
3241 525 3401 581 solita
3435 535 3584 580 esset

318 624 663 694 εσταλμένως
692 624 1036 695 ὠνόμασταιο
1085 625 1188 677 κάν
1215 623 1390 694 τούτῳ
1421 622 1620 693 δηλαδὴ
1647 609 1744 692 τῆς
1771 621 1902 690 ἀλη-

319 716 474 779 θείας
522 716 1069 788 προδιαγραιρομένης
1105 716 1182 785 τῷ
1206 715 1380 786 τύπῳ.
1443 715 1502 766 '0
1549 713 1658 784 γὰρ
1708 711 1900 766 ἑαυτὸν

318 805 692 876 προσαγαγὼν
722 807 798 877 τῷ
830 807 952 877 Θεῷ
979 809 1072 861 καὶ
1093 807 1270 878 Πατρὶ
1303 805 1511 869 θυσίαν,
1541 805 1634 858 καὶ
1663 821 1901 875 προσφο-

320 895 422 966 ρὰν
465 897 543 958 είς
597 896 776 967 ὀσμὴν
811 896 1074 961 εὐωδίας,
1122 899 1151 949 6
1185 897 1388 967 Κύριος
1433 895 1590 967 ἡμῶν
1637 896 1842 966 Ἰησοῦς
1874 899 1902 947 ὀ

315 989 576 1060 Χριστὸς,
605 985 762 1052 οὗτος
790 990 948 1061 μόνος
999 989 1201 1061 κυρίως
1231 991 1324 1044 καὶ
1349 989 1568 1061 άληθῶς
1602 989 1754 1056 ἅγιος
1784 988 1897 1040 ἔστι

315 1096 378 1133 τε
405 1082 500 1134 καὶ
521 1082 870 1153 ὀνομάζεται.

2007 620 2205 677 offerre
2235 621 2506 676 sacriﬁcia
2537 637 2660 692 qua:
2689 637 2752 675 ex
2785 621 2903 691 lege
2933 619 3070 673 ﬁunt
3099 632 3197 688 per
3255 616 3580 685 sanguinem

2008 714 2150 785 (quae
2177 713 2447 768 sacriﬁcia
2512 713 2682 769 Isaias
2718 711 3006 784 prOplieta,
3043 719 3301 780 tanquam
3350 723 3414 761 ex
3464 721 3587 776 per-

2006 821 2142 861 sona
2175 805 2270 861 Dei
2297 807 2548 876 loquens,
2583 821 2649 861 ne
2675 803 3039 873 requisivisse
3067 800 3288 870 quidem
3320 798 3387 853 de
3411 798 3587 852 mani-

2007 896 2115 952 bus
2145 912 2336 951 eorum
2361 896 2594 951 aﬂirmat
2625 896 2714 965 ¹ι’),
2745 895 2947 964 quippe
2999 893 3066 947 ad
3108 890 3447 961 spiritualem
3500 888 3588 942 ni-

2013 987 2211 1040 mirum
2245 987 2540 1057 perfectam
2579 995 2633 1042 et
2675 987 2977 1041 absolutam
3007 981 3480 1038 consecrationem
3532 985 3588 1033 et

2005 1081 2366 1137 initiationetn
2419 1092 2600 1136 mente
2667 1089 2832 1150 atque
2883 1078 3186 1132 intentione
3251 1071 3585 1144 legislatoris

320 1180 622 1242 spectante,
654 1189 776 1244 qua:
805 1182 986 1230 autem
1019 1175 1086 1228 ad
1131 1173 1460 1230 sacrilleium
1499 1173 1893 1236 offerebantur,
1935 1189 2169 1244 quorum
2215 1176 2537 1246 sanguinem
2573 1184 2700 1228 ante
2738 1174 2911 1227 altare
2951 1168 3210 1243 profundi
3240 1167 3410 1222 moris
3443 1173 3584 1228 erat,

321 1275 511 1324 sancta
541 1268 800 1324 distincte
861 1269 1146 1325 nominata
1183 1277 1348 1326 sunt:
1413 1269 1615 1338 quippe
1648 1285 1772 1322 cum
1804 1269 1970 1322 etiam
2013 1269 2066 1322 in
2107 1268 2209 1323 hac
2243 1270 2502 1324 nimirum
2537 1271 2706 1338 figura
2736 1268 2936 1321 veritas
2964 1267 3122 1336 longe
3148 1271 3275 1317 ante
3314 1258 3587 1314 describo-

319 1367 412 1415 tur
461 1367 625 1430 atque
677 1361 1020 1433 designetur.
1055 1362 1190 1417 Nam
1248 1363 1341 1433 qui
1401 1363 1643 1432 seipsum
1701 1361 1900 1415 obtulit
1940 1361 2051 1416 Deo
2084 1377 2148 1416 ac
2211 1359 2358 1416 Patri
2426 1362 2707 1416 victimam
2757 1367 2811 1414 ct
2857 1357 3188 1413 oblationem
3250 1355 3304 1406 in
3359 1352 3586 1405 odoretn

319 1454 633 1520 suavitatis,
711 1454 982 1512 Dominus
1049 1464 1243 1512 noster
1288 1455 1454 1510 Jesus
1481 1455 1746 1509 Christus
1804 1455 1869 1519 ‘9,
1930 1456 1978 1510 is
2017 1456 2168 1510 solus
2225 1455 2444 1526 proprie
2488 1462 2542 1508 et
2601 1470 2726 1508 vere
2783 1460 3005 1508 sanctus
3058 1452 3111 1505 et
3169 1455 3252 1503 est
3303 1452 3356 1500 et
3409 1442 3586 1498 nunti-

319 1556 505 1603 natur.

404 1640 544 1693 Ἀλλ’
572 1641 700 1704 ἴσως
733 1641 850 1714 ἐρεῖ
872 1642 901 1695 6
940 1642 1171 1714 ἀπειθὴς
1209 1644 1480 1706 Ἰουδαῖος,
1535 1644 1609 1708 ῶς
1656 1646 1722 1714 τῇ
1753 1643 1892 1696 κατὰ

2074 1638 2180 1693 Sed
2219 1638 2448 1692 forsitan
2509 1636 2656 1692 dicet
2687 1634 3000 1690 incredulus
3053 1629 3296 1695 Iudaeus,
3325 1641 3450 1680 cum
3478 1638 3584 1677 non

321 1731 486 1801 νόμον
519 1731 681 1804 θυσίᾳ
707 1735 767 1786 ού
800 1733 1074 1804 δυνάμενα
1121 1734 1490 1806 προσάγεσθαι
1517 1734 1623 1788 τῶν
1658 1734 1778 1787 κατ’
1810 1734 1906 1786 αύ-

2020 1743 2237 1807 possent
2287 1733 2650 1806 primogenita
2707 1745 2896 1786 earum
2959 1721 3398 1798 quadrupedum,
3459 1731 3584 1787 quae

319 1821 412 1875 τὸν
438 1821 762 1892 ἀκαθάρτων
797 1823 1010 1894 κτηνῶν
1043 1824 1110 1878 τά
1142 1823 1462 1895 πρωτότοκα
1483 1865 1496 1887 ,
1527 1823 1737 1895 λύτροις
1762 1825 1910 1877 ἀντι-

323 1912 798 1967 καταλλάσσεσθαι
828 1913 1022 1967 εἴωθεν
1039 1930 1053 1944 ·
1081 1915 1283 1984 ὁμοίως
1314 1917 1406 1968 καὶ
1425 1914 1529 1967 τῶν
1556 1914 1909 1985 ἀνθρωπίνων

325 2005 686 2075 πρωτοτόκων
734 2007 815 2068 είς
852 2005 1044 2059 θυσίαν
1089 2005 1167 2076 μὴ
1209 2007 1739 2076 κατασφαττομένων
1791 2003 1908 2075 (καὶ

326 2094 437 2166 γὰρ
479 2095 708 2159 ἀπεικὸς
751 2095 910 2149 τοῦτό
955 2113 1040 2164 γε,
1081 2095 1176 2150 καὶ
1209 2096 1359 2158 θείας
1391 2095 1712 2166 νομοθεσίας
1750 2094 1908 2147 άλλόέ

328 2189 526 2259 τριον),
556 2187 730 2240 ταῦτα
762 2189 830 2258 τῇ
861 2187 968 2240 τῶν
1011 2187 1222 2259 λύτρων
1260 2187 1482 2258 ἀμείψει
1523 2186 1908 2259 καθιεροῦσθαι

325 2278 495 2340 εἰκός.
539 2277 678 2329 Ἀλλ’
699 2277 1111 2347 ὲπισκεψάσθω,
1139 2277 1253 2345 εἴγε
1283 2278 1358 2349 μὴ
1385 2276 1463 2349 τῷ
1490 2276 1909 2346 ὲπιπροσθοῦντι

323 2371 442 2432 ταῖς
472 2367 570 2438 τῆς
588 2368 765 2438 ψυχῆς
799 2367 980 2421 αὐτῶν
1009 2367 1165 2436 ὄψεσι
1192 2367 1512 2438 καλύμματι
1537 2365 1906 2437 ἐμποδίζεται,

327 2458 402 2521 ὡς
432 2459 532 2528 ἤδη
567 2460 625 2510 ὲν
663 2459 825 2528 ἑτέρᾳ
871 2459 1161 2529 νομοθεσίᾳ
1205 2459 1332 2521 τοὺς
1373 2459 1605 2522 Λευῖτας
1631 2457 1908 2528 εἰληφέναι

329 2552 409 2612 είς
434 2550 732 2620 ἀφιέρωσιν
755 2550 877 2603 ἀντὶ
898 2549 1004 2602 τῶν
1023 2550 1404 2621 πρωτοτόκων,
1445 2549 1506 2604 τὸ
1541 2551 1683 2620 ἱερὸν
1705 2549 1908 2614 ἐδίδαξε

329 2640 592 2710 Γράμμα,
614 2641 810 2693 οὑτωσὶ
827 2640 1036 2708 φάσκον
1059 2641 1118 2693 ὲν
1141 2643 1252 2703 τοῖς
1269 2640 1544 2710 Ἀριθμοίς
1561 2643 1654 2694 ἐπὶ
1673 2639 1872 2706 λέξεως
1890 2657 1906 2672 ο

329 2731 440 2786 Kal
469 2731 737 2799 ἐλάλησε
762 2734 977 2800 Κύριος
1010 2733 1158 2802 πρὸς
1181 2732 1447 2800 Μωῢσῆν
1477 2733 1672 2802 λέγων
1696 2751 1708 2762 ·
1763 2731 1907 2787 Ἰδοὺ

327 2822 550 2889 εἴληφα
573 2823 713 2888 τοὺς
736 2824 990 2888 Λευΐτιις
1018 2823 1085 2876 ἐκ
1109 2821 1303 2891 μέσου
1333 2821 1450 2875 τῶν
1481 2821 1626 2876 υἱῶν
1649 2821 1906 2890 Ἰσραὴλ,

327 2917 464 2970 ἀντὶ
509 2917 735 2982 παντὸς
782 2918 1158 2984 πρωτοτόκου
1219 2916 1628 2984 διανοίγοντος
1674 2916 1909 2984 μήτραν

330 3007 491 3074 παρὰ
519 3005 638 3060 τῶν
669 3006 815 3060 υἱῶν
877 3006 1115 3074 Ἰσραήλ
1134 3023 1148 3036 ο
1194 3007 1384 3073 λύτρα
1407 3004 1606 3059 αὐτῶν
1641 3007 1904 3067 ἔσονται,

334 3099 434 3150 καί
463 3097 708 3152 ἔσονταί
735 3115 835 3166 μοι
869 3101 922 3151 οἱ
970 3097 1228 3153 Λευῖται.
1271 3097 1431 3165 Ἐμοί
1466 3096 1575 3166 γὰρ
1608 3093 1730 3149 πᾶν
1757 3111 1909 3162 πρω-
1933 3074 1977 3132 C

333 3190 584 3242 τότοκον
608 3189 828 3257 ήγίασα
855 3189 924 3240 ἐν
957 3188 1218 3256 Ἰσραὴλ,
1241 3188 1311 3241 ἐν
1337 3183 1376 3260 ᾗ
1426 3188 1614 3257 ἡμέρᾳ
1641 3186 1911 3250 ἐπάταξα

335 3275 460 3330 πᾶν
503 3278 878 3345 πρωτότοκον
921 3276 991 3329 ἐν
1034 3275 1109 3345 τῇ
1136 3277 1427 3345 Αἰγύπτῳ.
1486 3271 1618 3328 Εἶτα
1667 3277 1727 3328 τὸ
1757 3277 1912 3345 ἀκρι-

336 3369 427 3431 ϐὲς
443 3368 541 3437 τῆς
557 3367 831 3438 ἀμείψεως
854 3368 1183 3438 διαγορεύων
1207 3370 1236 3420 6
1257 3368 1437 3437 νόμος,
1461 3364 1646 3421 Εἶπεν
1673 3369 1911 3436 Κύριος,

339 3465 492 3533 φησὶ,
519 3463 668 3531 πρὸς
699 3461 929 3530 Μωσῆν
957 3462 1168 3531 λέγων·
1210 3463 1569 3530 Ἐπίσκεψαι
1611 3461 1734 3516 πᾶν
1762 3475 1914 3529 πρω-

338 3556 588 3607 τότοκον
614 3551 731 3606 τῶν
760 3551 905 3606 υιῶν
941 3551 1176 3620 Ἰσραὴλ
1213 3553 1330 3606 ἀπὸ
1372 3553 1654 3620 μηνιαίου
1695 3552 1793 3604 καὶ
1819 3552 1916 3604 ἑπ-

340 3646 482 3706 circo,
513 3644 610 3697 καὶ
651 3643 800 3697 λαϐὲ
829 3643 936 3697 τὸν
968 3643 1217 3712 ἀριθμόν
1253 3641 1322 3706 ἐξ
1370 3643 1658 3711 ὀνόματος
1695 3643 1914 3698 αὐτῶν.

344 3736 452 3790 Καὶ
494 3734 664 3801 λήψῃ
700 3733 843 3800 τοὺς
881 3735 1132 3799 Λευΐτας
1181 3732 1308 3802 ἐμοὶ
1346 3733 1478 3786 ἀντὶ
1522 3732 1763 3786 πάντων
1797 3731 1918 3786 τῶν

343 3827 730 3894 πρωτοτόκων
761 3824 879 3879 τῶν
913 3825 1060 3879 υἱῶν
1084 3825 1353 3892 Ἰσραήλ.
1391 3821 1521 3878 Εἶτα
1563 3826 1662 3894 τῆς
1700 3843 1920 3897 συναρι-

342 3918 598 3987 θμὴσεως
653 3917 760 3969 τῶν
817 3919 1172 3987 πρωτοτόκων
1214 3917 1349 3988 πρὸς
1395 3917 1483 3970 τὸν
1536 3917 1766 3987 ἀριθμὸν
1811 3918 1920 3970 τῶν

346 4009 590 4062 Λευῖτῶν
611 4009 666 4062 ὲν
692 4008 1016 4078 πλεονασμῷ
1044 4010 1176 4080 εὑρη
1187 4009 1375 4079 μένης,
1404 4010 1585 4078 φησίν·
1623 4008 1922 4075 Ἐλάλησε

347 4103 562 4168 Κύριος
578 4101 657 4166 τῷ
672 4097 896 4168 Μωῦσῆ
915 4099 1128 4171 λέγων·
1145 4101 1298 4154 Λάϐε
1314 4100 1386 4153 τὰ
1407 4102 1596 4168 λύτρα
1617 4099 1734 4154 τῶν
1753 4104 1924 4154 πλεο-

349 4191 646 4251 ναζόντων
685 4196 844 4259 παρά
883 4193 1021 4258 τοὺς
1059 4194 1307 4258 Λευΐτας
1351 4194 1469 4246 ἀπὸ
1495 4191 1613 4245 τῶν
1637 4194 1925 4260 πρωτοτό-

349 4302 472 4338 κων
492 4284 609 4336 τῶν
627 4284 775 4337 υίῶν
805 4286 1053 4353 Ἰσραὴλ
1071 4326 1084 4349 ,
1124 4285 1221 4337 καὶ
1253 4284 1426 4353 λήψῃ
1463 4284 1641 4337 πέντε
1670 4285 1926 4348 σίκλους

351 4375 502 4428 κατὰ
530 4375 804 4443 κεφαλὴν
838 4376 986 4428 κατὰ
1012 4375 1078 4428 τὸ
1101 4375 1426 4443 δίδραχμον
1465 4375 1527 4427 τὸ
1551 4375 1738 4444 ἅγιον.
1756 4377 1925 4446 Εἴπερ

353 4464 446 4521 οὖν
469 4467 608 4520 κατὰ
638 4468 696 4520 τὸ
731 4468 874 4537 ἱερὸν
895 4467 1131 4537 Γράμμα
1162 4469 1210 4518 ol
1239 4465 1462 4519 Λευῖται
1485 4466 1655 4537 λύτρα
1687 4468 1792 4519 εἰσὶ
1817 4467 1925 4519 τῶν

358 4559 716 4631 πρωτοτόκων
738 4559 848 4612 τῶν
874 4559 1005 4612 υἱῶν
1042 4557 1277 4628 Ἰσραὴλ.
1301 4558 1380 4620 ὡς
1413 4559 1508 4610 καὶ
1534 4561 1566 4629 ἡ
1590 4560 1687 4628 τῆς
1720 4576 1928 4628 συναρι-

353 4649 606 4720 θμήσεως
624 4649 1057 4720 ἀκρίϐειαδηλοϊ,
1074 4649 1213 4701 ὥστε
1231 4649 1339 4701 τῶν
1357 4649 1753 4713 πλεοναζόντων
1767 4651 1821 4701 ὲν
1839 4649 1930 4702 αύ-

353 4745 465 4804 τοῖς
496 4741 753 4811 στάθμιον
781 4740 1082 4812 ὡρισμένον
1104 4739 1181 4810 τῷ
1209 4741 1355 4810 νόμῳ
1385 4741 1724 4810 ἀντιδοθῆναι
1748 4758 1761 4771 ·
1793 4742 1931 4811 ποίῳ

356 4832 499 4900 λόγῳ
520 4832 641 4885 καθ’
672 4831 900 4885 ἕκαστον
931 4832 1039 4885 τῶν
1060 4832 1417 4901 πρωτοτόκων
1448 4832 1616 4904 λύτρα
1639 4831 1875 4886 δίδοσθαι
1903 4834 1932 4886 6

357 4926 520 4995 νόμος
541 4925 928 4994 διηγόρευσενς
983 4927 1106 4978 Ἐπὶ
1133 4927 1230 4996 μὲν
1261 4927 1368 4998 γὰρ
1403 4926 1516 4978 τῶν
1547 4927 1932 4996 ἀπροσδέκτων

360 5020 437 5080 είς
464 5016 652 5068 θυσίαν
671 5016 904 5085 κτηνῶν,
931 5017 964 5088 ἢ
988 5018 1468 5086 καταλλάττεσθαι,
1491 5018 1684 5081 ταῦτα,
1709 5019 1740 5088 ἢ
1765 5019 1934 5091 λύτρα

361 5107 502 5177 ὑπὲρ
533 5106 713 5159 αὐτῶν
741 5106 976 5160 δίδοσθαι
1010 5110 1037 5158 6
1066 5109 1227 5178 νόμος
1256 5110 1417 5178 φησίν
1451 5127 1464 5140 ·
1509 5110 1602 5163 ἐπὶ
1625 5110 1680 5162 δὲ
1712 5109 1820 5162 τῶν
1847 5110 1938 5163 άν-

361 5198 614 5269 θρώπων,
643 5199 737 5252 καὶ
760 5198 931 5269 λύτρα
959 5199 1213 5263 δίδοσθαι,
1243 5201 1336 5252 καὶ
1364 5199 1462 5271 ἤδη
1491 5201 1589 5271 τὴν
1613 5200 1936 5270 ἀντάμειψιν

361 5289 450 5342 διὰ
469 5289 578 5342 τῶν
609 5289 851 5343 Λευῖτῶν
878 5289 1129 5357 γενέσθαι
1181 5289 1520 5359 μανθάνομεν
1545 5308 1557 5320 ·
1590 5291 1726 5360 ὅπερ
1755 5290 1938 5361 ἀσύμ-

367 5397 543 5449 φωνον
574 5381 665 5434 καὶ
689 5380 840 5451 αύτῷ
862 5380 1070 5453 νομικῷ
1104 5380 1393 5451 γράμματι
1422 5379 1690 5447 φαίνεται,
1723 5385 1798 5442 ὼς
1825 5382 1857 5450 ἡ
1880 5382 1939 5434 ὲν

367 5474 478 5532 τοῖς
509 5472 724 5539 κτήνεσι
769 5471 1057 5540 νομοθεσία
1100 5471 1268 5541 δηλοῖ,
1301 5472 1394 5524 καὶ
1415 5473 1552 5542 αὑτὴ
1589 5475 1622 5542 ἡ
1651 5472 1813 5541 φύσις
1839 5473 1940 5541 ὑφ-

369 5563 581 5628 ηγεῖται
607 5560 700 5613 τοῦ
734 5564 1074 5631 πράγματος.
1115 5563 1178 5616 Εί
1199 5563 1306 5633 γὰρ
1339 5563 1478 5633 μετὰ
1513 5563 1610 5634 τὴν
1637 5564 1744 5618 τῶν
1778 5567 1941 5618 Λευῖ-

369 5651 477 5704 τῶν
528 5653 667 5722 πρὸς
706 5653 1046 5724 λειτουργίαν
1090 5654 1225 5706 Θεοῦ
1261 5654 1380 5708 ἀντὶ
1413 5654 1520 5708 τῶν
1575 5655 1953 5710 πρωτοτόκων-

451 5827 608 5883 ¹⁶ῐειι.
639 5844 674 5892 ι,
700 5829 756 5881 ll
788 5844 912 5898 sqq.

701 5922 738 5979 I’
758 5943 777 5976 ι
796 5938 967 5979 I'ltUL.
996 5922 1114 5979 (in.
1157 5921 1377 5980 XLVI.

2011 1843 2164 1882 more
2197 1827 2412 1880 illorum
2444 1824 2741 1879 immunda:
2797 1821 3162 1880 habebantur,
3193 1829 3292 1886 pro
3340 1810 3584 1881 legitima

2013 1921 2234 1976 victima
2265 1917 2467 1981 offerri,
2501 1916 2677 1986 pretio
2709 1912 3036 1969 commutari
3087 1924 3152 1963 ac
3206 1904 3401 1961 redimi
3448 1915 3583 1956 con-

2011 2013 2293 2068 suevisse:
2322 2009 2574 2066 similiter
2599 2009 2760 2064 etiam
2816 2021 2940 2060 cum
2977 2002 3256 2057 hominum
3313 1996 3585 2068 primoge-

2012 2105 2109 2158 niti
2139 2118 2238 2175 pro
2266 2103 2502 2157 victimis
2549 2115 2657 2154 non
2692 2103 3059 2153 mactarentur
3084 2091 3308 2163 (etenim
3346 2087 3398 2142 id
3454 2099 3587 2141 sane

2011 2195 2306 2251 absurdum
2351 2203 2406 2248 et
2445 2207 2474 2246 a
2511 2191 2795 2246 sanctione
2845 2189 3028 2242 divina
3066 2186 3299 2239 alienum
3341 2178 3583 2242 fuisset),

2009 2300 2155 2341 recte
2190 2302 2253 2340 ac
2291 2285 2486 2338 merito
2513 2283 2675 2354 pretii
2699 2278 3145 2350 compensatione
3159 2274 3471 2342 redemptos
3494 2282 3589 2321 eos

2009 2389 2062 2432 et
2091 2385 2448 2433 consecratos
2471 2376 2662 2430 fuisse.
2707 2375 2775 2427 At
2799 2373 2904 2427 nisi
2931 2371 3069 2424 forte
3093 2367 3418 2422 velamento.
3442 2358 3588 2429 quod

2009 2471 2175 2526 animi
2205 2470 2381 2526 oculis
2440 2483 2630 2524 eorum
2665 2465 2852 2533 oﬁicit,
2903 2461 3219 2533 impeditur,
3274 2452 3590 2512 consideret

2006 2563 2120 2632 jam
2171 2562 2225 2616 in
2261 2561 2365 2615 alia
2395 2560 2794 2616 constitutione
2825 2571 3012 2612 sacras
3044 2553 3281 2607 Litteras
3312 2545 3590 2606 docuisse,

2010 2651 2227 2708 Levitas
2279 2659 2532 2721 sumptos
2586 2665 2708 2704 esse
2775 2647 2868 2718 qui
2929 2647 3050 2699 loco
3103 2637 3591 2714 primogenitorum

2007 2753 2484 2807 consecrarentur,
2515 2746 2595 2796 sic
2626 2742 2680 2795 in
2715 2737 2973 2794 Numeris
3009 2735 3074 2788 ad
3115 2733 3340 2787 verbum
3397 2727 3588 2780 dicen-

2009 2839 2088 2885 tes
2124 2831 2169 2862 ¹⁰
2204 2851 2216 2885 :
2253 2829 2322 2884 Et
2355 2833 2563 2884 locutus
2595 2839 2674 2883 est
2724 2829 2984 2881 Dominus
3015 2824 3082 2878 ad
3117 2821 3336 2891 Moysen
3366 2817 3542 2870 dicens
3571 2826 3590 2864 :

2008 2920 2145 2974 Ecce
2196 2923 2394 2990 sumpsi
2435 2921 2645 2974 Levitas
2684 2922 2746 2973 de
2795 2918 2963 2973 medio
3003 2918 3236 2986 filiorum
3282 2909 3454 2966 Israel
3496 2924 3592 2976 pro

2007 3010 2150 3062 omni
2185 3010 2528 3079 primogenita
2571 3009 2832 3076 aperiente
2881 3007 3086 3060 vulvam
3119 3021 3150 3056 a
3196 3001 3324 3070 filiis
3381 2996 3593 3060 Israel;

2011 3117 2106 3170 pro
2134 3101 2301 3170 pretio
2330 3100 2546 3155 illorum
2571 3107 2743 3163 erunt,
2792 3109 2842 3153 et
2877 3107 3028 3153 erunt
3060 3098 3162 3150 mei
3198 3096 3388 3151 Levitte
3419 3111 3436 3148 :
3470 3095 3596 3148 mihi

2010 3194 2150 3246 enim
2184 3209 2335 3247 omne
2368 3194 2781 3264 primogenitum
2833 3192 2888 3244 in
2948 3189 3120 3245 Israel
3161 3189 3489 3258 sanctiﬁcavi
3540 3189 3595 3240 in

2013 3285 2108 3338 illo
2133 3285 2232 3350 die,
2261 3302 2364 3355 quo
2397 3286 2634 3355 percussi
2668 3302 2818 3337 omne
2877 3284 3279 3353 primogenitum
3349 3285 3405 3337 in
3453 3294 3595 3338 terra

2015 3375 2258 3446 zEgypti.
2295 3376 2498 3431 Deinde
2545 3385 2747 3430 certam
2790 3383 2843 3430 et
2886 3375 3212 3445 exquisitam
3268 3390 3595 3445 compensa-

2017 3468 2184 3523 tiouis
2215 3478 2376 3538 atque
2430 3467 2846 3539 permutationis
2877 3468 3149 3521 rationem
3181 3481 3400 3536 quoque
3457 3481 3597 3536 pra!-

2017 3557 2268 3612 scribcns
2307 3566 2362 3612 et
2402 3558 2713 3626 exprimens
2762 3558 2840 3611 lex
2887 3576 2898 3612 :
2933 3555 3161 3612 Locutus
3206 3568 3282 3610 est
3323 3557 3598 3622 Dominus,

2020 3651 2230 3719 inquit,
2268 3651 2337 3703 ad
2375 3648 2594 3720 Moysen
2629 3651 2808 3704 dicens
2843 3666 2860 3703 :
2899 3647 3106 3719 Inspice
3141 3659 3292 3719 atque
3325 3651 3600 3705 considera

2020 3759 2221 3796 onmem
2271 3743 2675 3813 primogenitum
2705 3741 2936 3811 ﬁliorum
2991 3741 3185 3805 Israel,
3224 3760 3255 3794 a
3289 3759 3462 3797 mense
3496 3760 3600 3798 uno

2018 3845 2067 3889 et
2105 3851 2286 3902 supra,
2321 3845 2369 3890 et
2428 3837 2745 3890 nominatim
2778 3838 2908 3891 inito
2959 3853 3233 3890 numerum
3286 3853 3488 3900 eorum,
3549 3844 3600 3889 et

2023 3926 2245 3993 accipies
2271 3923 2480 3978 Levitas
2521 3924 2652 3978 mihi
2681 3940 2776 3992 pro
2799 3924 3040 3978 omnibus
3073 3924 3432 3993 primogenitis
3454 3924 3598 3991 ﬁlio-

2023 4033 2141 4070 rum
2174 4014 2366 4070 Israel.
2403 4014 2606 4070 Deinde
2631 4015 3040 4085 computatione
3073 4023 3238 4084 atque
3286 4015 3602 4069 recensione

2027 4106 2315 4170 facta,cum
2333 4105 2731 4175 deprehensqu
2751 4115 2896 4160 esset
2910 4120 3192 4166 numerum
3219 4106 3601 4175 primogenito-

2027 4211 2147 4250 rum
2179 4211 2441 4265 superare
2467 4211 2756 4249 numerum
2776 4194 3110 4261 Levitarum,
3132 4194 3358 4249 Locutus
3383 4205 3481 4257 est,
3515 4197 3602 4250 in-

2026 4289 2165 4356 quit,
2190 4286 2442 4340 Dominus
2464 4285 2639 4356 Moysi
2659 4286 2836 4340 dicens
2860 4302 2876 4339 :
2900 4287 3085 4354 Accipe
3105 4290 3274 4354 pretia
3296 4285 3606 4354 redemptio-

2033 4377 2114 4429 nis
2146 4391 2347 4441 eorum,
2366 4376 2454 4445 qui
2484 4391 2644 4444 supra
2680 4373 2982 4428 Levitarum
3007 4390 3279 4427 numerum
3307 4379 3602 4428 redundant

2031 4468 2094 4522 de
2126 4469 2482 4539 primogenitis
2507 4468 2743 4537 ﬁliorum
2770 4465 2970 4530 Israet,
3005 4477 3053 4520 et
3098 4467 3326 4534 accipies
3377 4468 3605 4536 quinque

2030 4561 2188 4614 siclos
2215 4561 2270 4614 in
2302 4559 2513 4629 singula
2539 4559 2715 4627 capita
2739 4556 2902 4626 juxta
2931 4557 3297 4611 didraclmtum
3340 4569 3602 4611 sanctum.

2034 4651 2094 4706 Si
2130 4652 2296 4722 igitur
2333 4651 2534 4706 Levita:
2599 4649 3093 4721 primogenitorum
3151 4649 3387 4703 ﬁliorum
3439 4650 3608 4704 Israel

2034 4743 2426 4813 redemptionis
2447 4744 2637 4813 pretia,
2653 4749 2906 4813 proutest
2931 4742 2984 4794 in
3002 4740 3177 4796 sacris
3199 4739 3438 4803 Litteris,
3460 4748 3610 4800 sunt,

2034 4837 2495 4907 quemadmodum
2525 4839 2688 4891 etiam
2731 4844 2925 4890 exacta
2961 4835 3296 4904 computatio
3342 4833 3611 4894 declarat,

2038 4929 2110 4982 ita
2141 4937 2196 4982 ιιι
2221 4930 2382 4983 etiam
2422 4943 2452 4981 a
2490 4929 2605 4998 lege
2646 4921 3124 4997 deliniuun'alque
3155 4935 3421 4982 statutum
3473 4941 3614 4996 pon-

2035 5019 2140 5074 dus
2171 5033 2233 5073 ac
2264 5019 2496 5089 pretium
2527 5033 2624 5087 pro
2654 5019 2741 5082 iis,
2772 5018 2865 5088 qui
2917 5018 3059 5072 inter
3091 5031 3185 5072 eos
3242 5030 3470 5070 numero
3523 5029 3616 5069 su-

2038 5111 2321 5180 perabant,
2374 5109 2639 5163 daretur:
2704 5123 2811 5177 qua
2864 5108 3081 5162 ratione
3131 5106 3448 5176 singulatim
3515 5119 3615 5174 pro

2041 5215 2370 5271 unoquoque
2400 5201 2778 5270 primogenita
2808 5197 3200 5266 redemptionis
3231 5197 3350 5252 dari
3382 5197 3618 5268 pretium

2041 5293 2123 5346 lex
2157 5290 2453 5361 praecepit?
2477 5288 2612 5344 Nam
2639 5291 2706 5344 de
2736 5289 3191 5359 quadrupedibus
3217 5288 3463 5359 quidem,
3498 5303 3621 5358 quae

2044 5385 2110 5439 ad
2149 5385 2477 5440 sacriﬁcium
2523 5393 2577 5439 et
2623 5383 2900 5438 victimam
2952 5399 3061 5436 non
3103 5381 3332 5445 idoneas,
3388 5396 3487 5436 nec
3538 5381 3624 5435 di-

2043 5491 2162 5548 gna:
2179 5483 2358 5539 erant,
2375 5489 2496 5543 qua!
2518 5473 3052 5536 assumerentur,vel
3084 5473 3381 5542 permutari
3402 5486 3518 5536 eas,
3537 5471 3625 5526 vel

2046 5569 2280 5638 pretium
2308 5582 2417 5637 quo
2453 5565 2858 5622 redimerentur
2898 5581 2997 5636 pro
3032 5565 3101 5621 iis
3154 5564 3272 5619 dari
3322 5564 3403 5618 lex
3434 5561 3622 5631 jubet;

2050 5661 2116 5714 de
2143 5659 2460 5715 hominibus
2490 5669 2674 5714 autem
2719 5666 2774 5714 et
2804 5659 3196 5728 redemptionis
3225 5656 3456 5726 pretium
3480 5654 3622 5717 dari,

990 5829 1031 5859 ⁸ο
1057 5828 1250 5898 Ephes.
1276 5847 1328 5892 ν,
1349 5830 1404 5883 2.
1486 5832 1529 5863 ²⁰
1547 5829 1706 5886 Num.
1746 5847 1825 5898 ιιι,
1856 5832 1914 5886 ll
1949 5846 2066 5902 sqq.

3215 5916 3294 5975 37
