  <div class='ocr_page' id='page_1' title='image "/cluster/home/n/w/nwhite01/storage/ocr_20150623/46/nnc1.0046978380/589.png"; bbox 0 0 4092 6378; ppageno 0'>
   <div class='ocr_carea' id='block_1_1' title="bbox 495 379 632 433">
    <p class='ocr_par' dir='ltr' id='par_1_1' title="bbox 495 379 632 433">
     <span class='ocr_line' id='line_1_1' title="bbox 495 379 632 433; baseline -0.007 0"><span class='ocrx_word' id='word_1_1' title='bbox 495 379 632 433; x_wconf 77' lang='grc'><strong>1165</strong></span> 
     </span>
    </p>
   </div>
   <div class='ocr_carea' id='block_1_2' title="bbox 1795 371 2542 429">
    <p class='ocr_par' dir='ltr' id='par_1_2' title="bbox 1795 371 2542 429">
     <span class='ocr_line' id='line_1_2' title="bbox 1795 371 2542 429; baseline -0.001 -2"><span class='ocrx_word' id='word_1_2' title='bbox 1887 372 2217 428; x_wconf 79' lang='lat' dir='ltr'><strong>GREGORII</strong></span> <span class='ocrx_word' id='word_1_3' title='bbox 2253 371 2542 428; x_wconf 60' lang='lat' dir='ltr'><strong>IN&#39;YSSENI</strong></span> 
     </span>
    </p>
   </div>
   <div class='ocr_carea' id='block_1_3' title="bbox 3606 376 3746 430">
    <p class='ocr_par' dir='ltr' id='par_1_3' title="bbox 3606 376 3746 430">
     <span class='ocr_line' id='line_1_3' title="bbox 3606 376 3746 430; baseline 0.014 -2"><span class='ocrx_word' id='word_1_4' title='bbox 3606 376 3746 430; x_wconf 69' lang='grc'><strong>1164</strong></span> 
     </span>
    </p>
   </div>
   <div class='ocr_carea' id='block_1_4' title="bbox 491 492 2055 568">
    <p class='ocr_par' dir='ltr' id='par_1_4' title="bbox 491 493 2054 568">
     <span class='ocr_line' id='line_1_4' title="bbox 491 493 2054 568; baseline -0.002 -17"><span class='ocrx_word' id='word_1_5' title='bbox 491 509 652 568; x_wconf 79' lang='lat' dir='ltr'><strong>atque</strong></span> <span class='ocrx_word' id='word_1_6' title='bbox 674 498 836 550; x_wconf 87' lang='lat' dir='ltr'><strong>etiam</strong></span> <span class='ocrx_word' id='word_1_7' title='bbox 868 513 962 567; x_wconf 88' lang='lat' dir='ltr'><strong>per</strong></span> <span class='ocrx_word' id='word_1_8' title='bbox 997 496 1214 551; x_wconf 87' lang='lat' dir='ltr'><strong>Levitas</strong></span> <span class='ocrx_word' id='word_1_9' title='bbox 1243 496 1747 565; x_wconf 87' lang='lat' dir='ltr'><strong>compensationem</strong></span> <span class='ocrx_word' id='word_1_10' title='bbox 1787 493 1904 549; x_wconf 78' lang='lat' dir='ltr'><strong>ﬁeri</strong></span> <span class='ocrx_word' id='word_1_11' title='bbox 1958 494 2054 549; x_wconf 90' lang='lat' dir='ltr'><strong>do-</strong></span> 
     </span>
    </p>
   </div>
   <div class='ocr_carea' id='block_1_5' title="bbox 2158 492 3748 568">
    <p class='ocr_par' dir='ltr' id='par_1_5' title="bbox 2158 492 3748 565">
     <span class='ocr_line' id='line_1_5' title="bbox 2158 492 3748 565; baseline -0.001 -17"><span class='ocrx_word' id='word_1_12' title='bbox 2158 495 2542 565; x_wconf 78' lang='grc' dir='ltr'>ἀποκλήρωσιν</span> <span class='ocrx_word' id='word_1_13' title='bbox 2583 492 2752 560; x_wconf 86' lang='grc' dir='ltr'>λύτρα</span> <span class='ocrx_word' id='word_1_14' title='bbox 2801 493 3032 546; x_wconf 83' lang='grc' dir='ltr'><strong>δίδοσθαι</strong></span> <span class='ocrx_word' id='word_1_15' title='bbox 3079 493 3191 547; x_wconf 80' lang='grc' dir='ltr'>ἀντ’</span> <span class='ocrx_word' id='word_1_16' title='bbox 3243 493 3419 547; x_wconf 78' lang='grc' dir='ltr'>αὐτῶν</span> <span class='ocrx_word' id='word_1_17' title='bbox 3465 493 3748 564; x_wconf 79' lang='grc' dir='ltr'>διηγόρευ-</span> 
     </span>
    </p>
   </div>
   <div class='ocr_carea' id='block_1_6' title="bbox 490 585 2057 656">
    <p class='ocr_par' dir='ltr' id='par_1_6' title="bbox 490 585 2057 656">
     <span class='ocr_line' id='line_1_6' title="bbox 490 585 2057 656; baseline 0.001 -20"><span class='ocrx_word' id='word_1_18' title='bbox 490 604 698 651; x_wconf 84' lang='lat' dir='ltr'><strong>eemur,</strong></span> <span class='ocrx_word' id='word_1_19' title='bbox 729 589 876 655; x_wconf 86' lang='lat' dir='ltr'><strong>quod</strong></span> <span class='ocrx_word' id='word_1_20' title='bbox 899 588 1063 640; x_wconf 86' lang='lat' dir='ltr'><strong>etiam</strong></span> <span class='ocrx_word' id='word_1_21' title='bbox 1095 603 1217 640; x_wconf 92' lang='lat' dir='ltr'><strong>cum</strong></span> <span class='ocrx_word' id='word_1_22' title='bbox 1240 587 1354 656; x_wconf 87' lang='lat' dir='ltr'><strong>ipsa</strong></span> <span class='ocrx_word' id='word_1_23' title='bbox 1378 586 1558 640; x_wconf 78' lang='lat' dir='ltr'><strong>littera</strong></span> <span class='ocrx_word' id='word_1_24' title='bbox 1593 585 1750 656; x_wconf 87' lang='lat' dir='ltr'><strong>legali</strong></span> <span class='ocrx_word' id='word_1_25' title='bbox 1778 600 1886 640; x_wconf 91' lang='lat' dir='ltr'><strong>non</strong></span> <span class='ocrx_word' id='word_1_26' title='bbox 1924 600 2057 638; x_wconf 90' lang='lat' dir='ltr'><strong>con-</strong></span> 
     </span>
    </p>
   </div>
   <div class='ocr_carea' id='block_1_7' title="bbox 490 675 2058 745">
    <p class='ocr_par' dir='ltr' id='par_1_7' title="bbox 490 675 2058 745">
     <span class='ocr_line' id='line_1_7' title="bbox 490 675 2058 745; baseline 0.001 -17"><span class='ocrx_word' id='word_1_27' title='bbox 490 675 718 730; x_wconf 84' lang='lat' dir='ltr'><strong>curdarc</strong></span> <span class='ocrx_word' id='word_1_28' title='bbox 747 691 846 730; x_wconf 88' lang='lat' dir='ltr'><strong>nec</strong></span> <span class='ocrx_word' id='word_1_29' title='bbox 885 675 1174 729; x_wconf 81' lang='lat' dir='ltr'><strong>conciliari</strong></span> <span class='ocrx_word' id='word_1_30' title='bbox 1203 690 1386 745; x_wconf 85' lang='lat' dir='ltr'><strong>posse.</strong></span> <span class='ocrx_word' id='word_1_31' title='bbox 1421 675 1514 730; x_wconf 90' lang='lat' dir='ltr'><strong>sed</strong></span> <span class='ocrx_word' id='word_1_32' title='bbox 1547 675 1862 745; x_wconf 89' lang='lat' dir='ltr'><strong>discrepare</strong></span> <span class='ocrx_word' id='word_1_33' title='bbox 1902 675 2058 730; x_wconf 89' lang='lat' dir='ltr'><strong>vide-</strong></span> 
     </span>
    </p>
   </div>
   <div class='ocr_carea' id='block_1_8' title="bbox 490 763 2058 835">
    <p class='ocr_par' dir='ltr' id='par_1_8' title="bbox 490 763 2058 835">
     <span class='ocr_line' id='line_1_8' title="bbox 490 763 2058 835; baseline -0.002 -16"><span class='ocrx_word' id='word_1_34' title='bbox 490 778 598 832; x_wconf 90' lang='lat' dir='ltr'><strong>tur,</strong></span> <span class='ocrx_word' id='word_1_35' title='bbox 660 765 1118 835; x_wconf 81' lang='lat' dir='ltr'><strong>quemadmodum</strong></span> <span class='ocrx_word' id='word_1_36' title='bbox 1140 763 1207 819; x_wconf 90' lang='lat' dir='ltr'><strong>de</strong></span> <span class='ocrx_word' id='word_1_37' title='bbox 1237 763 1687 834; x_wconf 81' lang='lat' dir='ltr'><strong>quadrupedibus</strong></span> <span class='ocrx_word' id='word_1_38' title='bbox 1735 763 2058 818; x_wconf 79' lang='lat' dir='ltr'><strong>constitutio</strong></span> 
     </span>
    </p>
   </div>
   <div class='ocr_carea' id='block_1_9' title="bbox 489 853 2056 924">
    <p class='ocr_par' dir='ltr' id='par_1_9' title="bbox 489 853 2056 924">
     <span class='ocr_line' id='line_1_9' title="bbox 489 853 2056 924; baseline -0.002 -14"><span class='ocrx_word' id='word_1_39' title='bbox 489 858 745 921; x_wconf 86' lang='lat' dir='ltr'><strong>ostendit,</strong></span> <span class='ocrx_word' id='word_1_40' title='bbox 781 864 832 910; x_wconf 88' lang='lat' dir='ltr'><strong>et</strong></span> <span class='ocrx_word' id='word_1_41' title='bbox 869 856 986 924; x_wconf 89' lang='lat' dir='ltr'><strong>ipsa</strong></span> <span class='ocrx_word' id='word_1_42' title='bbox 1024 855 1102 908; x_wconf 90' lang='lat' dir='ltr'><strong>rei</strong></span> <span class='ocrx_word' id='word_1_43' title='bbox 1152 864 1347 909; x_wconf 89' lang='lat' dir='ltr'><strong>natura</strong></span> <span class='ocrx_word' id='word_1_44' title='bbox 1381 853 1562 909; x_wconf 84' lang='lat' dir='ltr'><strong>docet.</strong></span> <span class='ocrx_word' id='word_1_45' title='bbox 1622 853 1758 908; x_wconf 85' lang='lat' dir='ltr'><strong>Nam</strong></span> <span class='ocrx_word' id='word_1_46' title='bbox 1792 853 1838 907; x_wconf 92' lang='lat' dir='ltr'><strong>si</strong></span> <span class='ocrx_word' id='word_1_47' title='bbox 1889 854 2056 908; x_wconf 91' lang='lat' dir='ltr'><strong>etiam</strong></span> 
     </span>
    </p>
   </div>
   <div class='ocr_carea' id='block_1_10' title="bbox 491 944 2056 1018">
    <p class='ocr_par' dir='ltr' id='par_1_10' title="bbox 491 944 2056 1018">
     <span class='ocr_line' id='line_1_10' title="bbox 491 944 2056 1018; baseline -0.003 -17"><span class='ocrx_word' id='word_1_48' title='bbox 491 957 778 1018; x_wconf 80' lang='lat' dir='ltr'><strong>postquam</strong></span> <span class='ocrx_word' id='word_1_49' title='bbox 836 945 1037 1002; x_wconf 72' lang='lat' dir='ltr'><strong>Levita:</strong></span> <span class='ocrx_word' id='word_1_50' title='bbox 1105 961 1203 1016; x_wconf 90' lang='lat' dir='ltr'><strong>pro</strong></span> <span class='ocrx_word' id='word_1_51' title='bbox 1272 945 1650 1017; x_wconf 88' lang='lat' dir='ltr'><strong>primogenitis</strong></span> <span class='ocrx_word' id='word_1_52' title='bbox 1720 944 1790 1000; x_wconf 91' lang='lat' dir='ltr'><strong>ad</strong></span> <span class='ocrx_word' id='word_1_53' title='bbox 1846 944 2056 998; x_wconf 90' lang='lat' dir='ltr'><strong>cultum</strong></span> 
     </span>
    </p>
   </div>
   <div class='ocr_carea' id='block_1_11' title="bbox 488 1037 2056 1109">
    <p class='ocr_par' dir='ltr' id='par_1_11' title="bbox 488 1037 2056 1109">
     <span class='ocr_line' id='line_1_11' title="bbox 488 1037 2056 1109; baseline 0 -17"><span class='ocrx_word' id='word_1_54' title='bbox 488 1039 730 1093; x_wconf 88' lang='lat' dir='ltr'><strong>divinum</strong></span> <span class='ocrx_word' id='word_1_55' title='bbox 767 1038 1039 1109; x_wconf 80' lang='lat' dir='ltr'><strong>segregati</strong></span> <span class='ocrx_word' id='word_1_56' title='bbox 1085 1045 1264 1101; x_wconf 86' lang='lat' dir='ltr'><strong>erant,</strong></span> <span class='ocrx_word' id='word_1_57' title='bbox 1321 1038 1494 1107; x_wconf 89' lang='lat' dir='ltr'><strong>pretia</strong></span> <span class='ocrx_word' id='word_1_58' title='bbox 1531 1037 1927 1108; x_wconf 85' lang='lat' dir='ltr'><strong>redemptionis</strong></span> <span class='ocrx_word' id='word_1_59' title='bbox 1959 1051 2056 1107; x_wconf 91' lang='lat' dir='ltr'><strong>pro</strong></span> 
     </span>
    </p>
   </div>
   <div class='ocr_carea' id='block_1_12' title="bbox 488 1125 2057 1199">
    <p class='ocr_par' dir='ltr' id='par_1_12' title="bbox 488 1125 2057 1199">
     <span class='ocr_line' id='line_1_12' title="bbox 488 1125 2057 1199; baseline 0.001 -17"><span class='ocrx_word' id='word_1_60' title='bbox 488 1130 595 1184; x_wconf 92' lang='lat' dir='ltr'><strong>illis</strong></span> <span class='ocrx_word' id='word_1_61' title='bbox 621 1130 740 1183; x_wconf 88' lang='lat' dir='ltr'><strong>dari</strong></span> <span class='ocrx_word' id='word_1_62' title='bbox 787 1136 1117 1199; x_wconf 70' lang='lat' dir='ltr'><strong>prreeeptum</strong></span> <span class='ocrx_word' id='word_1_63' title='bbox 1171 1139 1276 1193; x_wconf 88' lang='lat' dir='ltr'><strong>est,</strong></span> <span class='ocrx_word' id='word_1_64' title='bbox 1331 1128 1682 1199; x_wconf 89' lang='lat' dir='ltr'><strong>perspicuum</strong></span> <span class='ocrx_word' id='word_1_65' title='bbox 1724 1135 1810 1183; x_wconf 91' lang='lat' dir='ltr'><strong>est</strong></span> <span class='ocrx_word' id='word_1_66' title='bbox 1841 1125 2057 1184; x_wconf 86' lang='lat' dir='ltr'><strong>Levitas</strong></span> 
     </span>
    </p>
   </div>
   <div class='ocr_carea' id='block_1_13' title="bbox 490 1217 2058 1288">
    <p class='ocr_par' dir='ltr' id='par_1_13' title="bbox 490 1217 2058 1288">
     <span class='ocr_line' id='line_1_13' title="bbox 490 1217 2058 1288; baseline -0.001 -17"><span class='ocrx_word' id='word_1_67' title='bbox 490 1234 598 1272; x_wconf 91' lang='lat' dir='ltr'><strong>non</strong></span> <span class='ocrx_word' id='word_1_68' title='bbox 644 1219 903 1273; x_wconf 83' lang='lat' dir='ltr'><strong>habuisse</strong></span> <span class='ocrx_word' id='word_1_69' title='bbox 955 1219 1009 1271; x_wconf 91' lang='lat' dir='ltr'><strong>in</strong></span> <span class='ocrx_word' id='word_1_70' title='bbox 1057 1232 1116 1272; x_wconf 92' lang='lat' dir='ltr'><strong>se</strong></span> <span class='ocrx_word' id='word_1_71' title='bbox 1153 1218 1259 1270; x_wconf 91' lang='lat' dir='ltr'><strong>vim</strong></span> <span class='ocrx_word' id='word_1_72' title='bbox 1320 1232 1506 1287; x_wconf 89' lang='lat' dir='ltr'><strong>parem</strong></span> <span class='ocrx_word' id='word_1_73' title='bbox 1539 1225 1594 1270; x_wconf 93' lang='lat' dir='ltr'><strong>et</strong></span> <span class='ocrx_word' id='word_1_74' title='bbox 1644 1217 1887 1288; x_wconf 80' lang='lat' dir='ltr'><strong>dignam,</strong></span> <span class='ocrx_word' id='word_1_75' title='bbox 1937 1231 2058 1286; x_wconf 64' lang='lat' dir='ltr'><strong>quae</strong></span> 
     </span>
    </p>
   </div>
   <div class='ocr_carea' id='block_1_14' title="bbox 488 1308 2056 1379">
    <p class='ocr_par' dir='ltr' id='par_1_14' title="bbox 488 1308 2056 1379">
     <span class='ocr_line' id='line_1_14' title="bbox 488 1308 2056 1379; baseline -0.001 -16"><span class='ocrx_word' id='word_1_76' title='bbox 488 1310 826 1378; x_wconf 85' lang='lat' dir='ltr'><strong>acciperetur</strong></span> <span class='ocrx_word' id='word_1_77' title='bbox 876 1324 975 1378; x_wconf 92' lang='lat' dir='ltr'><strong>pro</strong></span> <span class='ocrx_word' id='word_1_78' title='bbox 1031 1308 1411 1379; x_wconf 87' lang='lat' dir='ltr'><strong>redemptione</strong></span> <span class='ocrx_word' id='word_1_79' title='bbox 1466 1316 1519 1362; x_wconf 87' lang='lat' dir='ltr'><strong>et</strong></span> <span class='ocrx_word' id='word_1_80' title='bbox 1585 1308 2056 1378; x_wconf 88' lang='lat' dir='ltr'><strong>compensatione.</strong></span> 
     </span>
    </p>
   </div>
   <div class='ocr_carea' id='block_1_15' title="bbox 487 1395 2059 1469">
    <p class='ocr_par' dir='ltr' id='par_1_15' title="bbox 487 1395 2059 1469">
     <span class='ocr_line' id='line_1_15' title="bbox 487 1395 2059 1469; baseline 0 -17"><span class='ocrx_word' id='word_1_81' title='bbox 487 1395 646 1465; x_wconf 83' lang='lat' dir='ltr'><strong>Quod</strong></span> <span class='ocrx_word' id='word_1_82' title='bbox 672 1399 719 1454; x_wconf 92' lang='lat' dir='ltr'><strong>si</strong></span> <span class='ocrx_word' id='word_1_83' title='bbox 749 1399 823 1452; x_wconf 88' lang='lat' dir='ltr'><strong>ita</strong></span> <span class='ocrx_word' id='word_1_84' title='bbox 857 1408 964 1464; x_wconf 86' lang='lat' dir='ltr'><strong>est,</strong></span> <span class='ocrx_word' id='word_1_85' title='bbox 1001 1399 1173 1453; x_wconf 90' lang='lat' dir='ltr'><strong>multo</strong></span> <span class='ocrx_word' id='word_1_86' title='bbox 1219 1399 1391 1469; x_wconf 80' lang='lat' dir='ltr'><strong>magis</strong></span> <span class='ocrx_word' id='word_1_87' title='bbox 1427 1398 1652 1469; x_wconf 71' lang='lat' dir='ltr'><strong>indigna</strong></span> <span class='ocrx_word' id='word_1_88' title='bbox 1685 1407 1770 1453; x_wconf 93' lang='lat' dir='ltr'><strong>est</strong></span> <span class='ocrx_word' id='word_1_89' title='bbox 1803 1414 1890 1461; x_wconf 93' lang='lat' dir='ltr'><strong>ea,</strong></span> <span class='ocrx_word' id='word_1_90' title='bbox 1937 1413 2059 1468; x_wconf 65' lang='lat' dir='ltr'><strong>quae</strong></span> 
     </span>
    </p>
   </div>
   <div class='ocr_carea' id='block_1_16' title="bbox 486 1483 2053 1561">
    <p class='ocr_par' dir='ltr' id='par_1_16' title="bbox 486 1483 2053 1561">
     <span class='ocr_line' id='line_1_16' title="bbox 486 1483 2053 1561; baseline -0.003 -15"><span class='ocrx_word' id='word_1_91' title='bbox 486 1506 584 1561; x_wconf 86' lang='lat' dir='ltr'><strong>per</strong></span> <span class='ocrx_word' id='word_1_92' title='bbox 612 1498 896 1561; x_wconf 77' lang='lat' dir='ltr'><strong>argentum</strong></span> <span class='ocrx_word' id='word_1_93' title='bbox 948 1483 1128 1553; x_wconf 81' lang='lat' dir='ltr'><strong>ﬁebat,</strong></span> <span class='ocrx_word' id='word_1_94' title='bbox 1163 1489 1465 1559; x_wconf 87' lang='lat' dir='ltr'><strong>redemptio</strong></span> <span class='ocrx_word' id='word_1_95' title='bbox 1525 1489 2053 1561; x_wconf 86' lang='lat' dir='ltr'><strong>primogenitorum:</strong></span> 
     </span>
    </p>
   </div>
   <div class='ocr_carea' id='block_1_17' title="bbox 486 1581 2057 1654">
    <p class='ocr_par' dir='ltr' id='par_1_17' title="bbox 486 1581 2057 1654">
     <span class='ocr_line' id='line_1_17' title="bbox 486 1581 2057 1654; baseline -0.001 -16"><span class='ocrx_word' id='word_1_96' title='bbox 486 1591 694 1654; x_wconf 88' lang='lat' dir='ltr'><strong>quanto</strong></span> <span class='ocrx_word' id='word_1_97' title='bbox 751 1583 1008 1636; x_wconf 90' lang='lat' dir='ltr'><strong>nimirum</strong></span> <span class='ocrx_word' id='word_1_98' title='bbox 1033 1583 1198 1638; x_wconf 88' lang='lat' dir='ltr'><strong>etiam</strong></span> <span class='ocrx_word' id='word_1_99' title='bbox 1239 1590 1438 1635; x_wconf 85' lang='lat' dir='ltr'><strong>natura</strong></span> <span class='ocrx_word' id='word_1_100' title='bbox 1469 1581 1701 1636; x_wconf 89' lang='lat' dir='ltr'><strong>rationis</strong></span> <span class='ocrx_word' id='word_1_101' title='bbox 1753 1590 1808 1636; x_wconf 90' lang='lat' dir='ltr'><strong>et</strong></span> <span class='ocrx_word' id='word_1_102' title='bbox 1859 1597 2057 1637; x_wconf 90' lang='lat' dir='ltr'><strong>sensus</strong></span> 
     </span>
    </p>
   </div>
   <div class='ocr_carea' id='block_1_18' title="bbox 487 1662 2058 1744">
    <p class='ocr_par' dir='ltr' id='par_1_18' title="bbox 487 1662 2058 1744">
     <span class='ocr_line' id='line_1_18' title="bbox 487 1662 2058 1744; baseline -0.003 -14"><span class='ocrx_word' id='word_1_103' title='bbox 487 1690 684 1744; x_wconf 76' lang='lat' dir='ltr'><strong>expers</strong></span> <span class='ocrx_word' id='word_1_104' title='bbox 719 1675 880 1729; x_wconf 82' lang='lat' dir='ltr'><strong>vilior</strong></span> <span class='ocrx_word' id='word_1_105' title='bbox 899 1681 1005 1739; x_wconf 89' lang='lat' dir='ltr'><strong>est,</strong></span> <span class='ocrx_word' id='word_1_106' title='bbox 1045 1689 1209 1744; x_wconf 91' lang='lat' dir='ltr'><strong>quam</strong></span> <span class='ocrx_word' id='word_1_107' title='bbox 1263 1683 1456 1727; x_wconf 87' lang='lat' dir='ltr'><strong>natura</strong></span> <span class='ocrx_word' id='word_1_108' title='bbox 1507 1673 1771 1727; x_wconf 90' lang='lat' dir='ltr'><strong>humana.</strong></span> <span class='ocrx_word' id='word_1_109' title='bbox 1825 1662 2058 1727; x_wconf 74' lang='lat' dir='ltr'><strong>Verum-</strong></span> 
     </span>
    </p>
   </div>
   <div class='ocr_carea' id='block_1_19' title="bbox 489 1754 2056 1836">
    <p class='ocr_par' dir='ltr' id='par_1_19' title="bbox 489 1754 2056 1836">
     <span class='ocr_line' id='line_1_19' title="bbox 489 1754 2056 1836; baseline -0.001 -16"><span class='ocrx_word' id='word_1_110' title='bbox 489 1775 670 1821; x_wconf 86' lang='lat' dir='ltr'><strong>tamen</strong></span> <span class='ocrx_word' id='word_1_111' title='bbox 701 1765 1169 1836; x_wconf 85' lang='lat' dir='ltr'><strong>quandoquidem,</strong></span> <span class='ocrx_word' id='word_1_112' title='bbox 1202 1775 1260 1818; x_wconf 91' lang='lat' dir='ltr'><strong>ut</strong></span> <span class='ocrx_word' id='word_1_113' title='bbox 1290 1765 1465 1834; x_wconf 85' lang='lat' dir='ltr'><strong>inquit</strong></span> <span class='ocrx_word' id='word_1_114' title='bbox 1505 1765 1768 1835; x_wconf 83' lang='lat' dir='ltr'><strong>propheta</strong></span> <span class='ocrx_word' id='word_1_115' title='bbox 1798 1754 1868 1829; x_wconf 80' lang='grc'><strong>’⁶,</strong></span> <span class='ocrx_word' id='word_1_116' title='bbox 1919 1779 2056 1819; x_wconf 90' lang='lat' dir='ltr'><strong>ocu-</strong></span> 
     </span>
    </p>
   </div>
   <div class='ocr_carea' id='block_1_20' title="bbox 2159 585 3748 656">
    <p class='ocr_par' dir='ltr' id='par_1_20' title="bbox 2159 585 3748 656">
     <span class='ocr_line' id='line_1_20' title="bbox 2159 585 3748 656; baseline -0.001 -17"><span class='ocrx_word' id='word_1_117' title='bbox 2159 604 2270 651; x_wconf 89' lang='grc' dir='ltr'>ται,</span> <span class='ocrx_word' id='word_1_118' title='bbox 2305 586 2460 656; x_wconf 84' lang='grc' dir='ltr'>δῆλον</span> <span class='ocrx_word' id='word_1_119' title='bbox 2489 587 2563 649; x_wconf 83' lang='grc' dir='ltr'>ὡς</span> <span class='ocrx_word' id='word_1_120' title='bbox 2597 587 2704 638; x_wconf 84' lang='grc' dir='ltr'><strong>τῶν</strong></span> <span class='ocrx_word' id='word_1_121' title='bbox 2737 586 2978 638; x_wconf 88' lang='grc' dir='ltr'>Λευῐτῶν</span> <span class='ocrx_word' id='word_1_122' title='bbox 3005 586 3103 637; x_wconf 80' lang='grc' dir='ltr'><strong>οὐκ</strong></span> <span class='ocrx_word' id='word_1_123' title='bbox 3139 585 3369 655; x_wconf 77' lang='grc' dir='ltr'>ἑχόντων</span> <span class='ocrx_word' id='word_1_124' title='bbox 3395 585 3457 638; x_wconf 79' lang='grc' dir='ltr'>τὺ</span> <span class='ocrx_word' id='word_1_125' title='bbox 3495 587 3573 648; x_wconf 85' lang='grc' dir='ltr'><strong>είς</strong></span> <span class='ocrx_word' id='word_1_126' title='bbox 3602 587 3748 639; x_wconf 85' lang='grc' dir='ltr'>ἀντί-</span> 
     </span>
    </p>
   </div>
   <div class='ocr_carea' id='block_1_21' title="bbox 2161 674 3744 747">
    <p class='ocr_par' dir='ltr' id='par_1_21' title="bbox 2161 674 3744 747">
     <span class='ocr_line' id='line_1_21' title="bbox 2161 674 3744 747; baseline -0.001 -18"><span class='ocrx_word' id='word_1_127' title='bbox 2161 677 2353 747; x_wconf 84' lang='grc' dir='ltr'>λυτρον</span> <span class='ocrx_word' id='word_1_128' title='bbox 2405 677 2704 730; x_wconf 86' lang='grc' dir='ltr'>ίσοστάσιόν</span> <span class='ocrx_word' id='word_1_129' title='bbox 2742 692 2802 727; x_wconf 90' lang='grc' dir='ltr'><strong>τε</strong></span> <span class='ocrx_word' id='word_1_130' title='bbox 2847 676 2941 729; x_wconf 78' lang='grc' dir='ltr'><strong>καὶ</strong></span> <span class='ocrx_word' id='word_1_131' title='bbox 2978 674 3305 738; x_wconf 76' lang='grc' dir='ltr'>ἀξιόδεκτον.</span> <span class='ocrx_word' id='word_1_132' title='bbox 3369 676 3431 728; x_wconf 76' lang='lat' dir='ltr'><strong>Ei</strong></span> <span class='ocrx_word' id='word_1_133' title='bbox 3470 675 3527 727; x_wconf 83' lang='grc' dir='ltr'>δὲ</span> <span class='ocrx_word' id='word_1_134' title='bbox 3565 675 3744 739; x_wconf 81' lang='grc' dir='ltr'>τοῦτο,</span> 
     </span>
    </p>
   </div>
   <div class='ocr_carea' id='block_1_22' title="bbox 2160 767 3744 840">
    <p class='ocr_par' dir='ltr' id='par_1_22' title="bbox 2160 767 3744 840">
     <span class='ocr_line' id='line_1_22' title="bbox 2160 767 3744 840; baseline -0.002 -18"><span class='ocrx_word' id='word_1_135' title='bbox 2160 768 2342 839; x_wconf 88' lang='grc' dir='ltr'>πολλῷ</span> <span class='ocrx_word' id='word_1_136' title='bbox 2385 769 2583 840; x_wconf 82' lang='grc' dir='ltr'>μᾶλλον</span> <span class='ocrx_word' id='word_1_137' title='bbox 2625 767 2962 837; x_wconf 77' lang='grc' dir='ltr'>ἀναξιωτέρα</span> <span class='ocrx_word' id='word_1_138' title='bbox 3003 769 3036 838; x_wconf 84' lang='grc' dir='ltr'><strong>ή</strong></span> <span class='ocrx_word' id='word_1_139' title='bbox 3077 767 3164 821; x_wconf 78' lang='grc' dir='ltr'>διὰ</span> <span class='ocrx_word' id='word_1_140' title='bbox 3194 768 3294 837; x_wconf 85' lang='grc' dir='ltr'><strong>τῆς</strong></span> <span class='ocrx_word' id='word_1_141' title='bbox 3337 767 3431 820; x_wconf 80' lang='grc' dir='ltr'>τοῦ</span> <span class='ocrx_word' id='word_1_142' title='bbox 3477 767 3744 839; x_wconf 85' lang='grc' dir='ltr'><strong>ἀργυρίου</strong></span> 
     </span>
    </p>
   </div>
   <div class='ocr_carea' id='block_1_23' title="bbox 2161 859 3746 931">
    <p class='ocr_par' dir='ltr' id='par_1_23' title="bbox 2161 859 3746 931">
     <span class='ocr_line' id='line_1_23' title="bbox 2161 859 3746 931; baseline -0.001 -17"><span class='ocrx_word' id='word_1_143' title='bbox 2161 859 2542 931; x_wconf 81' lang='grc' dir='ltr'><strong>προσαγομένη</strong></span> <span class='ocrx_word' id='word_1_144' title='bbox 2577 859 2862 930; x_wconf 86' lang='grc' dir='ltr'><strong>λύτρωσις,</strong></span> <span class='ocrx_word' id='word_1_145' title='bbox 2895 859 3020 911; x_wconf 82' lang='grc' dir='ltr'>ὅσον</span> <span class='ocrx_word' id='word_1_146' title='bbox 3059 860 3210 912; x_wconf 81' lang='grc' dir='ltr'>πᾶσα</span> <span class='ocrx_word' id='word_1_147' title='bbox 3239 862 3272 930; x_wconf 84' lang='grc' dir='ltr'><strong>ἡ</strong></span> <span class='ocrx_word' id='word_1_148' title='bbox 3305 859 3497 928; x_wconf 89' lang='grc' dir='ltr'>ἀλογος</span> <span class='ocrx_word' id='word_1_149' title='bbox 3527 861 3618 912; x_wconf 75' lang='grc' dir='ltr'><strong>καὶ</strong></span> <span class='ocrx_word' id='word_1_150' title='bbox 3651 861 3746 912; x_wconf 84' lang='grc' dir='ltr'>ἀν-</span> 
     </span>
    </p>
   </div>
   <div class='ocr_carea' id='block_1_24' title="bbox 2160 946 3744 1019">
    <p class='ocr_par' dir='ltr' id='par_1_24' title="bbox 2160 946 3744 1019">
     <span class='ocr_line' id='line_1_24' title="bbox 2160 946 3744 1019; baseline -0.001 -17"><span class='ocrx_word' id='word_1_151' title='bbox 2160 948 2414 1019; x_wconf 83' lang='grc' dir='ltr'>αίσθητος</span> <span class='ocrx_word' id='word_1_152' title='bbox 2466 948 2628 1018; x_wconf 78' lang='grc' dir='ltr'>φύσις</span> <span class='ocrx_word' id='word_1_153' title='bbox 2670 949 2768 1018; x_wconf 86' lang='grc' dir='ltr'><strong>τῆς</strong></span> <span class='ocrx_word' id='word_1_154' title='bbox 2816 946 3167 1019; x_wconf 81' lang='grc' dir='ltr'><strong>ἀνθρωπίνης</strong></span> <span class='ocrx_word' id='word_1_155' title='bbox 3216 949 3402 1012; x_wconf 81' lang='grc' dir='ltr'><strong>οὐσίας</strong></span> <span class='ocrx_word' id='word_1_156' title='bbox 3443 949 3744 1019; x_wconf 84' lang='grc' dir='ltr'>ἀτιμοτέρα</span> 
     </span>
    </p>
   </div>
   <div class='ocr_carea' id='block_1_25' title="bbox 2159 1039 3744 1110">
    <p class='ocr_par' dir='ltr' id='par_1_25' title="bbox 2159 1039 3744 1110">
     <span class='ocr_line' id='line_1_25' title="bbox 2159 1039 3744 1110; baseline 0 -18"><span class='ocrx_word' id='word_1_157' title='bbox 2159 1039 2522 1109; x_wconf 83' lang='grc' dir='ltr'><strong>καθέστηκεν.</strong></span> <span class='ocrx_word' id='word_1_158' title='bbox 2559 1040 2704 1110; x_wconf 80' lang='grc' dir='ltr'>Πλὴν</span> <span class='ocrx_word' id='word_1_159' title='bbox 2736 1039 2964 1110; x_wconf 78' lang='grc' dir='ltr'>ἐπείπερ</span> <span class='ocrx_word' id='word_1_160' title='bbox 3008 1040 3149 1092; x_wconf 87' lang='grc' dir='ltr'><strong>κατά</strong></span> <span class='ocrx_word' id='word_1_161' title='bbox 3179 1039 3270 1092; x_wconf 83' lang='grc' dir='ltr'><strong>τὸν</strong></span> <span class='ocrx_word' id='word_1_162' title='bbox 3304 1043 3588 1110; x_wconf 76' lang='grc' dir='ltr'>προφήτην</span> <span class='ocrx_word' id='word_1_163' title='bbox 3613 1041 3744 1102; x_wconf 84' lang='grc' dir='ltr'>τοὺς</span> 
     </span>
    </p>
   </div>
   <div class='ocr_carea' id='block_1_26' title="bbox 2158 1128 3747 1201">
    <p class='ocr_par' dir='ltr' id='par_1_26' title="bbox 2158 1128 3747 1201">
     <span class='ocr_line' id='line_1_26' title="bbox 2158 1128 3747 1201; baseline -0.001 -19"><span class='ocrx_word' id='word_1_164' title='bbox 2158 1129 2471 1201; x_wconf 77' lang='grc' dir='ltr'>ὀφθαλμοὺς</span> <span class='ocrx_word' id='word_1_165' title='bbox 2500 1129 2676 1183; x_wconf 84' lang='grc' dir='ltr'>αὐτῶν</span> <span class='ocrx_word' id='word_1_166' title='bbox 2701 1129 3049 1201; x_wconf 76' lang='grc' dir='ltr'>ἐκάμμυσαν,</span> <span class='ocrx_word' id='word_1_167' title='bbox 3085 1130 3178 1182; x_wconf 53' lang='grc' dir='ltr'><strong>καὶ⁸</strong></span> <span class='ocrx_word' id='word_1_168' title='bbox 3207 1129 3267 1182; x_wconf 85' lang='grc' dir='ltr'>τὺ</span> <span class='ocrx_word' id='word_1_169' title='bbox 3299 1130 3362 1182; x_wconf 80' lang='grc' dir='ltr'>ὲκ</span> <span class='ocrx_word' id='word_1_170' title='bbox 3393 1128 3582 1181; x_wconf 87' lang='grc' dir='ltr'>τούτου</span> <span class='ocrx_word' id='word_1_171' title='bbox 3609 1128 3747 1180; x_wconf 70' lang='grc' dir='ltr'>ἀκόο</span> 
     </span>
    </p>
   </div>
   <div class='ocr_carea' id='block_1_27' title="bbox 2159 1217 3744 1293">
    <p class='ocr_par' dir='ltr' id='par_1_27' title="bbox 2159 1217 3744 1293">
     <span class='ocr_line' id='line_1_27' title="bbox 2159 1217 3744 1293; baseline -0.002 -18"><span class='ocrx_word' id='word_1_172' title='bbox 2159 1221 2344 1275; x_wconf 89' lang='grc' dir='ltr'>λουθον</span> <span class='ocrx_word' id='word_1_173' title='bbox 2393 1222 2609 1292; x_wconf 80' lang='grc' dir='ltr'><strong>βλέπειν</strong></span> <span class='ocrx_word' id='word_1_174' title='bbox 2635 1223 2697 1274; x_wconf 84' lang='grc' dir='ltr'><strong>οὐ</strong></span> <span class='ocrx_word' id='word_1_175' title='bbox 2725 1221 3000 1276; x_wconf 77' lang='grc' dir='ltr'>δύνανταιο</span> <span class='ocrx_word' id='word_1_176' title='bbox 3031 1217 3140 1293; x_wconf 84' lang='grc' dir='ltr'>ἆρα</span> <span class='ocrx_word' id='word_1_177' title='bbox 3174 1221 3490 1292; x_wconf 86' lang='grc' dir='ltr'>δυνήσονται</span> <span class='ocrx_word' id='word_1_178' title='bbox 3521 1220 3744 1274; x_wconf 81' lang='grc' dir='ltr'>ἀκούειν</span> 
     </span>
    </p>
   </div>
   <div class='ocr_carea' id='block_1_28' title="bbox 2158 1311 3744 1384">
    <p class='ocr_par' dir='ltr' id='par_1_28' title="bbox 2158 1311 3744 1384">
     <span class='ocr_line' id='line_1_28' title="bbox 2158 1311 3744 1384; baseline -0.003 -15"><span class='ocrx_word' id='word_1_179' title='bbox 2158 1315 2211 1369; x_wconf 91' lang='grc' dir='ltr'>κ’</span> <span class='ocrx_word' id='word_1_180' title='bbox 2245 1312 2408 1368; x_wconf 81' lang='grc' dir='ltr'>αὑτοῦ</span> <span class='ocrx_word' id='word_1_181' title='bbox 2443 1314 2754 1383; x_wconf 78' lang='grc' dir='ltr'>σοφωτάτου</span> <span class='ocrx_word' id='word_1_182' title='bbox 2794 1313 3214 1384; x_wconf 89' lang='grc' dir='ltr'>διακεκραγότος</span> <span class='ocrx_word' id='word_1_183' title='bbox 3261 1312 3527 1380; x_wconf 88' lang='grc' dir='ltr'>Μιχαίου;</span> <span class='ocrx_word' id='word_1_184' title='bbox 3594 1311 3744 1379; x_wconf 85' lang='grc' dir='ltr'><strong>Ἐγὼ</strong></span> 
     </span>
    </p>
   </div>
   <div class='ocr_carea' id='block_1_29' title="bbox 2163 1398 3742 1474">
    <p class='ocr_par' dir='ltr' id='par_1_29' title="bbox 2163 1398 3742 1474">
     <span class='ocr_line' id='line_1_29' title="bbox 2163 1398 3742 1474; baseline -0.001 -18"><span class='ocrx_word' id='word_1_185' title='bbox 2163 1404 2261 1474; x_wconf 85' lang='grc' dir='ltr'><strong>μὲν</strong></span> <span class='ocrx_word' id='word_1_186' title='bbox 2282 1404 2382 1456; x_wconf 87' lang='grc' dir='ltr'>οὑκ</span> <span class='ocrx_word' id='word_1_187' title='bbox 2409 1398 2581 1472; x_wconf 74' lang='grc' dir='ltr'>οἶμαι.</span> <span class='ocrx_word' id='word_1_188' title='bbox 2614 1404 2724 1455; x_wconf 73' lang='grc' dir='ltr'><strong>Καὶ</strong></span> <span class='ocrx_word' id='word_1_189' title='bbox 2753 1402 2860 1473; x_wconf 83' lang='grc' dir='ltr'>γὰρ</span> <span class='ocrx_word' id='word_1_190' title='bbox 2891 1403 2984 1456; x_wconf 72' lang='grc' dir='ltr'>καὶ</span> <span class='ocrx_word' id='word_1_191' title='bbox 3015 1405 3129 1467; x_wconf 85' lang='grc' dir='ltr'>τοῖς</span> <span class='ocrx_word' id='word_1_192' title='bbox 3151 1402 3282 1454; x_wconf 83' lang='grc' dir='ltr'>ὠσὶν</span> <span class='ocrx_word' id='word_1_193' title='bbox 3316 1402 3496 1454; x_wconf 78' lang='grc' dir='ltr'>αὐτῶν</span> <span class='ocrx_word' id='word_1_194' title='bbox 3529 1400 3742 1472; x_wconf 79' lang='grc' dir='ltr'>βαρέως</span> 
     </span>
    </p>
   </div>
   <div class='ocr_carea' id='block_1_30' title="bbox 2159 1487 3742 1564">
    <p class='ocr_par' dir='ltr' id='par_1_30' title="bbox 2159 1487 3742 1564">
     <span class='ocr_line' id='line_1_30' title="bbox 2159 1487 3742 1564; baseline -0.003 -17"><span class='ocrx_word' id='word_1_195' title='bbox 2159 1493 2448 1548; x_wconf 85' lang='grc' dir='ltr'>ἀκούουσιν</span> <span class='ocrx_word' id='word_1_196' title='bbox 2476 1510 2488 1522; x_wconf 89' lang='grc'><strong>·</strong></span> <span class='ocrx_word' id='word_1_197' title='bbox 2540 1493 2689 1562; x_wconf 82' lang='grc' dir='ltr'>ὅμως</span> <span class='ocrx_word' id='word_1_198' title='bbox 2733 1492 2898 1546; x_wconf 83' lang='grc' dir='ltr'>ίκέτω</span> <span class='ocrx_word' id='word_1_199' title='bbox 2923 1495 2951 1545; x_wconf 91' lang='lat'><strong>6</strong></span> <span class='ocrx_word' id='word_1_200' title='bbox 2978 1494 3245 1564; x_wconf 85' lang='grc' dir='ltr'>μακάριος</span> <span class='ocrx_word' id='word_1_201' title='bbox 3274 1487 3427 1555; x_wconf 74' lang='grc' dir='ltr'>οὗτος</span> <span class='ocrx_word' id='word_1_202' title='bbox 3453 1493 3742 1562; x_wconf 77' lang='grc' dir='ltr'>προφήτης</span> 
     </span>
    </p>
   </div>
   <div class='ocr_carea' id='block_1_31' title="bbox 2161 1579 3740 1656">
    <p class='ocr_par' dir='ltr' id='par_1_31' title="bbox 2161 1579 3740 1656">
     <span class='ocr_line' id='line_1_31' title="bbox 2161 1579 3740 1656; baseline -0.004 -18"><span class='ocrx_word' id='word_1_203' title='bbox 2161 1583 2559 1656; x_wconf 86' lang='grc' dir='ltr'>μεγαλοφώνως</span> <span class='ocrx_word' id='word_1_204' title='bbox 2588 1583 2763 1637; x_wconf 80' lang='grc' dir='ltr'>ταῦτα</span> <span class='ocrx_word' id='word_1_205' title='bbox 2793 1582 2931 1653; x_wconf 85' lang='grc' dir='ltr'>βοῶν</span> <span class='ocrx_word' id='word_1_206' title='bbox 2950 1623 2964 1648; x_wconf 98' lang='grc'><strong>,</strong></span> <span class='ocrx_word' id='word_1_207' title='bbox 2995 1584 3088 1636; x_wconf 77' lang='grc' dir='ltr'><strong>καὶ</strong></span> <span class='ocrx_word' id='word_1_208' title='bbox 3123 1581 3202 1652; x_wconf 84' lang='grc' dir='ltr'>τῷ</span> <span class='ocrx_word' id='word_1_209' title='bbox 3253 1579 3575 1652; x_wconf 87' lang='grc' dir='ltr'>προφητικῷ</span> <span class='ocrx_word' id='word_1_210' title='bbox 3603 1597 3740 1650; x_wconf 84' lang='grc' dir='ltr'>προ-</span> 
     </span>
    </p>
   </div>
   <div class='ocr_carea' id='block_1_32' title="bbox 2158 1672 3741 1745">
    <p class='ocr_par' dir='ltr' id='par_1_32' title="bbox 2158 1672 3741 1745">
     <span class='ocr_line' id='line_1_32' title="bbox 2158 1672 3741 1745; baseline -0.004 -16"><span class='ocrx_word' id='word_1_211' title='bbox 2158 1675 2530 1745; x_wconf 82' lang='grc' dir='ltr'>αινισσόμενος</span> <span class='ocrx_word' id='word_1_212' title='bbox 2570 1675 2843 1744; x_wconf 86' lang='grc' dir='ltr'>πνεύματι</span> <span class='ocrx_word' id='word_1_213' title='bbox 2891 1674 2989 1744; x_wconf 75' lang='grc' dir='ltr'>τὴν</span> <span class='ocrx_word' id='word_1_214' title='bbox 3032 1674 3142 1726; x_wconf 90' lang='grc' dir='ltr'><strong>τῶν</strong></span> <span class='ocrx_word' id='word_1_215' title='bbox 3188 1672 3493 1725; x_wconf 76' lang='grc' dir='ltr'>Ἰουδαϊκῶν</span> <span class='ocrx_word' id='word_1_216' title='bbox 3526 1689 3741 1742; x_wconf 67' lang='grc' dir='ltr'>πρῶτος</span> 
     </span>
    </p>
   </div>
   <div class='ocr_carea' id='block_1_33' title="bbox 2157 1759 3738 1836">
    <p class='ocr_par' dir='ltr' id='par_1_33' title="bbox 2157 1759 3738 1836">
     <span class='ocr_line' id='line_1_33' title="bbox 2157 1759 3738 1836; baseline -0.004 -15"><span class='ocrx_word' id='word_1_217' title='bbox 2157 1759 2330 1821; x_wconf 81' lang='grc' dir='ltr'>τόκων</span> <span class='ocrx_word' id='word_1_218' title='bbox 2361 1764 2632 1836; x_wconf 79' lang='grc' dir='ltr'>ἀποϐολὴν</span> <span class='ocrx_word' id='word_1_219' title='bbox 2653 1805 2670 1830; x_wconf 95' lang='grc'><strong>,</strong></span> <span class='ocrx_word' id='word_1_220' title='bbox 2718 1764 2917 1834; x_wconf 85' lang='grc' dir='ltr'>ὁμοίως</span> <span class='ocrx_word' id='word_1_221' title='bbox 2941 1768 3007 1835; x_wconf 81' lang='grc' dir='ltr'>τῇ</span> <span class='ocrx_word' id='word_1_222' title='bbox 3043 1764 3150 1818; x_wconf 90' lang='grc' dir='ltr'><strong>τῶν</strong></span> <span class='ocrx_word' id='word_1_223' title='bbox 3184 1763 3508 1834; x_wconf 84' lang='grc' dir='ltr'>σωματικῶν</span> <span class='ocrx_word' id='word_1_224' title='bbox 3535 1763 3738 1817; x_wconf 85' lang='grc' dir='ltr'>θυσίων</span> 
     </span>
    </p>
   </div>
   <div class='ocr_carea' id='block_1_34' title="bbox 486 1845 2055 1931">
    <p class='ocr_par' dir='ltr' id='par_1_34' title="bbox 486 1856 2055 1927">
     <span class='ocr_line' id='line_1_34' title="bbox 486 1856 2055 1927; baseline -0.001 -15"><span class='ocrx_word' id='word_1_225' title='bbox 486 1860 572 1914; x_wconf 88' lang='lat' dir='ltr'><strong>los</strong></span> <span class='ocrx_word' id='word_1_226' title='bbox 616 1875 748 1914; x_wconf 89' lang='lat' dir='ltr'><strong>suos</strong></span> <span class='ocrx_word' id='word_1_227' title='bbox 807 1860 1182 1922; x_wconf 87' lang='lat' dir='ltr'><strong>occluserunt,</strong></span> <span class='ocrx_word' id='word_1_228' title='bbox 1217 1864 1272 1912; x_wconf 90' lang='lat' dir='ltr'><strong>et</strong></span> <span class='ocrx_word' id='word_1_229' title='bbox 1323 1856 1469 1927; x_wconf 90' lang='lat' dir='ltr'><strong>quod</strong></span> <span class='ocrx_word' id='word_1_230' title='bbox 1529 1857 1656 1911; x_wconf 89' lang='lat' dir='ltr'><strong>hinc</strong></span> <span class='ocrx_word' id='word_1_231' title='bbox 1703 1857 2055 1927; x_wconf 84' lang='lat' dir='ltr'><strong>consequitur</strong></span> 
     </span>
    </p>
   </div>
   <div class='ocr_carea' id='block_1_35' title="bbox 2158 1845 3738 1931">
    <p class='ocr_par' dir='ltr' id='par_1_35' title="bbox 2161 1854 3738 1931">
     <span class='ocr_line' id='line_1_35' title="bbox 2161 1854 3738 1931; baseline -0.003 -19"><span class='ocrx_word' id='word_1_232' title='bbox 2161 1859 2526 1931; x_wconf 82' lang='grc' dir='ltr'>προσαγωγῇ·</span> <span class='ocrx_word' id='word_1_233' title='bbox 2581 1858 2714 1926; x_wconf 80' lang='grc' dir='ltr'>φησὶ</span> <span class='ocrx_word' id='word_1_234' title='bbox 2749 1857 2858 1928; x_wconf 92' lang='grc' dir='ltr'><strong>γάρ</strong></span> <span class='ocrx_word' id='word_1_235' title='bbox 2883 1872 2897 1886; x_wconf 87' lang='grc'><strong>·</strong></span> <span class='ocrx_word' id='word_1_236' title='bbox 2960 1856 3064 1910; x_wconf 81' lang='grc' dir='ltr'><em>Ἐν</em></span> <span class='ocrx_word' id='word_1_237' title='bbox 3112 1856 3227 1910; x_wconf 80' lang='grc' dir='ltr'>τίνι</span> <span class='ocrx_word' id='word_1_238' title='bbox 3267 1854 3582 1908; x_wconf 78' lang='grc' dir='ltr'>καταλάϐω</span> <span class='ocrx_word' id='word_1_239' title='bbox 3628 1857 3738 1908; x_wconf 81' lang='grc' dir='ltr'><strong>τὸν</strong></span> 
     </span>
    </p>
   </div>
   <div class='ocr_carea' id='block_1_36' title="bbox 486 1944 2054 2020">
    <p class='ocr_par' dir='ltr' id='par_1_36' title="bbox 486 1944 2054 2020">
     <span class='ocr_line' id='line_1_36' title="bbox 486 1944 2054 2020; baseline -0.003 -16"><span class='ocrx_word' id='word_1_240' title='bbox 486 1965 710 2004; x_wconf 82' lang='lat' dir='ltr'><strong>cernere</strong></span> <span class='ocrx_word' id='word_1_241' title='bbox 741 1966 847 2004; x_wconf 89' lang='lat' dir='ltr'><strong>non</strong></span> <span class='ocrx_word' id='word_1_242' title='bbox 870 1957 1103 2020; x_wconf 90' lang='lat' dir='ltr'><strong>possunt</strong></span> <span class='ocrx_word' id='word_1_243' title='bbox 1133 1967 1146 2004; x_wconf 89' lang='lat'>:</span> <span class='ocrx_word' id='word_1_244' title='bbox 1188 1946 1440 2016; x_wconf 87' lang='lat' dir='ltr'><strong>nunquid</strong></span> <span class='ocrx_word' id='word_1_245' title='bbox 1490 1946 1654 2001; x_wconf 86' lang='lat' dir='ltr'><strong>etiam</strong></span> <span class='ocrx_word' id='word_1_246' title='bbox 1685 1946 1876 2001; x_wconf 87' lang='lat' dir='ltr'><strong>audire</strong></span> <span class='ocrx_word' id='word_1_247' title='bbox 1904 1944 2054 2017; x_wconf 80' lang='lat' dir='ltr'><strong>pote-</strong></span> 
     </span>
    </p>
   </div>
   <div class='ocr_carea' id='block_1_37' title="bbox 487 2028 2057 2110">
    <p class='ocr_par' dir='ltr' id='par_1_37' title="bbox 487 2028 2057 2110">
     <span class='ocr_line' id='line_1_37' title="bbox 487 2028 2057 2110; baseline -0.004 -16"><span class='ocrx_word' id='word_1_248' title='bbox 487 2041 804 2110; x_wconf 90' lang='lat' dir='ltr'><strong>runtipsum</strong></span> <span class='ocrx_word' id='word_1_249' title='bbox 833 2039 1299 2109; x_wconf 84' lang='lat' dir='ltr'><strong>sapientissimum</strong></span> <span class='ocrx_word' id='word_1_250' title='bbox 1321 2035 1597 2091; x_wconf 66' lang='lat' dir='ltr'><strong>Michteam</strong></span> <span class='ocrx_word' id='word_1_251' title='bbox 1626 2028 2057 2091; x_wconf 81' lang='lat' dir='ltr'><strong>exclamantem?</strong></span> 
     </span>
    </p>
   </div>
   <div class='ocr_carea' id='block_1_38' title="bbox 488 2127 2056 2203">
    <p class='ocr_par' dir='ltr' id='par_1_38' title="bbox 488 2127 2056 2203">
     <span class='ocr_line' id='line_1_38' title="bbox 488 2127 2056 2203; baseline -0.003 -18"><span class='ocrx_word' id='word_1_252' title='bbox 488 2131 598 2201; x_wconf 79' lang='lat' dir='ltr'><strong>Ego</strong></span> <span class='ocrx_word' id='word_1_253' title='bbox 627 2132 846 2203; x_wconf 91' lang='lat' dir='ltr'><strong>quidem</strong></span> <span class='ocrx_word' id='word_1_254' title='bbox 889 2148 996 2186; x_wconf 92' lang='lat' dir='ltr'><strong>non</strong></span> <span class='ocrx_word' id='word_1_255' title='bbox 1052 2131 1310 2185; x_wconf 89' lang='lat' dir='ltr'><strong>arbitror.</strong></span> <span class='ocrx_word' id='word_1_256' title='bbox 1352 2128 1564 2184; x_wconf 87' lang='lat' dir='ltr'><strong>Etenim</strong></span> <span class='ocrx_word' id='word_1_257' title='bbox 1602 2127 1766 2183; x_wconf 89' lang='lat' dir='ltr'><strong>etiam</strong></span> <span class='ocrx_word' id='word_1_258' title='bbox 1824 2128 2056 2182; x_wconf 85' lang='lat' dir='ltr'><strong>auribus</strong></span> 
     </span>
    </p>
   </div>
   <div class='ocr_carea' id='block_1_39' title="bbox 488 2219 2057 2292">
    <p class='ocr_par' dir='ltr' id='par_1_39' title="bbox 488 2219 2057 2292">
     <span class='ocr_line' id='line_1_39' title="bbox 488 2219 2057 2292; baseline -0.004 -14"><span class='ocrx_word' id='word_1_259' title='bbox 488 2225 605 2278; x_wconf 91' lang='lat' dir='ltr'><strong>suis</strong></span> <span class='ocrx_word' id='word_1_260' title='bbox 641 2224 879 2292; x_wconf 76' lang='lat' dir='ltr'><strong>graviter</strong></span> <span class='ocrx_word' id='word_1_261' title='bbox 918 2223 1172 2278; x_wconf 90' lang='lat' dir='ltr'><strong>audiunt.</strong></span> <span class='ocrx_word' id='word_1_262' title='bbox 1225 2221 1422 2276; x_wconf 79' lang='lat' dir='ltr'><strong>Veniat</strong></span> <span class='ocrx_word' id='word_1_263' title='bbox 1475 2227 1658 2274; x_wconf 89' lang='lat' dir='ltr'><strong>tamen</strong></span> <span class='ocrx_word' id='word_1_264' title='bbox 1715 2220 1909 2275; x_wconf 85' lang='lat' dir='ltr'><strong>beatus</strong></span> <span class='ocrx_word' id='word_1_265' title='bbox 1967 2219 2057 2272; x_wconf 89' lang='lat' dir='ltr'><strong>hic</strong></span> 
     </span>
    </p>
   </div>
   <div class='ocr_carea' id='block_1_40' title="bbox 486 2311 2052 2386">
    <p class='ocr_par' dir='ltr' id='par_1_40' title="bbox 486 2311 2052 2386">
     <span class='ocr_line' id='line_1_40' title="bbox 486 2311 2052 2386; baseline -0.003 -17"><span class='ocrx_word' id='word_1_266' title='bbox 486 2317 783 2386; x_wconf 81' lang='lat' dir='ltr'><strong>propheta,</strong></span> <span class='ocrx_word' id='word_1_267' title='bbox 822 2330 1019 2386; x_wconf 85' lang='lat' dir='ltr'><strong>magna</strong></span> <span class='ocrx_word' id='word_1_268' title='bbox 1072 2329 1206 2369; x_wconf 80' lang='lat' dir='ltr'><strong>voce</strong></span> <span class='ocrx_word' id='word_1_269' title='bbox 1255 2314 1370 2368; x_wconf 66' lang='lat' dir='ltr'><strong>iure</strong></span> <span class='ocrx_word' id='word_1_270' title='bbox 1423 2313 1690 2375; x_wconf 90' lang='lat' dir='ltr'><strong>clamans,</strong></span> <span class='ocrx_word' id='word_1_271' title='bbox 1747 2320 1801 2365; x_wconf 91' lang='lat' dir='ltr'><strong>et</strong></span> <span class='ocrx_word' id='word_1_272' title='bbox 1857 2311 2052 2381; x_wconf 90' lang='lat' dir='ltr'><strong>spiritu</strong></span> 
     </span>
    </p>
   </div>
   <div class='ocr_carea' id='block_1_41' title="bbox 487 2400 2057 2474">
    <p class='ocr_par' dir='ltr' id='par_1_41' title="bbox 487 2400 2057 2474">
     <span class='ocr_line' id='line_1_41' title="bbox 487 2400 2057 2474; baseline -0.001 -16"><span class='ocrx_word' id='word_1_273' title='bbox 487 2407 806 2474; x_wconf 84' lang='lat' dir='ltr'><strong>prophetico</strong></span> <span class='ocrx_word' id='word_1_274' title='bbox 841 2404 1268 2474; x_wconf 65' lang='lat' dir='ltr'><strong>prazsigniiicans</strong></span> <span class='ocrx_word' id='word_1_275' title='bbox 1314 2412 1424 2456; x_wconf 90' lang='lat' dir='ltr'><strong>tam</strong></span> <span class='ocrx_word' id='word_1_276' title='bbox 1457 2400 1810 2455; x_wconf 85' lang='lat' dir='ltr'><strong>Judaicorum</strong></span> <span class='ocrx_word' id='word_1_277' title='bbox 1852 2403 2057 2469; x_wconf 88' lang='lat' dir='ltr'><strong>primo-</strong></span> 
     </span>
    </p>
   </div>
   <div class='ocr_carea' id='block_1_42' title="bbox 489 2495 2057 2568">
    <p class='ocr_par' dir='ltr' id='par_1_42' title="bbox 489 2495 2057 2568">
     <span class='ocr_line' id='line_1_42' title="bbox 489 2495 2057 2568; baseline -0.001 -16"><span class='ocrx_word' id='word_1_278' title='bbox 489 2500 819 2567; x_wconf 82' lang='lat' dir='ltr'><strong>genitorum,</strong></span> <span class='ocrx_word' id='word_1_279' title='bbox 857 2513 1019 2568; x_wconf 90' lang='lat' dir='ltr'><strong>quam</strong></span> <span class='ocrx_word' id='word_1_280' title='bbox 1059 2507 1450 2567; x_wconf 87' lang='lat' dir='ltr'><strong>corporearum</strong></span> <span class='ocrx_word' id='word_1_281' title='bbox 1488 2495 1792 2550; x_wconf 89' lang='lat' dir='ltr'><strong>hostiarum</strong></span> <span class='ocrx_word' id='word_1_282' title='bbox 1825 2495 2057 2550; x_wconf 82' lang='lat' dir='ltr'><strong>oblatio-</strong></span> 
     </span>
    </p>
   </div>
   <div class='ocr_carea' id='block_1_43' title="bbox 487 2582 2054 2659">
    <p class='ocr_par' dir='ltr' id='par_1_43' title="bbox 487 2582 2054 2659">
     <span class='ocr_line' id='line_1_43' title="bbox 487 2582 2054 2659; baseline -0.003 -16"><span class='ocrx_word' id='word_1_283' title='bbox 487 2591 575 2644; x_wconf 89' lang='lat' dir='ltr'><strong>nis</strong></span> <span class='ocrx_word' id='word_1_284' title='bbox 628 2589 976 2659; x_wconf 85' lang='lat' dir='ltr'><strong>rejectionem</strong></span> <span class='ocrx_word' id='word_1_285' title='bbox 1032 2602 1096 2642; x_wconf 90' lang='lat' dir='ltr'><strong>ac</strong></span> <span class='ocrx_word' id='word_1_286' title='bbox 1148 2585 1612 2657; x_wconf 88' lang='lat' dir='ltr'><strong>reprobationem.</strong></span> <span class='ocrx_word' id='word_1_287' title='bbox 1673 2582 1814 2637; x_wconf 85' lang='lat' dir='ltr'><strong>Dicit</strong></span> <span class='ocrx_word' id='word_1_288' title='bbox 1865 2584 2054 2638; x_wconf 88' lang='lat' dir='ltr'><strong>enim:</strong></span> 
     </span>
    </p>
   </div>
   <div class='ocr_carea' id='block_1_44' title="bbox 484 2662 2058 2751">
    <p class='ocr_par' dir='ltr' id='par_1_44' title="bbox 484 2662 2058 2751">
     <span class='ocr_line' id='line_1_44' title="bbox 484 2662 2058 2751; baseline -0.004 -16"><span class='ocrx_word' id='word_1_289' title='bbox 484 2671 590 2735; x_wconf 82' lang='lat' dir='ltr'><strong>Per</strong></span> <span class='ocrx_word' id='word_1_290' title='bbox 616 2698 772 2751; x_wconf 85' lang='lat' dir='ltr'><strong>quam</strong></span> <span class='ocrx_word' id='word_1_291' title='bbox 811 2662 918 2735; x_wconf 86' lang='lat' dir='ltr'><strong>rem</strong></span> <span class='ocrx_word' id='word_1_292' title='bbox 959 2677 1391 2747; x_wconf 82' lang='lat' dir='ltr'><strong>comprehendam</strong></span> <span class='ocrx_word' id='word_1_293' title='bbox 1424 2675 1728 2739; x_wconf 82' lang='lat' dir='ltr'><strong>Dominum,</strong></span> <span class='ocrx_word' id='word_1_294' title='bbox 1775 2676 2058 2742; x_wconf 78' lang='lat' dir='ltr'><strong>apprehen-</strong></span> 
     </span>
    </p>
   </div>
   <div class='ocr_carea' id='block_1_45' title="bbox 2161 1948 3738 2020">
    <p class='ocr_par' dir='ltr' id='par_1_45' title="bbox 2161 1948 3738 2020">
     <span class='ocr_line' id='line_1_45' title="bbox 2161 1948 3738 2020; baseline -0.003 -15"><span class='ocrx_word' id='word_1_295' title='bbox 2161 1953 2380 2020; x_wconf 73' lang='grc' dir='ltr'>Κύριον</span> <span class='ocrx_word' id='word_1_296' title='bbox 2397 1989 2414 2014; x_wconf 94' lang='grc'><strong>,</strong></span> <span class='ocrx_word' id='word_1_297' title='bbox 2454 1950 2858 2018; x_wconf 64' lang='grc' dir='ltr'>ἀναλήψομαι</span> <span class='ocrx_word' id='word_1_298' title='bbox 2891 1948 3038 2002; x_wconf 85' lang='grc' dir='ltr'><strong>Θεοῦ</strong></span> <span class='ocrx_word' id='word_1_299' title='bbox 3058 1965 3178 2017; x_wconf 82' lang='grc' dir='ltr'>μου</span> <span class='ocrx_word' id='word_1_300' title='bbox 3203 1949 3471 2016; x_wconf 77' lang='grc' dir='ltr'>ὑψίστου</span> <span class='ocrx_word' id='word_1_301' title='bbox 3487 1965 3508 2012; x_wconf 85' lang='grc'><em>;</em></span> <span class='ocrx_word' id='word_1_302' title='bbox 3536 1949 3603 2000; x_wconf 80' lang='lat' dir='ltr'><strong>El</strong></span> <span class='ocrx_word' id='word_1_303' title='bbox 3631 1964 3738 2000; x_wconf 85' lang='grc' dir='ltr'>κα-</span> 
     </span>
    </p>
   </div>
   <div class='ocr_carea' id='block_1_46' title="bbox 2161 2025 3737 2113">
    <p class='ocr_par' dir='ltr' id='par_1_46' title="bbox 2161 2025 3737 2113">
     <span class='ocr_line' id='line_1_46' title="bbox 2161 2025 3737 2113; baseline -0.005 -15"><span class='ocrx_word' id='word_1_304' title='bbox 2161 2043 2506 2113; x_wconf 73' lang='grc' dir='ltr'>ταλήψομαι</span> <span class='ocrx_word' id='word_1_305' title='bbox 2536 2043 2722 2097; x_wconf 81' lang='grc' dir='ltr'>αὑτὸν</span> <span class='ocrx_word' id='word_1_306' title='bbox 2764 2042 2833 2094; x_wconf 84' lang='grc' dir='ltr'><strong>ἐν</strong></span> <span class='ocrx_word' id='word_1_307' title='bbox 2879 2042 3129 2110; x_wconf 80' lang='grc' dir='ltr'>μόσχοις</span> <span class='ocrx_word' id='word_1_308' title='bbox 3176 2025 3621 2102; x_wconf 70' lang='grc' dir='ltr'>ἐνιαυσιαίοις;</span> <span class='ocrx_word' id='word_1_309' title='bbox 3666 2040 3737 2090; x_wconf 73' lang='grc' dir='ltr'><strong>Εἰ</strong></span> 
     </span>
    </p>
   </div>
   <div class='ocr_carea' id='block_1_47' title="bbox 2164 2122 3738 2204">
    <p class='ocr_par' dir='ltr' id='par_1_47' title="bbox 2164 2122 3738 2204">
     <span class='ocr_line' id='line_1_47' title="bbox 2164 2122 3738 2204; baseline -0.006 -15"><span class='ocrx_word' id='word_1_310' title='bbox 2164 2134 2556 2204; x_wconf 81' lang='grc' dir='ltr'>προσδέξεται</span> <span class='ocrx_word' id='word_1_311' title='bbox 2585 2135 2800 2202; x_wconf 83' lang='grc' dir='ltr'>Κύριος</span> <span class='ocrx_word' id='word_1_312' title='bbox 2825 2132 2895 2185; x_wconf 80' lang='grc' dir='ltr'><strong>ἐν</strong></span> <span class='ocrx_word' id='word_1_313' title='bbox 2933 2122 3165 2200; x_wconf 76' lang='grc' dir='ltr'>χιλιάσι</span> <span class='ocrx_word' id='word_1_314' title='bbox 3209 2129 3423 2199; x_wconf 74' lang='grc' dir='ltr'>κριῶν,</span> <span class='ocrx_word' id='word_1_315' title='bbox 3473 2128 3510 2196; x_wconf 83' lang='grc' dir='ltr'><strong>ἢ</strong></span> <span class='ocrx_word' id='word_1_316' title='bbox 3541 2128 3610 2181; x_wconf 80' lang='grc' dir='ltr'><strong>ἐν</strong></span> <span class='ocrx_word' id='word_1_317' title='bbox 3631 2146 3738 2196; x_wconf 84' lang='grc' dir='ltr'>μυ-</span> 
     </span>
    </p>
   </div>
   <div class='ocr_carea' id='block_1_48' title="bbox 2156 2219 3738 2296">
    <p class='ocr_par' dir='ltr' id='par_1_48' title="bbox 2156 2219 3738 2296">
     <span class='ocr_line' id='line_1_48' title="bbox 2156 2219 3738 2296; baseline -0.004 -17"><span class='ocrx_word' id='word_1_318' title='bbox 2156 2225 2328 2293; x_wconf 81' lang='grc' dir='ltr'>ριάσι</span> <span class='ocrx_word' id='word_1_319' title='bbox 2350 2226 2615 2296; x_wconf 75' lang='grc' dir='ltr'>χιμάρων</span> <span class='ocrx_word' id='word_1_320' title='bbox 2669 2226 2921 2288; x_wconf 71' lang='lat' dir='ltr'><strong>mortar;</strong></span> <span class='ocrx_word' id='word_1_321' title='bbox 3007 2226 3079 2277; x_wconf 72' lang='grc' dir='ltr'><strong>Εἰ</strong></span> <span class='ocrx_word' id='word_1_322' title='bbox 3125 2222 3207 2275; x_wconf 86' lang='grc' dir='ltr'><strong>δῶ</strong></span> <span class='ocrx_word' id='word_1_323' title='bbox 3245 2219 3582 2289; x_wconf 82' lang='grc' dir='ltr'>πρωτότοκὰ</span> <span class='ocrx_word' id='word_1_324' title='bbox 3615 2237 3738 2288; x_wconf 83' lang='grc' dir='ltr'><strong>μου</strong></span> 
     </span>
    </p>
   </div>
   <div class='ocr_carea' id='block_1_49' title="bbox 2161 2311 3738 2385">
    <p class='ocr_par' dir='ltr' id='par_1_49' title="bbox 2161 2311 3738 2385">
     <span class='ocr_line' id='line_1_49' title="bbox 2161 2311 3738 2385; baseline -0.004 -14"><span class='ocrx_word' id='word_1_325' title='bbox 2161 2318 2458 2384; x_wconf 77' lang='grc' dir='ltr'>ἀσεϐείας,</span> <span class='ocrx_word' id='word_1_326' title='bbox 2472 2317 2704 2385; x_wconf 83' lang='grc' dir='ltr'>καρπὸν</span> <span class='ocrx_word' id='word_1_327' title='bbox 2724 2317 2956 2382; x_wconf 80' lang='grc' dir='ltr'>κοιλίας</span> <span class='ocrx_word' id='word_1_328' title='bbox 2972 2333 3092 2384; x_wconf 82' lang='grc' dir='ltr'><strong>μου</strong></span> <span class='ocrx_word' id='word_1_329' title='bbox 3116 2313 3264 2381; x_wconf 75' lang='grc' dir='ltr'><strong>ὑπὲρ</strong></span> <span class='ocrx_word' id='word_1_330' title='bbox 3281 2311 3574 2382; x_wconf 79' lang='grc' dir='ltr'>ἁμαρτιῶν</span> <span class='ocrx_word' id='word_1_331' title='bbox 3583 2329 3700 2380; x_wconf 83' lang='grc' dir='ltr'><strong>μου</strong></span> <span class='ocrx_word' id='word_1_332' title='bbox 3717 2329 3738 2375; x_wconf 72' lang='lat'><strong>,-</strong></span> 
     </span>
    </p>
   </div>
   <div class='ocr_carea' id='block_1_50' title="bbox 2171 2405 3740 2480">
    <p class='ocr_par' dir='ltr' id='par_1_50' title="bbox 2171 2405 3740 2480">
     <span class='ocr_line' id='line_1_50' title="bbox 2171 2405 3740 2480; baseline -0.004 -18"><span class='ocrx_word' id='word_1_333' title='bbox 2171 2410 2543 2463; x_wconf 81' lang='grc' dir='ltr'>Ἀκουέτωσαν</span> <span class='ocrx_word' id='word_1_334' title='bbox 2580 2412 2627 2462; x_wconf 82' lang='grc' dir='ltr'>οἱ</span> <span class='ocrx_word' id='word_1_335' title='bbox 2658 2411 2755 2479; x_wconf 82' lang='grc' dir='ltr'>τὴν</span> <span class='ocrx_word' id='word_1_336' title='bbox 2806 2409 3034 2480; x_wconf 82' lang='grc' dir='ltr'>καρδίαν</span> <span class='ocrx_word' id='word_1_337' title='bbox 3080 2409 3307 2477; x_wconf 87' lang='grc' dir='ltr'>παχεῖαν</span> <span class='ocrx_word' id='word_1_338' title='bbox 3337 2405 3566 2474; x_wconf 73' lang='grc' dir='ltr'>ἔχοντες,</span> <span class='ocrx_word' id='word_1_339' title='bbox 3597 2405 3740 2473; x_wconf 78' lang='grc' dir='ltr'>ὅπερ</span> 
     </span>
    </p>
   </div>
   <div class='ocr_carea' id='block_1_51' title="bbox 2160 2494 3741 2573">
    <p class='ocr_par' dir='ltr' id='par_1_51' title="bbox 2160 2494 3741 2573">
     <span class='ocr_line' id='line_1_51' title="bbox 2160 2494 3741 2573; baseline 0.003 -20"><span class='ocrx_word' id='word_1_340' title='bbox 2160 2501 2340 2553; x_wconf 80' lang='grc' dir='ltr'>αὐτῶν</span> <span class='ocrx_word' id='word_1_341' title='bbox 2390 2504 2418 2554; x_wconf 97' lang='lat'><strong>6</strong></span> <span class='ocrx_word' id='word_1_342' title='bbox 2457 2504 2741 2573; x_wconf 82' lang='grc' dir='ltr'>προφήτης</span> <span class='ocrx_word' id='word_1_343' title='bbox 2791 2501 2920 2571; x_wconf 75' lang='grc' dir='ltr'>περὶ</span> <span class='ocrx_word' id='word_1_344' title='bbox 2973 2499 3130 2572; x_wconf 74' lang='grc' dir='ltr'>ἡμῶν</span> <span class='ocrx_word' id='word_1_345' title='bbox 3189 2499 3603 2567; x_wconf 78' lang='grc' dir='ltr'>κατηγόρησεν,</span> <span class='ocrx_word' id='word_1_346' title='bbox 3658 2494 3741 2557; x_wconf 81' lang='grc' dir='ltr'><strong>ὡς</strong></span> 
     </span>
    </p>
   </div>
   <div class='ocr_carea' id='block_1_52' title="bbox 2160 2587 3740 2661">
    <p class='ocr_par' dir='ltr' id='par_1_52' title="bbox 2160 2587 3740 2661">
     <span class='ocr_line' id='line_1_52' title="bbox 2160 2587 3740 2661; baseline -0.003 -19"><span class='ocrx_word' id='word_1_347' title='bbox 2160 2593 2478 2661; x_wconf 83' lang='grc' dir='ltr'>πρωτότοκα</span> <span class='ocrx_word' id='word_1_348' title='bbox 2529 2591 2782 2654; x_wconf 79' lang='grc' dir='ltr'>ἀσεϐείας</span> <span class='ocrx_word' id='word_1_349' title='bbox 2818 2591 2847 2643; x_wconf 91' lang='lat'><strong>6</strong></span> <span class='ocrx_word' id='word_1_350' title='bbox 2899 2590 3168 2660; x_wconf 86' lang='grc' dir='ltr'>μακάριος</span> <span class='ocrx_word' id='word_1_351' title='bbox 3200 2589 3438 2658; x_wconf 85' lang='grc' dir='ltr'>Μιχαίας</span> <span class='ocrx_word' id='word_1_352' title='bbox 3489 2587 3556 2641; x_wconf 85' lang='grc' dir='ltr'><strong>τά</strong></span> <span class='ocrx_word' id='word_1_353' title='bbox 3592 2587 3740 2639; x_wconf 79' lang='grc' dir='ltr'><strong>κατά</strong></span> 
     </span>
    </p>
   </div>
   <div class='ocr_carea' id='block_1_53' title="bbox 2163 2681 3301 2754">
    <p class='ocr_par' dir='ltr' id='par_1_53' title="bbox 2163 2681 3301 2754">
     <span class='ocr_line' id='line_1_53' title="bbox 2163 2681 3301 2754; baseline -0.001 -21"><span class='ocrx_word' id='word_1_354' title='bbox 2163 2682 2338 2752; x_wconf 84' lang='grc' dir='ltr'>σάρκα</span> <span class='ocrx_word' id='word_1_355' title='bbox 2373 2683 2585 2754; x_wconf 81' lang='grc' dir='ltr'>Ἰσραὴλ</span> <span class='ocrx_word' id='word_1_356' title='bbox 2618 2683 2938 2754; x_wconf 85' lang='grc' dir='ltr'>πρωτότοκα</span> <span class='ocrx_word' id='word_1_357' title='bbox 2971 2681 3301 2749; x_wconf 74' lang='grc' dir='ltr'>ὲξωνόμασε.</span> 
     </span>
    </p>
   </div>
   <div class='ocr_carea' id='block_1_54' title="bbox 485 2763 3743 2840">
    <p class='ocr_par' dir='ltr' id='par_1_54' title="bbox 485 2763 3743 2840">
     <span class='ocr_line' id='line_1_54' title="bbox 485 2763 3743 2840; baseline -0.001 -18"><span class='ocrx_word' id='word_1_358' title='bbox 485 2772 608 2824; x_wconf 89' lang='lat' dir='ltr'><strong>dam</strong></span> <span class='ocrx_word' id='word_1_359' title='bbox 657 2769 820 2823; x_wconf 86' lang='lat' dir='ltr'><strong>Deam</strong></span> <span class='ocrx_word' id='word_1_360' title='bbox 865 2785 1035 2823; x_wconf 83' lang='lat' dir='ltr'><strong>meum</strong></span> <span class='ocrx_word' id='word_1_361' title='bbox 1067 2767 1429 2822; x_wconf 75' lang='lat' dir='ltr'><strong>altissimum?</strong></span> <span class='ocrx_word' id='word_1_362' title='bbox 1486 2764 1567 2818; x_wconf 79' lang='lat' dir='ltr'><strong><em>An</em></strong></span> <span class='ocrx_word' id='word_1_363' title='bbox 1619 2763 2052 2832; x_wconf 84' lang='lat' dir='ltr'><strong>comprehendam</strong></span> <span class='ocrx_word' id='word_1_364' title='bbox 2090 2783 2208 2823; x_wconf 86' lang='lat' dir='ltr'><strong>eum</strong></span> <span class='ocrx_word' id='word_1_365' title='bbox 2240 2789 2332 2840; x_wconf 77' lang='lat' dir='ltr'><strong>per</strong></span> <span class='ocrx_word' id='word_1_366' title='bbox 2365 2774 2554 2827; x_wconf 69' lang='grc' dir='ltr'>υξιιιιοε</span> <span class='ocrx_word' id='word_1_367' title='bbox 2580 2773 2903 2826; x_wconf 68' lang='lat' dir='ltr'><strong>anniculos?</strong></span> <span class='ocrx_word' id='word_1_368' title='bbox 2927 2773 3005 2826; x_wconf 75' lang='lat' dir='ltr'><strong>An</strong></span> <span class='ocrx_word' id='word_1_369' title='bbox 3033 2771 3278 2824; x_wconf 79' lang='lat' dir='ltr'><strong>admittet</strong></span> <span class='ocrx_word' id='word_1_370' title='bbox 3342 2771 3593 2823; x_wconf 78' lang='lat' dir='ltr'><strong>Dominus</strong></span> <span class='ocrx_word' id='word_1_371' title='bbox 3645 2785 3743 2837; x_wconf 71' lang='lat' dir='ltr'><strong>per</strong></span> 
     </span>
    </p>
   </div>
   <div class='ocr_carea' id='block_1_55' title="bbox 486 2858 3743 2936">
    <p class='ocr_par' dir='ltr' id='par_1_55' title="bbox 486 2858 3743 2936">
     <span class='ocr_line' id='line_1_55' title="bbox 486 2858 3743 2936; baseline 0.001 -22"><span class='ocrx_word' id='word_1_372' title='bbox 486 2861 629 2915; x_wconf 84' lang='lat' dir='ltr'><strong>mille</strong></span> <span class='ocrx_word' id='word_1_373' title='bbox 657 2861 865 2928; x_wconf 78' lang='lat' dir='ltr'><strong>arietes,</strong></span> <span class='ocrx_word' id='word_1_374' title='bbox 893 2869 1090 2930; x_wconf 84' lang='lat' dir='ltr'><strong>autper</strong></span> <span class='ocrx_word' id='word_1_375' title='bbox 1121 2861 1296 2914; x_wconf 83' lang='lat' dir='ltr'><strong>decem</strong></span> <span class='ocrx_word' id='word_1_376' title='bbox 1327 2858 1500 2912; x_wconf 84' lang='lat' dir='ltr'><strong>millia</strong></span> <span class='ocrx_word' id='word_1_377' title='bbox 1532 2872 1814 2925; x_wconf 86' lang='lat' dir='ltr'><strong>caprarum</strong></span> <span class='ocrx_word' id='word_1_378' title='bbox 1885 2858 2194 2928; x_wconf 81' lang='lat' dir='ltr'><strong>pinguium?</strong></span> <span class='ocrx_word' id='word_1_379' title='bbox 2257 2866 2340 2918; x_wconf 82' lang='lat' dir='ltr'><strong>An</strong></span> <span class='ocrx_word' id='word_1_380' title='bbox 2402 2866 2539 2920; x_wconf 86' lang='lat' dir='ltr'><strong>dabo</strong></span> <span class='ocrx_word' id='word_1_381' title='bbox 2603 2866 2949 2936; x_wconf 80' lang='lat' dir='ltr'><strong>primogenita</strong></span> <span class='ocrx_word' id='word_1_382' title='bbox 2990 2880 3105 2918; x_wconf 89' lang='lat' dir='ltr'><strong>mea</strong></span> <span class='ocrx_word' id='word_1_383' title='bbox 3137 2864 3446 2931; x_wconf 76' lang='lat' dir='ltr'><strong>impietatis,</strong></span> <span class='ocrx_word' id='word_1_384' title='bbox 3501 2862 3743 2928; x_wconf 76' lang='lat' dir='ltr'><strong>fructum</strong></span> 
     </span>
    </p>
   </div>
   <div class='ocr_carea' id='block_1_56' title="bbox 485 2952 3741 3031">
    <p class='ocr_par' dir='ltr' id='par_1_56' title="bbox 485 2952 3741 3031">
     <span class='ocr_line' id='line_1_56' title="bbox 485 2952 3741 3031; baseline -0.004 -20"><span class='ocrx_word' id='word_1_385' title='bbox 485 2959 677 3012; x_wconf 80' lang='lat' dir='ltr'><strong>ventris</strong></span> <span class='ocrx_word' id='word_1_386' title='bbox 732 2958 830 3010; x_wconf 86' lang='lat' dir='ltr'><strong>mei</strong></span> <span class='ocrx_word' id='word_1_387' title='bbox 871 2965 964 3024; x_wconf 79' lang='lat' dir='ltr'><strong>pro</strong></span> <span class='ocrx_word' id='word_1_388' title='bbox 1004 2957 1231 3022; x_wconf 79' lang='lat' dir='ltr'><strong>peccatis</strong></span> <span class='ocrx_word' id='word_1_389' title='bbox 1271 2954 1400 3008; x_wconf 83' lang='lat' dir='ltr'><strong>meis</strong></span> <span class='ocrx_word' id='word_1_390' title='bbox 1431 2953 1525 3006; x_wconf 68' lang='lat'><strong>“&#39;1</strong></span> <span class='ocrx_word' id='word_1_391' title='bbox 1582 2952 1822 3007; x_wconf 85' lang='lat' dir='ltr'><strong>Audiant</strong></span> <span class='ocrx_word' id='word_1_392' title='bbox 1855 2955 1949 3022; x_wconf 89' lang='lat' dir='ltr'><strong>qui</strong></span> <span class='ocrx_word' id='word_1_393' title='bbox 1985 2969 2079 3009; x_wconf 85' lang='lat' dir='ltr'><strong>cor</strong></span> <span class='ocrx_word' id='word_1_394' title='bbox 2116 2971 2366 3015; x_wconf 87' lang='lat' dir='ltr'><strong>crassum</strong></span> <span class='ocrx_word' id='word_1_395' title='bbox 2419 2961 2642 3027; x_wconf 87' lang='lat' dir='ltr'><strong>habent,</strong></span> <span class='ocrx_word' id='word_1_396' title='bbox 2682 2976 2790 3031; x_wconf 89' lang='lat' dir='ltr'><strong>qua</strong></span> <span class='ocrx_word' id='word_1_397' title='bbox 2852 2961 2921 3015; x_wconf 88' lang='lat' dir='ltr'><strong>de</strong></span> <span class='ocrx_word' id='word_1_398' title='bbox 2968 2975 3027 3014; x_wconf 89' lang='lat' dir='ltr'><strong>re</strong></span> <span class='ocrx_word' id='word_1_399' title='bbox 3066 2973 3165 3014; x_wconf 84' lang='lat' dir='ltr'><strong>eos</strong></span> <span class='ocrx_word' id='word_1_400' title='bbox 3215 2967 3339 3013; x_wconf 72' lang='lat' dir='ltr'><strong>ante</strong></span> <span class='ocrx_word' id='word_1_401' title='bbox 3359 2972 3462 3012; x_wconf 72' lang='lat' dir='ltr'><strong>nos</strong></span> <span class='ocrx_word' id='word_1_402' title='bbox 3503 2973 3741 3012; x_wconf 68' lang='lat' dir='ltr'><strong>accusa-</strong></span> 
     </span>
    </p>
   </div>
   <div class='ocr_carea' id='block_1_57' title="bbox 483 3043 3741 3122">
    <p class='ocr_par' dir='ltr' id='par_1_57' title="bbox 483 3043 3741 3122">
     <span class='ocr_line' id='line_1_57' title="bbox 483 3043 3741 3122; baseline -0 -18"><span class='ocrx_word' id='word_1_403' title='bbox 483 3049 624 3104; x_wconf 80' lang='lat' dir='ltr'><strong>verit</strong></span> <span class='ocrx_word' id='word_1_404' title='bbox 655 3048 939 3118; x_wconf 83' lang='lat' dir='ltr'><strong>propheta,</strong></span> <span class='ocrx_word' id='word_1_405' title='bbox 967 3054 1024 3100; x_wconf 94' lang='lat' dir='ltr'><strong>ut</strong></span> <span class='ocrx_word' id='word_1_406' title='bbox 1059 3044 1419 3116; x_wconf 74' lang='lat' dir='ltr'><strong>primogenita</strong></span> <span class='ocrx_word' id='word_1_407' title='bbox 1455 3043 1749 3114; x_wconf 89' lang='lat' dir='ltr'><strong>impietatis</strong></span> <span class='ocrx_word' id='word_1_408' title='bbox 1789 3057 1871 3109; x_wconf 88' lang='lat' dir='ltr'><strong>ea,</strong></span> <span class='ocrx_word' id='word_1_409' title='bbox 1919 3060 2040 3114; x_wconf 66' lang='lat' dir='ltr'><strong>qum</strong></span> <span class='ocrx_word' id='word_1_410' title='bbox 2077 3051 2376 3106; x_wconf 87' lang='lat' dir='ltr'><strong>secundum</strong></span> <span class='ocrx_word' id='word_1_411' title='bbox 2409 3066 2629 3108; x_wconf 88' lang='lat' dir='ltr'><strong>carnem</strong></span> <span class='ocrx_word' id='word_1_412' title='bbox 2683 3051 3049 3122; x_wconf 73' lang='lat' dir='ltr'><strong>primogenita</strong></span> <span class='ocrx_word' id='word_1_413' title='bbox 3083 3051 3304 3105; x_wconf 87' lang='lat' dir='ltr'><strong>lsraelis</strong></span> <span class='ocrx_word' id='word_1_414' title='bbox 3337 3058 3514 3113; x_wconf 88' lang='lat' dir='ltr'><strong>erant,</strong></span> <span class='ocrx_word' id='word_1_415' title='bbox 3542 3051 3741 3106; x_wconf 81' lang='lat' dir='ltr'><strong>beatus</strong></span> 
     </span>
    </p>
   </div>
   <div class='ocr_carea' id='block_1_58' title="bbox 485 3139 1150 3199">
    <p class='ocr_par' dir='ltr' id='par_1_58' title="bbox 485 3139 1150 3199">
     <span class='ocr_line' id='line_1_58' title="bbox 485 3139 1150 3199; baseline -0.006 -1"><span class='ocrx_word' id='word_1_416' title='bbox 485 3142 737 3199; x_wconf 68' lang='lat' dir='ltr'><strong>Michteas</strong></span> <span class='ocrx_word' id='word_1_417' title='bbox 767 3139 1150 3196; x_wconf 80' lang='lat' dir='ltr'><strong>nominaverit.</strong></span> 
     </span>
    </p>
   </div>
   <div class='ocr_carea' id='block_1_59' title="bbox 555 3224 2055 3306">
    <p class='ocr_par' dir='ltr' id='par_1_59' title="bbox 555 3227 2050 3302">
     <span class='ocr_line' id='line_1_59' title="bbox 555 3227 2050 3302; baseline -0.001 -17"><span class='ocrx_word' id='word_1_418' title='bbox 555 3234 660 3299; x_wconf 77' lang='lat' dir='ltr'><strong>Qui</strong></span> <span class='ocrx_word' id='word_1_419' title='bbox 688 3232 852 3302; x_wconf 84' lang='lat' dir='ltr'><strong>igitur</strong></span> <span class='ocrx_word' id='word_1_420' title='bbox 885 3238 1075 3284; x_wconf 87' lang='lat' dir='ltr'><strong>sancta</strong></span> <span class='ocrx_word' id='word_1_421' title='bbox 1118 3228 1231 3281; x_wconf 61' lang='lat' dir='ltr'><strong>haec</strong></span> <span class='ocrx_word' id='word_1_422' title='bbox 1287 3227 1694 3290; x_wconf 85' lang='lat' dir='ltr'><strong>existimarunt,</strong></span> <span class='ocrx_word' id='word_1_423' title='bbox 1754 3243 1876 3298; x_wconf 70' lang='lat' dir='ltr'><strong>quae</strong></span> <span class='ocrx_word' id='word_1_424' title='bbox 1923 3244 2050 3298; x_wconf 83' lang='lat' dir='ltr'><strong>pro—</strong></span> 
     </span>
    </p>
   </div>
   <div class='ocr_carea' id='block_1_60' title="bbox 2158 3224 3740 3306">
    <p class='ocr_par' dir='ltr' id='par_1_60' title="bbox 2223 3224 3740 3300">
     <span class='ocr_line' id='line_1_60' title="bbox 2223 3224 3740 3300; baseline -0.005 -17"><span class='ocrx_word' id='word_1_425' title='bbox 2223 3231 2347 3293; x_wconf 88' lang='grc' dir='ltr'><strong>Πῶς</strong></span> <span class='ocrx_word' id='word_1_426' title='bbox 2372 3224 2463 3284; x_wconf 76' lang='grc' dir='ltr'><strong>οὖν</strong></span> <span class='ocrx_word' id='word_1_427' title='bbox 2485 3229 2616 3298; x_wconf 70' lang='grc' dir='ltr'>ἅγια</span> <span class='ocrx_word' id='word_1_428' title='bbox 2635 3226 2809 3283; x_wconf 80' lang='grc' dir='ltr'>ταῦτα</span> <span class='ocrx_word' id='word_1_429' title='bbox 2838 3229 3223 3300; x_wconf 85' lang='grc' dir='ltr'>ὑπειλήφασιν,</span> <span class='ocrx_word' id='word_1_430' title='bbox 3245 3228 3387 3300; x_wconf 77' lang='grc' dir='ltr'>άπερ</span> <span class='ocrx_word' id='word_1_431' title='bbox 3406 3226 3740 3298; x_wconf 73' lang='grc' dir='ltr'>προφητικιῇ</span> 
     </span>
    </p>
   </div>
   <div class='ocr_carea' id='block_1_61' title="bbox 484 3319 2049 3398">
    <p class='ocr_par' dir='ltr' id='par_1_61' title="bbox 484 3319 2049 3398">
     <span class='ocr_line' id='line_1_61' title="bbox 484 3319 2049 3398; baseline -0.004 -19"><span class='ocrx_word' id='word_1_432' title='bbox 484 3324 704 3398; x_wconf 85' lang='lat' dir='ltr'><strong>phetieo</strong></span> <span class='ocrx_word' id='word_1_433' title='bbox 758 3322 924 3376; x_wconf 85' lang='lat' dir='ltr'><strong>verbo</strong></span> <span class='ocrx_word' id='word_1_434' title='bbox 980 3320 1273 3390; x_wconf 84' lang='lat' dir='ltr'><strong>impietatis</strong></span> <span class='ocrx_word' id='word_1_435' title='bbox 1333 3319 1698 3388; x_wconf 88' lang='lat' dir='ltr'><strong>primogenita</strong></span> <span class='ocrx_word' id='word_1_436' title='bbox 1744 3320 2049 3373; x_wconf 75' lang='lat' dir='ltr'><strong>nominata</strong></span> 
     </span>
    </p>
   </div>
   <div class='ocr_carea' id='block_1_62' title="bbox 485 3409 2053 3480">
    <p class='ocr_par' dir='ltr' id='par_1_62' title="bbox 485 3409 2053 3480">
     <span class='ocr_line' id='line_1_62' title="bbox 485 3409 2053 3480; baseline -0.004 -9"><span class='ocrx_word' id='word_1_437' title='bbox 485 3416 654 3471; x_wconf 82' lang='lat' dir='ltr'><strong>sunt?</strong></span> <span class='ocrx_word' id='word_1_438' title='bbox 675 3413 867 3468; x_wconf 88' lang='lat' dir='ltr'><strong>Dicant</strong></span> <span class='ocrx_word' id='word_1_439' title='bbox 895 3412 1051 3466; x_wconf 89' lang='lat' dir='ltr'><strong>nobis</strong></span> <span class='ocrx_word' id='word_1_440' title='bbox 1078 3425 1203 3466; x_wconf 91' lang='lat' dir='ltr'><strong>vere</strong></span> <span class='ocrx_word' id='word_1_441' title='bbox 1230 3409 1598 3464; x_wconf 89' lang='lat' dir='ltr'><strong>balbutientes</strong></span> <span class='ocrx_word' id='word_1_442' title='bbox 1658 3409 1881 3480; x_wconf 59' lang='lat' dir='ltr'><strong>linguae,</strong></span> <span class='ocrx_word' id='word_1_443' title='bbox 1931 3425 2053 3479; x_wconf 68' lang='lat' dir='ltr'><strong>quae</strong></span> 
     </span>
    </p>
   </div>
   <div class='ocr_carea' id='block_1_63' title="bbox 486 3501 2050 3577">
    <p class='ocr_par' dir='ltr' id='par_1_63' title="bbox 486 3501 2050 3577">
     <span class='ocr_line' id='line_1_63' title="bbox 486 3501 2050 3577; baseline -0.008 -14"><span class='ocrx_word' id='word_1_444' title='bbox 486 3522 595 3563; x_wconf 91' lang='lat' dir='ltr'><strong>non</strong></span> <span class='ocrx_word' id='word_1_445' title='bbox 633 3511 865 3577; x_wconf 90' lang='lat' dir='ltr'><strong>possunt</strong></span> <span class='ocrx_word' id='word_1_446' title='bbox 895 3511 1040 3558; x_wconf 90' lang='lat' dir='ltr'><strong>recte</strong></span> <span class='ocrx_word' id='word_1_447' title='bbox 1057 3501 1412 3572; x_wconf 87' lang='lat' dir='ltr'><strong>pronuntiare</strong></span> <span class='ocrx_word' id='word_1_448' title='bbox 1445 3510 1498 3554; x_wconf 91' lang='lat' dir='ltr'><strong>et</strong></span> <span class='ocrx_word' id='word_1_449' title='bbox 1530 3501 1711 3569; x_wconf 90' lang='lat' dir='ltr'><strong>eloqui</strong></span> <span class='ocrx_word' id='word_1_450' title='bbox 1740 3501 2050 3565; x_wconf 84' lang='lat' dir='ltr'><strong>veritatem,</strong></span> 
     </span>
    </p>
   </div>
   <div class='ocr_carea' id='block_1_64' title="bbox 484 3591 2054 3670">
    <p class='ocr_par' dir='ltr' id='par_1_64' title="bbox 484 3591 2054 3670">
     <span class='ocr_line' id='line_1_64' title="bbox 484 3591 2054 3670; baseline -0.004 -16"><span class='ocrx_word' id='word_1_451' title='bbox 484 3599 762 3670; x_wconf 70' lang='lat' dir='ltr'><strong>Quomodo</strong></span> <span class='ocrx_word' id='word_1_452' title='bbox 789 3591 1051 3666; x_wconf 89' lang='lat' dir='ltr'><strong>propheta</strong></span> <span class='ocrx_word' id='word_1_453' title='bbox 1085 3608 1181 3662; x_wconf 93' lang='lat' dir='ltr'><strong>per</strong></span> <span class='ocrx_word' id='word_1_454' title='bbox 1207 3591 1472 3662; x_wconf 88' lang='lat' dir='ltr'><strong>Spiritum</strong></span> <span class='ocrx_word' id='word_1_455' title='bbox 1513 3600 1768 3648; x_wconf 87' lang='lat' dir='ltr'><strong>sanctum</strong></span> <span class='ocrx_word' id='word_1_456' title='bbox 1825 3593 2054 3662; x_wconf 88' lang='lat' dir='ltr'><strong>loquens</strong></span> 
     </span>
    </p>
   </div>
   <div class='ocr_carea' id='block_1_65' title="bbox 487 3679 2055 3755">
    <p class='ocr_par' dir='ltr' id='par_1_65' title="bbox 487 3679 2055 3755">
     <span class='ocr_line' id='line_1_65' title="bbox 487 3679 2055 3755; baseline -0.003 -13"><span class='ocrx_word' id='word_1_457' title='bbox 487 3688 729 3743; x_wconf 82' lang='lat' dir='ltr'><strong>fructum</strong></span> <span class='ocrx_word' id='word_1_458' title='bbox 772 3685 1064 3755; x_wconf 90' lang='lat' dir='ltr'><strong>impietatis</strong></span> <span class='ocrx_word' id='word_1_459' title='bbox 1089 3698 1255 3737; x_wconf 89' lang='lat' dir='ltr'><strong>ausus</strong></span> <span class='ocrx_word' id='word_1_460' title='bbox 1283 3683 1355 3738; x_wconf 90' lang='lat' dir='ltr'><strong>sit</strong></span> <span class='ocrx_word' id='word_1_461' title='bbox 1379 3697 1441 3736; x_wconf 91' lang='lat' dir='ltr'><strong>ea</strong></span> <span class='ocrx_word' id='word_1_462' title='bbox 1465 3679 1704 3737; x_wconf 81' lang='lat' dir='ltr'><strong>vocare?</strong></span> <span class='ocrx_word' id='word_1_463' title='bbox 1734 3683 1837 3748; x_wconf 86' lang='lat' dir='ltr'><strong>Qui</strong></span> <span class='ocrx_word' id='word_1_464' title='bbox 1868 3684 1959 3737; x_wconf 83' lang='lat' dir='ltr'><strong>ﬁat</strong></span> <span class='ocrx_word' id='word_1_465' title='bbox 1995 3692 2055 3738; x_wconf 90' lang='lat' dir='ltr'><strong>ut</strong></span> 
     </span>
    </p>
   </div>
   <div class='ocr_carea' id='block_1_66' title="bbox 405 3772 2056 3844">
    <p class='ocr_par' dir='ltr' id='par_1_66' title="bbox 405 3772 2056 3844">
     <span class='ocr_line' id='line_1_66' title="bbox 405 3772 2056 3844; baseline -0.002 -13"><span class='ocrx_word' id='word_1_466' title='bbox 405 3827 424 3840; x_wconf 83' lang='grc'><strong>,</strong></span> <span class='ocrx_word' id='word_1_467' title='bbox 486 3778 681 3839; x_wconf 87' lang='lat' dir='ltr'><strong>oratio,</strong></span> <span class='ocrx_word' id='word_1_468' title='bbox 716 3790 836 3844; x_wconf 69' lang='lat' dir='ltr'><strong>quae</strong></span> <span class='ocrx_word' id='word_1_469' title='bbox 852 3775 918 3828; x_wconf 86' lang='lat' dir='ltr'><strong>de</strong></span> <span class='ocrx_word' id='word_1_470' title='bbox 946 3772 1316 3841; x_wconf 88' lang='lat' dir='ltr'><strong>redemptione</strong></span> <span class='ocrx_word' id='word_1_471' title='bbox 1349 3773 1547 3826; x_wconf 88' lang='lat' dir='ltr'><strong>horum</strong></span> <span class='ocrx_word' id='word_1_472' title='bbox 1582 3772 1846 3843; x_wconf 89' lang='lat' dir='ltr'><strong>loquitur,</strong></span> <span class='ocrx_word' id='word_1_473' title='bbox 1877 3790 2056 3844; x_wconf 69' lang='lat' dir='ltr'><strong>inqua-</strong></span> 
     </span>
    </p>
   </div>
   <div class='ocr_carea' id='block_1_67' title="bbox 488 3865 2058 3935">
    <p class='ocr_par' dir='ltr' id='par_1_67' title="bbox 488 3865 2058 3935">
     <span class='ocr_line' id='line_1_67' title="bbox 488 3865 2058 3935; baseline -0.001 -13"><span class='ocrx_word' id='word_1_474' title='bbox 488 3871 556 3924; x_wconf 91' lang='lat' dir='ltr'><strong>lis</strong></span> <span class='ocrx_word' id='word_1_475' title='bbox 587 3877 641 3923; x_wconf 90' lang='lat' dir='ltr'><strong>et</strong></span> <span class='ocrx_word' id='word_1_476' title='bbox 675 3882 861 3922; x_wconf 88' lang='lat' dir='ltr'><strong>secum</strong></span> <span class='ocrx_word' id='word_1_477' title='bbox 893 3874 1264 3920; x_wconf 89' lang='lat' dir='ltr'><strong>consentanea</strong></span> <span class='ocrx_word' id='word_1_478' title='bbox 1286 3879 1410 3920; x_wconf 89' lang='lat' dir='ltr'><strong>esse</strong></span> <span class='ocrx_word' id='word_1_479' title='bbox 1435 3879 1540 3919; x_wconf 93' lang='lat' dir='ltr'><strong>non</strong></span> <span class='ocrx_word' id='word_1_480' title='bbox 1581 3865 1852 3930; x_wconf 88' lang='lat' dir='ltr'><strong>videatur,</strong></span> <span class='ocrx_word' id='word_1_481' title='bbox 1888 3883 2058 3935; x_wconf 87' lang='lat' dir='ltr'><strong>quan-</strong></span> 
     </span>
    </p>
   </div>
   <div class='ocr_carea' id='block_1_68' title="bbox 485 3955 2057 4026">
    <p class='ocr_par' dir='ltr' id='par_1_68' title="bbox 485 3955 2057 4026">
     <span class='ocr_line' id='line_1_68' title="bbox 485 3955 2057 4026; baseline -0.001 -13"><span class='ocrx_word' id='word_1_482' title='bbox 485 3970 600 4014; x_wconf 88' lang='lat' dir='ltr'><strong>tum</strong></span> <span class='ocrx_word' id='word_1_483' title='bbox 636 3960 830 4013; x_wconf 89' lang='lat' dir='ltr'><strong>attinet</strong></span> <span class='ocrx_word' id='word_1_484' title='bbox 867 3958 933 4011; x_wconf 90' lang='lat' dir='ltr'><strong>ad</strong></span> <span class='ocrx_word' id='word_1_485' title='bbox 972 3973 1115 4020; x_wconf 85' lang='lat' dir='ltr'><strong>eam,</strong></span> <span class='ocrx_word' id='word_1_486' title='bbox 1157 3970 1278 4026; x_wconf 73' lang='lat' dir='ltr'><strong>quae</strong></span> <span class='ocrx_word' id='word_1_487' title='bbox 1315 3970 1376 4010; x_wconf 85' lang='lat' dir='ltr'><strong>se</strong></span> <span class='ocrx_word' id='word_1_488' title='bbox 1422 3955 1596 4026; x_wconf 88' lang='lat' dir='ltr'><strong>prima</strong></span> <span class='ocrx_word' id='word_1_489' title='bbox 1657 3956 1836 4012; x_wconf 82' lang='lat' dir='ltr'><strong>fronte</strong></span> <span class='ocrx_word' id='word_1_490' title='bbox 1895 3964 2057 4026; x_wconf 86' lang='lat' dir='ltr'><strong>atque</strong></span> 
     </span>
    </p>
   </div>
   <div class='ocr_carea' id='block_1_69' title="bbox 487 4046 2058 4119">
    <p class='ocr_par' dir='ltr' id='par_1_69' title="bbox 487 4046 2058 4119">
     <span class='ocr_line' id='line_1_69' title="bbox 487 4046 2058 4119; baseline -0.003 -15"><span class='ocrx_word' id='word_1_491' title='bbox 487 4050 828 4119; x_wconf 90' lang='lat' dir='ltr'><strong>inspectione</strong></span> <span class='ocrx_word' id='word_1_492' title='bbox 853 4046 1028 4111; x_wconf 71' lang='lat' dir='ltr'><strong>offert,</strong></span> <span class='ocrx_word' id='word_1_493' title='bbox 1053 4048 1245 4100; x_wconf 69' lang='lat' dir='ltr'><strong>litterae</strong></span> <span class='ocrx_word' id='word_1_494' title='bbox 1267 4046 1615 4110; x_wconf 87' lang='lat' dir='ltr'><strong>sententiam,</strong></span> <span class='ocrx_word' id='word_1_495' title='bbox 1633 4060 1946 4115; x_wconf 90' lang='lat' dir='ltr'><strong>quanquam</strong></span> <span class='ocrx_word' id='word_1_496' title='bbox 1973 4047 2058 4100; x_wconf 83' lang='lat' dir='ltr'><strong>lex</strong></span> 
     </span>
    </p>
   </div>
   <div class='ocr_carea' id='block_1_70' title="bbox 487 4138 2056 4212">
    <p class='ocr_par' dir='ltr' id='par_1_70' title="bbox 487 4138 2056 4212">
     <span class='ocr_line' id='line_1_70' title="bbox 487 4138 2056 4212; baseline -0.004 -16"><span class='ocrx_word' id='word_1_497' title='bbox 487 4142 630 4212; x_wconf 82' lang='lat' dir='ltr'><strong>apud</strong></span> <span class='ocrx_word' id='word_1_498' title='bbox 649 4157 748 4195; x_wconf 94' lang='lat' dir='ltr'><strong>nos</strong></span> <span class='ocrx_word' id='word_1_499' title='bbox 766 4149 820 4194; x_wconf 92' lang='lat' dir='ltr'><strong>et</strong></span> <span class='ocrx_word' id='word_1_500' title='bbox 843 4147 1032 4193; x_wconf 88' lang='lat' dir='ltr'><strong>sancta</strong></span> <span class='ocrx_word' id='word_1_501' title='bbox 1050 4148 1103 4192; x_wconf 87' lang='lat' dir='ltr'><strong>et</strong></span> <span class='ocrx_word' id='word_1_502' title='bbox 1121 4138 1424 4208; x_wconf 87' lang='lat' dir='ltr'><strong>spiritualis</strong></span> <span class='ocrx_word' id='word_1_503' title='bbox 1437 4152 1557 4192; x_wconf 90' lang='lat' dir='ltr'><strong>esse</strong></span> <span class='ocrx_word' id='word_1_504' title='bbox 1584 4146 1694 4190; x_wconf 84' lang='lat' dir='ltr'><strong>tum</strong></span> <span class='ocrx_word' id='word_1_505' title='bbox 1723 4139 2056 4207; x_wconf 83' lang='lat' dir='ltr'><strong>intelligitur,</strong></span> 
     </span>
    </p>
   </div>
   <div class='ocr_carea' id='block_1_71' title="bbox 487 4225 2062 4295">
    <p class='ocr_par' dir='ltr' id='par_1_71' title="bbox 487 4225 2062 4295">
     <span class='ocr_line' id='line_1_71' title="bbox 487 4225 2062 4295; baseline -0.004 -10"><span class='ocrx_word' id='word_1_506' title='bbox 487 4229 599 4285; x_wconf 82' lang='lat' dir='ltr'><strong>tum</strong></span> <span class='ocrx_word' id='word_1_507' title='bbox 635 4229 910 4285; x_wconf 85' lang='lat' dir='ltr'><strong>creditur?</strong></span> <span class='ocrx_word' id='word_1_508' title='bbox 947 4226 1133 4281; x_wconf 83' lang='lat' dir='ltr'><strong>Videte</strong></span> <span class='ocrx_word' id='word_1_509' title='bbox 1165 4225 1514 4294; x_wconf 82' lang='lat' dir='ltr'><strong>Judaicorum</strong></span> <span class='ocrx_word' id='word_1_510' title='bbox 1554 4240 1811 4279; x_wconf 88' lang='lat' dir='ltr'><strong>curruum</strong></span> <span class='ocrx_word' id='word_1_511' title='bbox 1841 4226 2062 4295; x_wconf 82' lang='lat' dir='ltr'><strong>colliga-</strong></span> 
     </span>
    </p>
   </div>
   <div class='ocr_carea' id='block_1_72' title="bbox 486 4315 2058 4391">
    <p class='ocr_par' dir='ltr' id='par_1_72' title="bbox 486 4315 2058 4391">
     <span class='ocr_line' id='line_1_72' title="bbox 486 4315 2058 4391; baseline -0.004 -17"><span class='ocrx_word' id='word_1_512' title='bbox 486 4332 572 4391; x_wconf 84' lang='lat' dir='ltr'><strong>tos</strong></span> <span class='ocrx_word' id='word_1_513' title='bbox 587 4336 736 4383; x_wconf 80' lang='lat' dir='ltr'><strong>axes,</strong></span> <span class='ocrx_word' id='word_1_514' title='bbox 761 4317 1215 4389; x_wconf 89' lang='lat' dir='ltr'><strong>quemadmodum</strong></span> <span class='ocrx_word' id='word_1_515' title='bbox 1240 4315 1621 4386; x_wconf 65' lang='lat' dir='ltr'><strong>Egyptiorum</strong></span> <span class='ocrx_word' id='word_1_516' title='bbox 1666 4317 1794 4370; x_wconf 88' lang='lat' dir='ltr'><strong>olim</strong></span> <span class='ocrx_word' id='word_1_517' title='bbox 1815 4317 2058 4370; x_wconf 88' lang='lat' dir='ltr'><strong>vehicula</strong></span> 
     </span>
    </p>
   </div>
   <div class='ocr_carea' id='block_1_73' title="bbox 486 4406 2059 4477">
    <p class='ocr_par' dir='ltr' id='par_1_73' title="bbox 486 4406 2059 4477">
     <span class='ocr_line' id='line_1_73' title="bbox 486 4406 2059 4477; baseline -0.002 -13"><span class='ocrx_word' id='word_1_518' title='bbox 486 4411 540 4464; x_wconf 88' lang='lat' dir='ltr'><strong>in</strong></span> <span class='ocrx_word' id='word_1_519' title='bbox 564 4409 767 4466; x_wconf 75' lang='lat' dir='ltr'><strong>Rubris</strong></span> <span class='ocrx_word' id='word_1_520' title='bbox 796 4409 958 4463; x_wconf 90' lang='lat' dir='ltr'><strong>undis</strong></span> <span class='ocrx_word' id='word_1_521' title='bbox 984 4409 1030 4438; x_wconf 80' lang='grc'>²²</span> <span class='ocrx_word' id='word_1_522' title='bbox 1050 4449 1062 4461; x_wconf 95' lang='grc'><strong>.</strong></span> <span class='ocrx_word' id='word_1_523' title='bbox 1097 4406 1308 4464; x_wconf 66' lang='lat' dir='ltr'><strong>Verum,</strong></span> <span class='ocrx_word' id='word_1_524' title='bbox 1329 4408 1446 4461; x_wconf 87' lang='lat' dir='ltr'><strong>loco</strong></span> <span class='ocrx_word' id='word_1_525' title='bbox 1471 4407 1636 4477; x_wconf 73' lang='lat' dir='ltr'><strong>virga:</strong></span> <span class='ocrx_word' id='word_1_526' title='bbox 1660 4408 1982 4460; x_wconf 88' lang='lat' dir='ltr'><strong>immittatur</strong></span> <span class='ocrx_word' id='word_1_527' title='bbox 2006 4411 2059 4461; x_wconf 89' lang='lat' dir='ltr'><strong>in</strong></span> 
     </span>
    </p>
   </div>
   <div class='ocr_carea' id='block_1_74' title="bbox 485 4496 2062 4568">
    <p class='ocr_par' dir='ltr' id='par_1_74' title="bbox 485 4496 2062 4568">
     <span class='ocr_line' id='line_1_74' title="bbox 485 4496 2062 4568; baseline -0.002 -13"><span class='ocrx_word' id='word_1_528' title='bbox 485 4516 638 4556; x_wconf 88' lang='lat' dir='ltr'><strong>mare</strong></span> <span class='ocrx_word' id='word_1_529' title='bbox 695 4499 959 4555; x_wconf 90' lang='lat' dir='ltr'><strong>orationis</strong></span> <span class='ocrx_word' id='word_1_530' title='bbox 1005 4499 1117 4553; x_wconf 89' lang='lat' dir='ltr'><strong>veri</strong></span> <span class='ocrx_word' id='word_1_531' title='bbox 1181 4497 1513 4568; x_wconf 88' lang='lat' dir='ltr'><strong>legislatoris</strong></span> <span class='ocrx_word' id='word_1_532' title='bbox 1563 4507 1617 4551; x_wconf 90' lang='lat' dir='ltr'><strong>et</strong></span> <span class='ocrx_word' id='word_1_533' title='bbox 1668 4497 1811 4567; x_wconf 89' lang='lat' dir='ltr'><strong>regis</strong></span> <span class='ocrx_word' id='word_1_534' title='bbox 1875 4496 2062 4568; x_wconf 60' lang='lat' dir='ltr'><strong>glorise</strong></span> 
     </span>
    </p>
   </div>
   <div class='ocr_carea' id='block_1_75' title="bbox 2153 3319 3739 3392">
    <p class='ocr_par' dir='ltr' id='par_1_75' title="bbox 2153 3319 3739 3392">
     <span class='ocr_line' id='line_1_75' title="bbox 2153 3319 3739 3392; baseline -0.003 -18"><span class='ocrx_word' id='word_1_535' title='bbox 2153 3322 2295 3392; x_wconf 86' lang='grc' dir='ltr'>λόγῳ</span> <span class='ocrx_word' id='word_1_536' title='bbox 2321 3322 2574 3385; x_wconf 78' lang='grc' dir='ltr'>ἀσεϐείας</span> <span class='ocrx_word' id='word_1_537' title='bbox 2604 3321 2924 3390; x_wconf 86' lang='grc' dir='ltr'>πρωτότοκα</span> <span class='ocrx_word' id='word_1_538' title='bbox 2954 3320 3380 3392; x_wconf 75' lang='grc' dir='ltr'>ὠνομάσθησανς</span> <span class='ocrx_word' id='word_1_539' title='bbox 3414 3319 3739 3387; x_wconf 82' lang='grc' dir='ltr'>Λεγέτωσαν</span> 
     </span>
    </p>
   </div>
   <div class='ocr_carea' id='block_1_76' title="bbox 2153 3408 3738 3484">
    <p class='ocr_par' dir='ltr' id='par_1_76' title="bbox 2153 3408 3738 3484">
     <span class='ocr_line' id='line_1_76' title="bbox 2153 3408 3738 3484; baseline -0.004 -17"><span class='ocrx_word' id='word_1_540' title='bbox 2153 3415 2284 3484; x_wconf 83' lang='grc' dir='ltr'>ἡμῖν</span> <span class='ocrx_word' id='word_1_541' title='bbox 2327 3415 2384 3467; x_wconf 85' lang='grc' dir='ltr'>αἱ</span> <span class='ocrx_word' id='word_1_542' title='bbox 2429 3413 2596 3476; x_wconf 82' lang='grc' dir='ltr'>ὅντως</span> <span class='ocrx_word' id='word_1_543' title='bbox 2627 3412 2971 3482; x_wconf 76' lang='grc' dir='ltr'>ψελλίζουσαι</span> <span class='ocrx_word' id='word_1_544' title='bbox 3001 3411 3273 3481; x_wconf 79' lang='grc' dir='ltr'>γλῶσσαι,</span> <span class='ocrx_word' id='word_1_545' title='bbox 3305 3413 3362 3463; x_wconf 82' lang='grc' dir='ltr'>αι</span> <span class='ocrx_word' id='word_1_546' title='bbox 3394 3411 3470 3480; x_wconf 80' lang='grc' dir='ltr'>μὴ</span> <span class='ocrx_word' id='word_1_547' title='bbox 3504 3408 3738 3477; x_wconf 84' lang='grc' dir='ltr'>δυνάμε-</span> 
     </span>
    </p>
   </div>
   <div class='ocr_carea' id='block_1_77' title="bbox 2153 3501 3738 3575">
    <p class='ocr_par' dir='ltr' id='par_1_77' title="bbox 2153 3501 3738 3575">
     <span class='ocr_line' id='line_1_77' title="bbox 2153 3501 3738 3575; baseline -0.005 -17"><span class='ocrx_word' id='word_1_548' title='bbox 2153 3523 2240 3558; x_wconf 92' lang='grc' dir='ltr'><strong>ναι</strong></span> <span class='ocrx_word' id='word_1_549' title='bbox 2273 3505 2609 3575; x_wconf 86' lang='grc' dir='ltr'>όρθολεκτείν</span> <span class='ocrx_word' id='word_1_550' title='bbox 2635 3505 2734 3573; x_wconf 82' lang='grc' dir='ltr'>τὴν</span> <span class='ocrx_word' id='word_1_551' title='bbox 2771 3504 3067 3573; x_wconf 84' lang='grc' dir='ltr'>ἀλήθειαν,</span> <span class='ocrx_word' id='word_1_552' title='bbox 3105 3503 3223 3567; x_wconf 86' lang='grc' dir='ltr'><strong>πῶς</strong></span> <span class='ocrx_word' id='word_1_553' title='bbox 3267 3503 3297 3554; x_wconf 86' lang='grc' dir='ltr'>ὁ</span> <span class='ocrx_word' id='word_1_554' title='bbox 3321 3502 3625 3572; x_wconf 86' lang='grc' dir='ltr'>προφήτης,</span> <span class='ocrx_word' id='word_1_555' title='bbox 3671 3501 3738 3551; x_wconf 80' lang='grc' dir='ltr'><strong>ἐν</strong></span> 
     </span>
    </p>
   </div>
   <div class='ocr_carea' id='block_1_78' title="bbox 2155 3589 3734 3663">
    <p class='ocr_par' dir='ltr' id='par_1_78' title="bbox 2155 3589 3734 3663">
     <span class='ocr_line' id='line_1_78' title="bbox 2155 3589 3734 3663; baseline -0.004 -17"><span class='ocrx_word' id='word_1_556' title='bbox 2155 3592 2433 3661; x_wconf 86' lang='grc' dir='ltr'>Πνεύματι</span> <span class='ocrx_word' id='word_1_557' title='bbox 2471 3593 2610 3663; x_wconf 83' lang='grc' dir='ltr'>ἁγίῳ</span> <span class='ocrx_word' id='word_1_558' title='bbox 2639 3593 3024 3661; x_wconf 78' lang='grc' dir='ltr'>φθεγγόμενος,</span> <span class='ocrx_word' id='word_1_559' title='bbox 3069 3591 3279 3662; x_wconf 78' lang='grc' dir='ltr'>καρπὸν</span> <span class='ocrx_word' id='word_1_560' title='bbox 3315 3589 3562 3652; x_wconf 80' lang='grc' dir='ltr'>ἀσεόείας</span> <span class='ocrx_word' id='word_1_561' title='bbox 3595 3589 3734 3641; x_wconf 79' lang='grc' dir='ltr'><strong>ταῦ-</strong></span> 
     </span>
    </p>
   </div>
   <div class='ocr_carea' id='block_1_79' title="bbox 2154 3680 3739 3751">
    <p class='ocr_par' dir='ltr' id='par_1_79' title="bbox 2154 3680 3739 3751">
     <span class='ocr_line' id='line_1_79' title="bbox 2154 3680 3739 3751; baseline -0.002 -15"><span class='ocrx_word' id='word_1_562' title='bbox 2154 3700 2221 3736; x_wconf 88' lang='grc' dir='ltr'><strong>τα</strong></span> <span class='ocrx_word' id='word_1_563' title='bbox 2262 3683 2445 3735; x_wconf 82' lang='grc' dir='ltr'>καλεῖν</span> <span class='ocrx_word' id='word_1_564' title='bbox 2499 3683 2887 3751; x_wconf 85' lang='grc' dir='ltr'>ἀπετόλμησε;</span> <span class='ocrx_word' id='word_1_565' title='bbox 2945 3681 3069 3745; x_wconf 84' lang='grc' dir='ltr'>Πῶς</span> <span class='ocrx_word' id='word_1_566' title='bbox 3124 3684 3152 3734; x_wconf 90' lang='lat'><strong>6</strong></span> <span class='ocrx_word' id='word_1_567' title='bbox 3203 3683 3332 3750; x_wconf 77' lang='grc' dir='ltr'>περὶ</span> <span class='ocrx_word' id='word_1_568' title='bbox 3379 3680 3477 3750; x_wconf 87' lang='grc' dir='ltr'><strong>τῆς</strong></span> <span class='ocrx_word' id='word_1_569' title='bbox 3527 3681 3739 3733; x_wconf 85' lang='grc' dir='ltr'>τούτων</span> 
     </span>
    </p>
   </div>
   <div class='ocr_carea' id='block_1_80' title="bbox 2155 3770 3739 3842">
    <p class='ocr_par' dir='ltr' id='par_1_80' title="bbox 2155 3770 3739 3842">
     <span class='ocr_line' id='line_1_80' title="bbox 2155 3770 3739 3842; baseline 0 -20"><span class='ocrx_word' id='word_1_570' title='bbox 2155 3770 2474 3842; x_wconf 84' lang='grc' dir='ltr'>λυτρώσεως</span> <span class='ocrx_word' id='word_1_571' title='bbox 2517 3771 2673 3839; x_wconf 83' lang='grc' dir='ltr'>λόγος</span> <span class='ocrx_word' id='word_1_572' title='bbox 2731 3772 2791 3825; x_wconf 86' lang='grc' dir='ltr'><strong>τὸ</strong></span> <span class='ocrx_word' id='word_1_573' title='bbox 2839 3772 3039 3842; x_wconf 86' lang='grc' dir='ltr'>ὁμαλὸν</span> <span class='ocrx_word' id='word_1_574' title='bbox 3091 3773 3185 3825; x_wconf 78' lang='grc' dir='ltr'><strong>καὶ</strong></span> <span class='ocrx_word' id='word_1_575' title='bbox 3229 3771 3519 3825; x_wconf 81' lang='grc' dir='ltr'>ἀκόλουθον</span> <span class='ocrx_word' id='word_1_576' title='bbox 3553 3771 3739 3841; x_wconf 76' lang='grc' dir='ltr'>ἐαυτῷ</span> 
     </span>
    </p>
   </div>
   <div class='ocr_carea' id='block_1_81' title="bbox 2156 3861 3740 3932">
    <p class='ocr_par' dir='ltr' id='par_1_81' title="bbox 2156 3861 3740 3932">
     <span class='ocr_line' id='line_1_81' title="bbox 2156 3861 3740 3932; baseline 0.001 -19"><span class='ocrx_word' id='word_1_577' title='bbox 2156 3861 2294 3931; x_wconf 77' lang='grc' dir='ltr'>ἔχων</span> <span class='ocrx_word' id='word_1_578' title='bbox 2339 3864 2400 3914; x_wconf 82' lang='grc' dir='ltr'><strong>οὐ</strong></span> <span class='ocrx_word' id='word_1_579' title='bbox 2449 3862 2734 3930; x_wconf 83' lang='grc' dir='ltr'>φαίνεται,</span> <span class='ocrx_word' id='word_1_580' title='bbox 2798 3863 2920 3916; x_wconf 85' lang='grc' dir='ltr'>ὅσον</span> <span class='ocrx_word' id='word_1_581' title='bbox 2969 3862 3110 3916; x_wconf 84' lang='grc' dir='ltr'><strong>κατά</strong></span> <span class='ocrx_word' id='word_1_582' title='bbox 3153 3863 3214 3915; x_wconf 85' lang='grc' dir='ltr'>τὸ</span> <span class='ocrx_word' id='word_1_583' title='bbox 3263 3862 3357 3914; x_wconf 72' lang='grc' dir='ltr'><strong>τοῦ</strong></span> <span class='ocrx_word' id='word_1_584' title='bbox 3408 3862 3740 3932; x_wconf 75' lang='grc' dir='ltr'>γράμματος</span> 
     </span>
    </p>
   </div>
   <div class='ocr_carea' id='block_1_82' title="bbox 2157 3951 3738 4024">
    <p class='ocr_par' dir='ltr' id='par_1_82' title="bbox 2157 3951 3738 4024">
     <span class='ocr_line' id='line_1_82' title="bbox 2157 3951 3738 4024; baseline -0.001 -19"><span class='ocrx_word' id='word_1_585' title='bbox 2157 3954 2483 4024; x_wconf 84' lang='grc' dir='ltr'>πρόχειρον;</span> <span class='ocrx_word' id='word_1_586' title='bbox 2519 3954 2760 4022; x_wconf 87' lang='grc' dir='ltr'>καίτοιγε</span> <span class='ocrx_word' id='word_1_587' title='bbox 2794 3953 2888 4008; x_wconf 82' lang='grc' dir='ltr'>τοῦ</span> <span class='ocrx_word' id='word_1_588' title='bbox 2922 3955 3087 4024; x_wconf 87' lang='grc' dir='ltr'>νόμου</span> <span class='ocrx_word' id='word_1_589' title='bbox 3137 3956 3268 4024; x_wconf 81' lang='grc' dir='ltr'>παρ’</span> <span class='ocrx_word' id='word_1_590' title='bbox 3317 3955 3448 4023; x_wconf 81' lang='grc' dir='ltr'>ἡμῖν</span> <span class='ocrx_word' id='word_1_591' title='bbox 3480 3951 3629 4020; x_wconf 80' lang='grc' dir='ltr'>ἁγίου</span> <span class='ocrx_word' id='word_1_592' title='bbox 3672 3970 3738 4004; x_wconf 78' lang='grc' dir='ltr'><strong>τε</strong></span> 
     </span>
    </p>
   </div>
   <div class='ocr_carea' id='block_1_83' title="bbox 2158 4043 3741 4116">
    <p class='ocr_par' dir='ltr' id='par_1_83' title="bbox 2158 4043 3741 4116">
     <span class='ocr_line' id='line_1_83' title="bbox 2158 4043 3741 4116; baseline -0.002 -19"><span class='ocrx_word' id='word_1_593' title='bbox 2158 4046 2251 4116; x_wconf 71' lang='grc' dir='ltr'><strong>καὶ</strong></span> <span class='ocrx_word' id='word_1_594' title='bbox 2285 4045 2657 4115; x_wconf 77' lang='grc' dir='ltr'>πνευματικοῦ</span> <span class='ocrx_word' id='word_1_595' title='bbox 2704 4043 2844 4099; x_wconf 74' lang='grc' dir='ltr'>εἶναι</span> <span class='ocrx_word' id='word_1_596' title='bbox 2873 4045 3161 4116; x_wconf 84' lang='grc' dir='ltr'>νοουμένου</span> <span class='ocrx_word' id='word_1_597' title='bbox 3191 4062 3249 4098; x_wconf 89' lang='grc' dir='ltr'><strong>τε</strong></span> <span class='ocrx_word' id='word_1_598' title='bbox 3294 4045 3389 4098; x_wconf 67' lang='grc' dir='ltr'><strong>κα)⁸</strong></span> <span class='ocrx_word' id='word_1_599' title='bbox 3420 4044 3741 4112; x_wconf 79' lang='grc' dir='ltr'>πιστευομέ-</span> 
     </span>
    </p>
   </div>
   <div class='ocr_carea' id='block_1_84' title="bbox 2159 4133 3738 4208">
    <p class='ocr_par' dir='ltr' id='par_1_84' title="bbox 2159 4133 3738 4208">
     <span class='ocr_line' id='line_1_84' title="bbox 2159 4133 3738 4208; baseline -0.003 -19"><span class='ocrx_word' id='word_1_600' title='bbox 2159 4155 2269 4191; x_wconf 91' lang='grc' dir='ltr'>νου.</span> <span class='ocrx_word' id='word_1_601' title='bbox 2313 4139 2507 4208; x_wconf 85' lang='grc' dir='ltr'>Ὀρᾶτε</span> <span class='ocrx_word' id='word_1_602' title='bbox 2537 4137 2644 4190; x_wconf 88' lang='grc' dir='ltr'><strong>τῶν</strong></span> <span class='ocrx_word' id='word_1_603' title='bbox 2680 4137 2982 4190; x_wconf 77' lang='grc' dir='ltr'>Ἰουδαϊκῶν</span> <span class='ocrx_word' id='word_1_604' title='bbox 3012 4136 3270 4208; x_wconf 81' lang='grc' dir='ltr'>ἁρμάτων</span> <span class='ocrx_word' id='word_1_605' title='bbox 3321 4133 3738 4205; x_wconf 84' lang='grc' dir='ltr'>συνδεδεμένους</span> 
     </span>
    </p>
   </div>
   <div class='ocr_carea' id='block_1_85' title="bbox 2159 4227 3740 4300">
    <p class='ocr_par' dir='ltr' id='par_1_85' title="bbox 2159 4227 3740 4300">
     <span class='ocr_line' id='line_1_85' title="bbox 2159 4227 3740 4300; baseline -0.003 -19"><span class='ocrx_word' id='word_1_606' title='bbox 2159 4229 2368 4293; x_wconf 79' lang='grc' dir='ltr'>ἄξονας,</span> <span class='ocrx_word' id='word_1_607' title='bbox 2397 4228 2650 4300; x_wconf 85' lang='grc' dir='ltr'>καθάπερ</span> <span class='ocrx_word' id='word_1_608' title='bbox 2685 4229 2849 4283; x_wconf 85' lang='grc' dir='ltr'>πάλαι</span> <span class='ocrx_word' id='word_1_609' title='bbox 2877 4229 2984 4281; x_wconf 91' lang='grc' dir='ltr'><strong>τῶν</strong></span> <span class='ocrx_word' id='word_1_610' title='bbox 3013 4229 3322 4297; x_wconf 78' lang='grc' dir='ltr'>Αἰγυπτίων</span> <span class='ocrx_word' id='word_1_611' title='bbox 3353 4229 3477 4290; x_wconf 81' lang='grc' dir='ltr'>τοὺς</span> <span class='ocrx_word' id='word_1_612' title='bbox 3513 4227 3740 4296; x_wconf 83' lang='grc' dir='ltr'>δίφρους</span> 
     </span>
    </p>
   </div>
   <div class='ocr_carea' id='block_1_86' title="bbox 2159 4316 3741 4388">
    <p class='ocr_par' dir='ltr' id='par_1_86' title="bbox 2159 4316 3741 4388">
     <span class='ocr_line' id='line_1_86' title="bbox 2159 4316 3741 4388; baseline 0 -20"><span class='ocrx_word' id='word_1_613' title='bbox 2159 4319 2252 4370; x_wconf 75' lang='grc' dir='ltr'><strong>ἐπὶ</strong></span> <span class='ocrx_word' id='word_1_614' title='bbox 2283 4317 2388 4372; x_wconf 88' lang='grc' dir='ltr'><strong>τῶν</strong></span> <span class='ocrx_word' id='word_1_615' title='bbox 2427 4317 2763 4387; x_wconf 86' lang='grc' dir='ltr'>Ἐρυθραίων</span> <span class='ocrx_word' id='word_1_616' title='bbox 2802 4320 3079 4388; x_wconf 84' lang='grc' dir='ltr'>ναμάτων.</span> <span class='ocrx_word' id='word_1_617' title='bbox 3116 4318 3254 4372; x_wconf 81' lang='grc' dir='ltr'>Ἀλλ’</span> <span class='ocrx_word' id='word_1_618' title='bbox 3278 4316 3590 4386; x_wconf 79' lang='grc' dir='ltr'>ἐπαφείσθω</span> <span class='ocrx_word' id='word_1_619' title='bbox 3611 4317 3741 4369; x_wconf 76' lang='grc' dir='ltr'>ἀντὶ</span> 
     </span>
    </p>
   </div>
   <div class='ocr_carea' id='block_1_87' title="bbox 2163 4408 3742 4482">
    <p class='ocr_par' dir='ltr' id='par_1_87' title="bbox 2163 4408 3742 4482">
     <span class='ocr_line' id='line_1_87' title="bbox 2163 4408 3742 4482; baseline -0.001 -20"><span class='ocrx_word' id='word_1_620' title='bbox 2163 4409 2359 4478; x_wconf 75' lang='grc' dir='ltr'>ῥάϐδου</span> <span class='ocrx_word' id='word_1_621' title='bbox 2388 4412 2453 4480; x_wconf 79' lang='grc' dir='ltr'>τῇ</span> <span class='ocrx_word' id='word_1_622' title='bbox 2482 4409 2724 4482; x_wconf 81' lang='grc' dir='ltr'>θαλάσσῃ</span> <span class='ocrx_word' id='word_1_623' title='bbox 2761 4410 2854 4463; x_wconf 82' lang='grc' dir='ltr'>τοῦ</span> <span class='ocrx_word' id='word_1_624' title='bbox 2880 4411 3037 4478; x_wconf 83' lang='grc' dir='ltr'>λόγου</span> <span class='ocrx_word' id='word_1_625' title='bbox 3061 4413 3094 4481; x_wconf 80' lang='grc' dir='ltr'>ὴ</span> <span class='ocrx_word' id='word_1_626' title='bbox 3126 4411 3220 4465; x_wconf 81' lang='grc' dir='ltr'><strong>τοῦ</strong></span> <span class='ocrx_word' id='word_1_627' title='bbox 3247 4410 3478 4481; x_wconf 80' lang='grc' dir='ltr'>ἀληθοῦς</span> <span class='ocrx_word' id='word_1_628' title='bbox 3505 4408 3742 4479; x_wconf 72' lang='grc' dir='ltr'>νομοθέο</span> 
     </span>
    </p>
   </div>
   <div class='ocr_carea' id='block_1_88' title="bbox 2161 4499 3744 4575">
    <p class='ocr_par' dir='ltr' id='par_1_88' title="bbox 2161 4499 3744 4575">
     <span class='ocr_line' id='line_1_88' title="bbox 2161 4499 3744 4575; baseline 0.001 -23"><span class='ocrx_word' id='word_1_629' title='bbox 2161 4517 2255 4552; x_wconf 88' lang='grc' dir='ltr'><strong>του</strong></span> <span class='ocrx_word' id='word_1_630' title='bbox 2299 4500 2389 4552; x_wconf 80' lang='grc' dir='ltr'>καὶ</span> <span class='ocrx_word' id='word_1_631' title='bbox 2440 4499 2703 4569; x_wconf 84' lang='grc' dir='ltr'>βασιλέως</span> <span class='ocrx_word' id='word_1_632' title='bbox 2730 4501 2827 4570; x_wconf 88' lang='grc' dir='ltr'><strong>τῆς</strong></span> <span class='ocrx_word' id='word_1_633' title='bbox 2867 4501 3024 4571; x_wconf 79' lang='grc' dir='ltr'>δόξης</span> <span class='ocrx_word' id='word_1_634' title='bbox 3074 4501 3310 4575; x_wconf 83' lang='grc' dir='ltr'>Χριστοῦ</span> <span class='ocrx_word' id='word_1_635' title='bbox 3359 4501 3586 4570; x_wconf 86' lang='grc' dir='ltr'>δύναμις</span> <span class='ocrx_word' id='word_1_636' title='bbox 3637 4502 3744 4553; x_wconf 74' lang='grc' dir='ltr'>καὶ</span> 
     </span>
    </p>
   </div>
   <div class='ocr_carea' id='block_1_89' title="bbox 487 4581 2055 4663">
    <p class='ocr_par' dir='ltr' id='par_1_89' title="bbox 487 4587 2052 4656">
     <span class='ocr_line' id='line_1_89' title="bbox 487 4587 2052 4656; baseline -0.004 -12"><span class='ocrx_word' id='word_1_637' title='bbox 487 4591 691 4646; x_wconf 83' lang='lat' dir='ltr'><strong>Christi</strong></span> <span class='ocrx_word' id='word_1_638' title='bbox 748 4590 924 4644; x_wconf 81' lang='lat' dir='ltr'><strong>virtus</strong></span> <span class='ocrx_word' id='word_1_639' title='bbox 977 4597 1032 4643; x_wconf 92' lang='lat' dir='ltr'><strong>et</strong></span> <span class='ocrx_word' id='word_1_640' title='bbox 1061 4588 1348 4650; x_wconf 82' lang='lat' dir='ltr'><strong>auxilium,</strong></span> <span class='ocrx_word' id='word_1_641' title='bbox 1397 4596 1450 4642; x_wconf 93' lang='lat' dir='ltr'><strong>et</strong></span> <span class='ocrx_word' id='word_1_642' title='bbox 1500 4587 1736 4641; x_wconf 89' lang='lat' dir='ltr'><strong>deducat</strong></span> <span class='ocrx_word' id='word_1_643' title='bbox 1794 4587 2052 4656; x_wconf 76' lang='lat' dir='ltr'><strong>pupulum</strong></span> 
     </span>
    </p>
   </div>
   <div class='ocr_carea' id='block_1_90' title="bbox 2158 4581 3745 4663">
    <p class='ocr_par' dir='ltr' id='par_1_90' title="bbox 2161 4590 3745 4663">
     <span class='ocr_line' id='line_1_90' title="bbox 2161 4590 3745 4663; baseline 0.001 -20"><span class='ocrx_word' id='word_1_644' title='bbox 2161 4591 2401 4662; x_wconf 71' lang='grc' dir='ltr'>βοήθεια,</span> <span class='ocrx_word' id='word_1_645' title='bbox 2435 4592 2530 4646; x_wconf 74' lang='grc' dir='ltr'>καὶ</span> <span class='ocrx_word' id='word_1_646' title='bbox 2553 4592 2873 4663; x_wconf 66' lang='grc' dir='ltr'>ὣηγησάτω</span> <span class='ocrx_word' id='word_1_647' title='bbox 2905 4594 2994 4646; x_wconf 84' lang='grc' dir='ltr'><strong>τὸν</strong></span> <span class='ocrx_word' id='word_1_648' title='bbox 3020 4593 3146 4646; x_wconf 80' lang='grc' dir='ltr'>λαὸν</span> <span class='ocrx_word' id='word_1_649' title='bbox 3175 4591 3341 4645; x_wconf 81' lang='grc' dir='ltr'>αὐτοῦ</span> <span class='ocrx_word' id='word_1_650' title='bbox 3379 4594 3458 4652; x_wconf 85' lang='grc' dir='ltr'><strong>είς</strong></span> <span class='ocrx_word' id='word_1_651' title='bbox 3499 4590 3616 4644; x_wconf 73' lang='grc' dir='ltr'>ὁδὸν</span> <span class='ocrx_word' id='word_1_652' title='bbox 3646 4593 3745 4644; x_wconf 79' lang='grc' dir='ltr'>εὐ-</span> 
     </span>
    </p>
   </div>
   <div class='ocr_carea' id='block_1_91' title="bbox 487 4679 2057 4746">
    <p class='ocr_par' dir='ltr' id='par_1_91' title="bbox 487 4679 2057 4746">
     <span class='ocr_line' id='line_1_91' title="bbox 487 4679 2057 4746; baseline -0.004 -10"><span class='ocrx_word' id='word_1_653' title='bbox 487 4697 646 4736; x_wconf 92' lang='lat' dir='ltr'><strong>suum</strong></span> <span class='ocrx_word' id='word_1_654' title='bbox 688 4680 916 4734; x_wconf 88' lang='lat' dir='ltr'><strong>inviam</strong></span> <span class='ocrx_word' id='word_1_655' title='bbox 967 4689 1172 4733; x_wconf 89' lang='lat' dir='ltr'><strong>rectam</strong></span> <span class='ocrx_word' id='word_1_656' title='bbox 1226 4679 1437 4732; x_wconf 88' lang='lat' dir='ltr'><strong>altioris</strong></span> <span class='ocrx_word' id='word_1_657' title='bbox 1465 4693 1661 4732; x_wconf 90' lang='lat' dir='ltr'><strong>sensus</strong></span> <span class='ocrx_word' id='word_1_658' title='bbox 1701 4693 1764 4731; x_wconf 87' lang='lat' dir='ltr'><strong>ac</strong></span> <span class='ocrx_word' id='word_1_659' title='bbox 1815 4681 2057 4746; x_wconf 89' lang='lat' dir='ltr'><strong>specula-</strong></span> 
     </span>
    </p>
   </div>
   <div class='ocr_carea' id='block_1_92' title="bbox 487 4769 2053 4837">
    <p class='ocr_par' dir='ltr' id='par_1_92' title="bbox 487 4769 2053 4837">
     <span class='ocr_line' id='line_1_92' title="bbox 487 4769 2053 4837; baseline -0.002 -11"><span class='ocrx_word' id='word_1_660' title='bbox 487 4773 676 4834; x_wconf 88' lang='lat' dir='ltr'><strong>tionis,</strong></span> <span class='ocrx_word' id='word_1_661' title='bbox 708 4779 767 4824; x_wconf 86' lang='lat' dir='ltr'><strong>u-t</strong></span> <span class='ocrx_word' id='word_1_662' title='bbox 799 4785 990 4825; x_wconf 87' lang='lat' dir='ltr'><strong>eamus</strong></span> <span class='ocrx_word' id='word_1_663' title='bbox 1014 4770 1067 4824; x_wconf 87' lang='lat' dir='ltr'><strong>in</strong></span> <span class='ocrx_word' id='word_1_664' title='bbox 1104 4771 1294 4824; x_wconf 86' lang='lat' dir='ltr'><strong>urbem</strong></span> <span class='ocrx_word' id='word_1_665' title='bbox 1326 4769 1588 4825; x_wconf 86' lang='lat' dir='ltr'><strong>domicilii</strong></span> <span class='ocrx_word' id='word_1_666' title='bbox 1616 4770 1866 4824; x_wconf 72' lang='lat' dir='ltr'><strong>scientia:</strong></span> <span class='ocrx_word' id='word_1_667' title='bbox 1889 4779 2053 4837; x_wconf 86' lang='lat' dir='ltr'><strong>atque</strong></span> 
     </span>
    </p>
   </div>
   <div class='ocr_carea' id='block_1_93' title="bbox 485 4859 2053 4929">
    <p class='ocr_par' dir='ltr' id='par_1_93' title="bbox 485 4859 2053 4929">
     <span class='ocr_line' id='line_1_93' title="bbox 485 4859 2053 4929; baseline -0.002 -12"><span class='ocrx_word' id='word_1_668' title='bbox 485 4864 758 4925; x_wconf 83' lang='lat' dir='ltr'><strong>veritatis,</strong></span> <span class='ocrx_word' id='word_1_669' title='bbox 787 4868 841 4916; x_wconf 87' lang='lat' dir='ltr'><strong>et</strong></span> <span class='ocrx_word' id='word_1_670' title='bbox 864 4862 1061 4916; x_wconf 88' lang='lat' dir='ltr'><strong>obruat</strong></span> <span class='ocrx_word' id='word_1_671' title='bbox 1114 4859 1458 4916; x_wconf 81' lang='lat' dir='ltr'><strong>adVersarios</strong></span> <span class='ocrx_word' id='word_1_672' title='bbox 1510 4859 1948 4929; x_wconf 82' lang='lat' dir='ltr'><strong>inexpugnabilis</strong></span> <span class='ocrx_word' id='word_1_673' title='bbox 1999 4868 2053 4914; x_wconf 87' lang='lat' dir='ltr'><strong>et</strong></span> 
     </span>
    </p>
   </div>
   <div class='ocr_carea' id='block_1_94' title="bbox 485 4945 2047 5018">
    <p class='ocr_par' dir='ltr' id='par_1_94' title="bbox 485 4945 2047 5018">
     <span class='ocr_line' id='line_1_94' title="bbox 485 4945 2047 5018; baseline -0.004 -15"><span class='ocrx_word' id='word_1_674' title='bbox 485 4949 691 5003; x_wconf 77' lang='lat' dir='ltr'><strong>invicta</strong></span> <span class='ocrx_word' id='word_1_675' title='bbox 725 4947 894 5018; x_wconf 81' lang='lat' dir='ltr'><strong>gloria</strong></span> <span class='ocrx_word' id='word_1_676' title='bbox 921 4945 1139 5012; x_wconf 85' lang='lat' dir='ltr'><strong>divina;</strong></span> <span class='ocrx_word' id='word_1_677' title='bbox 1179 4946 1336 5015; x_wconf 88' lang='lat' dir='ltr'><strong>cujus</strong></span> <span class='ocrx_word' id='word_1_678' title='bbox 1365 4945 1523 5015; x_wconf 89' lang='lat' dir='ltr'><strong>plena</strong></span> <span class='ocrx_word' id='word_1_679' title='bbox 1552 4954 1636 4999; x_wconf 89' lang='lat' dir='ltr'><strong>est</strong></span> <span class='ocrx_word' id='word_1_680' title='bbox 1665 4945 1917 4998; x_wconf 85' lang='lat' dir='ltr'><strong>universa</strong></span> <span class='ocrx_word' id='word_1_681' title='bbox 1937 4953 2047 4997; x_wconf 90' lang='lat' dir='ltr'><strong>ter-</strong></span> 
     </span>
    </p>
   </div>
   <div class='ocr_carea' id='block_1_95' title="bbox 486 5032 2046 5108">
    <p class='ocr_par' dir='ltr' id='par_1_95' title="bbox 486 5032 2046 5108">
     <span class='ocr_line' id='line_1_95' title="bbox 486 5032 2046 5108; baseline -0.003 -16"><span class='ocrx_word' id='word_1_682' title='bbox 486 5054 568 5104; x_wconf 90' lang='lat' dir='ltr'><strong>ra,</strong></span> <span class='ocrx_word' id='word_1_683' title='bbox 588 5046 647 5092; x_wconf 92' lang='lat' dir='ltr'><strong>ut</strong></span> <span class='ocrx_word' id='word_1_684' title='bbox 678 5051 1077 5108; x_wconf 87' lang='lat' dir='ltr'><strong>cognoscamus</strong></span> <span class='ocrx_word' id='word_1_685' title='bbox 1103 5034 1417 5100; x_wconf 88' lang='lat' dir='ltr'><strong>Dominum,</strong></span> <span class='ocrx_word' id='word_1_686' title='bbox 1454 5043 1512 5089; x_wconf 91' lang='lat' dir='ltr'><strong>nt</strong></span> <span class='ocrx_word' id='word_1_687' title='bbox 1537 5035 1713 5104; x_wconf 90' lang='lat' dir='ltr'><strong>inquit</strong></span> <span class='ocrx_word' id='word_1_688' title='bbox 1746 5032 2046 5104; x_wconf 84' lang='lat' dir='ltr'><strong>Scriptura,</strong></span> 
     </span>
    </p>
   </div>
   <div class='ocr_carea' id='block_1_96' title="bbox 485 5125 1692 5200">
    <p class='ocr_par' dir='ltr' id='par_1_96' title="bbox 485 5125 1692 5200">
     <span class='ocr_line' id='line_1_96' title="bbox 485 5125 1692 5200; baseline -0.002 -19"><span class='ocrx_word' id='word_1_689' title='bbox 485 5129 626 5182; x_wconf 89' lang='lat' dir='ltr'><strong>sicut</strong></span> <span class='ocrx_word' id='word_1_690' title='bbox 654 5141 792 5200; x_wconf 90' lang='lat' dir='ltr'><strong>aqua</strong></span> <span class='ocrx_word' id='word_1_691' title='bbox 827 5128 995 5180; x_wconf 90' lang='lat' dir='ltr'><strong>multa</strong></span> <span class='ocrx_word' id='word_1_692' title='bbox 1016 5125 1080 5179; x_wconf 92' lang='lat' dir='ltr'><strong>ad</strong></span> <span class='ocrx_word' id='word_1_693' title='bbox 1110 5125 1468 5194; x_wconf 89' lang='lat' dir='ltr'><strong>operiendum</strong></span> <span class='ocrx_word' id='word_1_694' title='bbox 1500 5127 1692 5180; x_wconf 85' lang='lat' dir='ltr'><strong>maria.</strong></span> 
     </span>
    </p>
   </div>
   <div class='ocr_carea' id='block_1_97' title="bbox 552 5215 2055 5288">
    <p class='ocr_par' dir='ltr' id='par_1_97' title="bbox 552 5215 2055 5288">
     <span class='ocr_line' id='line_1_97' title="bbox 552 5215 2055 5288; baseline 0.002 -19"><span class='ocrx_word' id='word_1_695' title='bbox 552 5215 674 5270; x_wconf 78' lang='lat' dir='ltr'><strong>Jam</strong></span> <span class='ocrx_word' id='word_1_696' title='bbox 712 5231 860 5269; x_wconf 92' lang='lat' dir='ltr'><strong>nunc</strong></span> <span class='ocrx_word' id='word_1_697' title='bbox 889 5216 1107 5284; x_wconf 89' lang='lat' dir='ltr'><strong>quidem</strong></span> <span class='ocrx_word' id='word_1_698' title='bbox 1140 5230 1361 5270; x_wconf 89' lang='lat' dir='ltr'><strong>carnem</strong></span> <span class='ocrx_word' id='word_1_699' title='bbox 1407 5215 1635 5272; x_wconf 90' lang='lat' dir='ltr'><strong>indutus</strong></span> <span class='ocrx_word' id='word_1_700' title='bbox 1677 5216 1819 5274; x_wconf 87' lang='lat' dir='ltr'><strong>Deus</strong></span> <span class='ocrx_word' id='word_1_701' title='bbox 1849 5219 2055 5288; x_wconf 82' lang='lat' dir='ltr'><strong>primo-</strong></span> 
     </span>
    </p>
   </div>
   <div class='ocr_carea' id='block_1_98' title="bbox 485 5306 2054 5376">
    <p class='ocr_par' dir='ltr' id='par_1_98' title="bbox 485 5306 2054 5376">
     <span class='ocr_line' id='line_1_98' title="bbox 485 5306 2054 5376; baseline 0.003 -15"><span class='ocrx_word' id='word_1_702' title='bbox 485 5308 726 5376; x_wconf 85' lang='lat' dir='ltr'><strong>genitam</strong></span> <span class='ocrx_word' id='word_1_703' title='bbox 755 5307 959 5360; x_wconf 88' lang='lat' dir='ltr'><strong>diaboli</strong></span> <span class='ocrx_word' id='word_1_704' title='bbox 1001 5306 1246 5362; x_wconf 89' lang='lat' dir='ltr'><strong>sobolem</strong></span> <span class='ocrx_word' id='word_1_705' title='bbox 1287 5307 1402 5362; x_wconf 87' lang='lat' dir='ltr'><strong>sive</strong></span> <span class='ocrx_word' id='word_1_706' title='bbox 1443 5315 1731 5376; x_wconf 89' lang='lat' dir='ltr'><strong>peccatum</strong></span> <span class='ocrx_word' id='word_1_707' title='bbox 1765 5317 1819 5364; x_wconf 89' lang='lat' dir='ltr'><strong>et</strong></span> <span class='ocrx_word' id='word_1_708' title='bbox 1859 5312 2054 5365; x_wconf 86' lang='lat' dir='ltr'><strong>morti-</strong></span> 
     </span>
    </p>
   </div>
   <div class='ocr_carea' id='block_1_99' title="bbox 487 5395 2052 5466">
    <p class='ocr_par' dir='ltr' id='par_1_99' title="bbox 487 5395 2052 5466">
     <span class='ocr_line' id='line_1_99' title="bbox 487 5395 2052 5466; baseline 0.004 -16"><span class='ocrx_word' id='word_1_709' title='bbox 487 5395 668 5450; x_wconf 79' lang='lat' dir='ltr'><strong>ﬁcavit</strong></span> <span class='ocrx_word' id='word_1_710' title='bbox 693 5406 747 5449; x_wconf 93' lang='lat' dir='ltr'><strong>et</strong></span> <span class='ocrx_word' id='word_1_711' title='bbox 767 5396 1025 5458; x_wconf 89' lang='lat' dir='ltr'><strong>abolevit,</strong></span> <span class='ocrx_word' id='word_1_712' title='bbox 1051 5405 1104 5450; x_wconf 94' lang='lat' dir='ltr'><strong>et</strong></span> <span class='ocrx_word' id='word_1_713' title='bbox 1123 5396 1288 5451; x_wconf 87' lang='lat' dir='ltr'><strong>simul</strong></span> <span class='ocrx_word' id='word_1_714' title='bbox 1307 5405 1471 5466; x_wconf 90' lang='lat' dir='ltr'><strong>atque</strong></span> <span class='ocrx_word' id='word_1_715' title='bbox 1491 5407 1652 5452; x_wconf 88' lang='lat' dir='ltr'><strong>natus</strong></span> <span class='ocrx_word' id='word_1_716' title='bbox 1671 5408 1756 5454; x_wconf 90' lang='lat' dir='ltr'><strong>est</strong></span> <span class='ocrx_word' id='word_1_717' title='bbox 1785 5402 1840 5454; x_wconf 91' lang='lat' dir='ltr'><strong>in</strong></span> <span class='ocrx_word' id='word_1_718' title='bbox 1867 5416 2052 5466; x_wconf 88' lang='lat' dir='ltr'><strong>carne,</strong></span> 
     </span>
    </p>
   </div>
   <div class='ocr_carea' id='block_1_100' title="bbox 483 5486 2058 5553">
    <p class='ocr_par' dir='ltr' id='par_1_100' title="bbox 483 5486 2058 5553">
     <span class='ocr_line' id='line_1_100' title="bbox 483 5486 2058 5553; baseline 0.004 -13"><span class='ocrx_word' id='word_1_719' title='bbox 483 5486 999 5541; x_wconf 89' lang='lat' dir='ltr'><strong>condemnationem</strong></span> <span class='ocrx_word' id='word_1_720' title='bbox 1032 5487 1350 5543; x_wconf 88' lang='lat' dir='ltr'><strong>vitiositatis</strong></span> <span class='ocrx_word' id='word_1_721' title='bbox 1383 5488 1488 5542; x_wconf 91' lang='lat' dir='ltr'><strong>sibi</strong></span> <span class='ocrx_word' id='word_1_722' title='bbox 1518 5488 1780 5553; x_wconf 83' lang='lat' dir='ltr'><strong>confecit,</strong></span> <span class='ocrx_word' id='word_1_723' title='bbox 1814 5500 1868 5545; x_wconf 90' lang='lat' dir='ltr'><strong>et</strong></span> <span class='ocrx_word' id='word_1_724' title='bbox 1895 5493 2058 5546; x_wconf 82' lang='lat' dir='ltr'><strong>abso-</strong></span> 
     </span>
    </p>
   </div>
   <div class='ocr_carea' id='block_1_101' title="bbox 484 5579 2060 5650">
    <p class='ocr_par' dir='ltr' id='par_1_101' title="bbox 484 5579 2060 5650">
     <span class='ocr_line' id='line_1_101' title="bbox 484 5579 2060 5650; baseline 0.001 -16"><span class='ocrx_word' id='word_1_725' title='bbox 484 5580 654 5634; x_wconf 83' lang='lat' dir='ltr'><strong>lutam</strong></span> <span class='ocrx_word' id='word_1_726' title='bbox 666 5580 786 5650; x_wconf 89' lang='lat' dir='ltr'><strong>ejus</strong></span> <span class='ocrx_word' id='word_1_727' title='bbox 805 5579 1151 5632; x_wconf 89' lang='lat' dir='ltr'><strong>abolitionem</strong></span> <span class='ocrx_word' id='word_1_728' title='bbox 1171 5593 1394 5648; x_wconf 86' lang='lat' dir='ltr'><strong>persese</strong></span> <span class='ocrx_word' id='word_1_729' title='bbox 1412 5579 1667 5648; x_wconf 71' lang='lat' dir='ltr'><strong>priestitit</strong></span> <span class='ocrx_word' id='word_1_730' title='bbox 1681 5595 1742 5632; x_wconf 84' lang='lat' dir='ltr'><strong>ac</strong></span> <span class='ocrx_word' id='word_1_731' title='bbox 1758 5596 2060 5648; x_wconf 58' lang='lat' dir='ltr'><strong>repraeseno</strong></span> 
     </span>
    </p>
   </div>
   <div class='ocr_carea' id='block_1_102' title="bbox 2161 4683 3743 4756">
    <p class='ocr_par' dir='ltr' id='par_1_102' title="bbox 2161 4683 3743 4756">
     <span class='ocr_line' id='line_1_102' title="bbox 2161 4683 3743 4756; baseline 0.001 -22"><span class='ocrx_word' id='word_1_732' title='bbox 2161 4683 2309 4737; x_wconf 84' lang='grc' dir='ltr'>θεῖσιν</span> <span class='ocrx_word' id='word_1_733' title='bbox 2337 4685 2629 4754; x_wconf 82' lang='grc' dir='ltr'>ἀναγωγῆς</span> <span class='ocrx_word' id='word_1_734' title='bbox 2657 4702 2716 4736; x_wconf 89' lang='grc' dir='ltr'><strong>τε</strong></span> <span class='ocrx_word' id='word_1_735' title='bbox 2747 4686 2842 4739; x_wconf 80' lang='grc' dir='ltr'>καὶ</span> <span class='ocrx_word' id='word_1_736' title='bbox 2879 4685 3108 4756; x_wconf 84' lang='grc' dir='ltr'>θεωρίας</span> <span class='ocrx_word' id='word_1_737' title='bbox 3129 4725 3142 4748; x_wconf 94' lang='grc'><strong>,</strong></span> <span class='ocrx_word' id='word_1_738' title='bbox 3173 4684 3266 4736; x_wconf 77' lang='grc' dir='ltr'>τοῦ</span> <span class='ocrx_word' id='word_1_739' title='bbox 3299 4683 3625 4754; x_wconf 85' lang='grc' dir='ltr'>πορευθῆναι</span> <span class='ocrx_word' id='word_1_740' title='bbox 3657 4686 3743 4749; x_wconf 86' lang='grc' dir='ltr'><strong>είς</strong></span> 
     </span>
    </p>
   </div>
   <div class='ocr_carea' id='block_1_103' title="bbox 2158 4774 3757 4845">
    <p class='ocr_par' dir='ltr' id='par_1_103' title="bbox 2158 4774 3757 4845">
     <span class='ocr_line' id='line_1_103' title="bbox 2158 4774 3757 4845; baseline 0.001 -18"><span class='ocrx_word' id='word_1_741' title='bbox 2158 4776 2313 4828; x_wconf 87' lang='grc' dir='ltr'>πόλιν</span> <span class='ocrx_word' id='word_1_742' title='bbox 2362 4777 2781 4845; x_wconf 85' lang='grc' dir='ltr'>κατοικητηρίου</span> <span class='ocrx_word' id='word_1_743' title='bbox 2823 4776 3075 4844; x_wconf 77' lang='grc' dir='ltr'>γνώσεώς</span> <span class='ocrx_word' id='word_1_744' title='bbox 3108 4793 3168 4829; x_wconf 90' lang='grc' dir='ltr'><strong>τε</strong></span> <span class='ocrx_word' id='word_1_745' title='bbox 3203 4779 3295 4828; x_wconf 70' lang='grc' dir='ltr'><strong>καὶ</strong></span> <span class='ocrx_word' id='word_1_746' title='bbox 3332 4774 3606 4845; x_wconf 81' lang='grc' dir='ltr'>ἀληθείας,</span> <span class='ocrx_word' id='word_1_747' title='bbox 3637 4777 3757 4844; x_wconf 28' lang='grc' dir='ltr'>καὶ,</span> 
     </span>
    </p>
   </div>
   <div class='ocr_carea' id='block_1_104' title="bbox 2156 4847 3757 4938">
    <p class='ocr_par' dir='ltr' id='par_1_104' title="bbox 2156 4847 3757 4938">
     <span class='ocr_line' id='line_1_104' title="bbox 2156 4847 3757 4938; baseline 0.001 -20"><span class='ocrx_word' id='word_1_748' title='bbox 2156 4865 2542 4934; x_wconf 76' lang='grc' dir='ltr'>ὲπικαλυψάτω</span> <span class='ocrx_word' id='word_1_749' title='bbox 2600 4867 2726 4929; x_wconf 81' lang='grc' dir='ltr'>τοὺς</span> <span class='ocrx_word' id='word_1_750' title='bbox 2754 4859 2761 4861; x_wconf 21' lang='grc' dir='ltr'>Η</span> <span class='ocrx_word' id='word_1_751' title='bbox 2781 4867 3052 4930; x_wconf 80' lang='grc' dir='ltr'>ἐναντίους</span> <span class='ocrx_word' id='word_1_752' title='bbox 3102 4868 3202 4938; x_wconf 89' lang='grc' dir='ltr'><strong>τῆς</strong></span> <span class='ocrx_word' id='word_1_753' title='bbox 3253 4866 3403 4929; x_wconf 88' lang='grc' dir='ltr'>θείας</span> <span class='ocrx_word' id='word_1_754' title='bbox 3453 4865 3609 4933; x_wconf 83' lang='grc' dir='ltr'>δόξης</span> <span class='ocrx_word' id='word_1_755' title='bbox 3676 4847 3757 4938; x_wconf 23' lang='lat' dir='ltr'><strong>ﬁt</strong></span> 
     </span>
    </p>
   </div>
   <div class='ocr_carea' id='block_1_105' title="bbox 2155 4937 3756 5029">
    <p class='ocr_par' dir='ltr' id='par_1_105' title="bbox 2155 4937 3756 5029">
     <span class='ocr_line' id='line_1_105' title="bbox 2155 4937 3756 5029; baseline -0.002 -18"><span class='ocrx_word' id='word_1_756' title='bbox 2155 4957 2605 5028; x_wconf 86' lang='grc' dir='ltr'>ἀπροσμάχητον·</span> <span class='ocrx_word' id='word_1_757' title='bbox 2639 4952 2853 5024; x_wconf 74' lang='grc' dir='ltr'>ἧστινος</span> <span class='ocrx_word' id='word_1_758' title='bbox 2897 4937 3250 5029; x_wconf 82' lang='grc' dir='ltr'>πεπλήρωται</span> <span class='ocrx_word' id='word_1_759' title='bbox 3284 4958 3318 5028; x_wconf 81' lang='grc' dir='ltr'><strong>ἡ</strong></span> <span class='ocrx_word' id='word_1_760' title='bbox 3354 4957 3610 5025; x_wconf 86' lang='grc' dir='ltr'>σύμπασα</span> <span class='ocrx_word' id='word_1_761' title='bbox 3638 4937 3756 5026; x_wconf 54' lang='grc' dir='ltr'><strong>γῆ,1</strong></span> 
     </span>
    </p>
   </div>
   <div class='ocr_carea' id='block_1_106' title="bbox 2156 5044 3742 5119">
    <p class='ocr_par' dir='ltr' id='par_1_106' title="bbox 2156 5044 3742 5119">
     <span class='ocr_line' id='line_1_106' title="bbox 2156 5044 3742 5119; baseline -0.001 -19"><span class='ocrx_word' id='word_1_762' title='bbox 2156 5048 2250 5101; x_wconf 78' lang='grc' dir='ltr'>τοῦ</span> <span class='ocrx_word' id='word_1_763' title='bbox 2280 5048 2480 5118; x_wconf 89' lang='grc' dir='ltr'>γνῶναι</span> <span class='ocrx_word' id='word_1_764' title='bbox 2509 5049 2598 5103; x_wconf 83' lang='grc' dir='ltr'><strong>τὸν</strong></span> <span class='ocrx_word' id='word_1_765' title='bbox 2618 5048 2839 5119; x_wconf 86' lang='grc' dir='ltr'>Κύριον,</span> <span class='ocrx_word' id='word_1_766' title='bbox 2876 5047 2950 5111; x_wconf 82' lang='grc' dir='ltr'>ὣς</span> <span class='ocrx_word' id='word_1_767' title='bbox 2979 5064 3141 5119; x_wconf 81' lang='grc' dir='ltr'>φησιν</span> <span class='ocrx_word' id='word_1_768' title='bbox 3179 5049 3213 5118; x_wconf 86' lang='grc' dir='ltr'><strong>ή</strong></span> <span class='ocrx_word' id='word_1_769' title='bbox 3243 5047 3453 5117; x_wconf 86' lang='grc' dir='ltr'>Γραφὴ,</span> <span class='ocrx_word' id='word_1_770' title='bbox 3490 5045 3565 5105; x_wconf 84' lang='grc' dir='ltr'>ὡς</span> <span class='ocrx_word' id='word_1_771' title='bbox 3589 5044 3742 5118; x_wconf 81' lang='grc' dir='ltr'>ὕδωρ</span> 
     </span>
    </p>
   </div>
   <div class='ocr_carea' id='block_1_107' title="bbox 2164 5124 2890 5207">
    <p class='ocr_par' dir='ltr' id='par_1_107' title="bbox 2164 5124 2890 5207">
     <span class='ocr_line' id='line_1_107' title="bbox 2164 5124 2890 5207; baseline 0 -17"><span class='ocrx_word' id='word_1_772' title='bbox 2164 5124 2298 5192; x_wconf 73' lang='grc' dir='ltr'>πολὺ</span> <span class='ocrx_word' id='word_1_773' title='bbox 2325 5138 2561 5207; x_wconf 73' lang='grc' dir='ltr'>καλύψαι</span> <span class='ocrx_word' id='word_1_774' title='bbox 2593 5138 2890 5202; x_wconf 84' lang='grc' dir='ltr'>θαλάσσας.</span> 
     </span>
    </p>
   </div>
   <div class='ocr_carea' id='block_1_108' title="bbox 2234 5215 3740 5298">
    <p class='ocr_par' dir='ltr' id='par_1_108' title="bbox 2234 5215 3740 5298">
     <span class='ocr_line' id='line_1_108' title="bbox 2234 5215 3740 5298; baseline -0.003 -18"><span class='ocrx_word' id='word_1_775' title='bbox 2234 5231 2392 5298; x_wconf 79' lang='grc' dir='ltr'>Ἀρτι</span> <span class='ocrx_word' id='word_1_776' title='bbox 2429 5215 2550 5298; x_wconf 30' lang='grc' dir='ltr'>μὲν,</span> <span class='ocrx_word' id='word_1_777' title='bbox 2575 5227 2672 5298; x_wconf 86' lang='grc' dir='ltr'><strong>τὴν</strong></span> <span class='ocrx_word' id='word_1_778' title='bbox 2723 5227 3064 5298; x_wconf 87' lang='grc' dir='ltr'>πρωτότοκον</span> <span class='ocrx_word' id='word_1_779' title='bbox 3111 5226 3203 5280; x_wconf 79' lang='grc' dir='ltr'><strong>τοῦ</strong></span> <span class='ocrx_word' id='word_1_780' title='bbox 3247 5226 3492 5280; x_wconf 71' lang='grc' dir='ltr'>διαβόλου</span> <span class='ocrx_word' id='word_1_781' title='bbox 3545 5227 3740 5297; x_wconf 78' lang='grc' dir='ltr'>γονὴν,</span> 
     </span>
    </p>
   </div>
   <div class='ocr_carea' id='block_1_109' title="bbox 2160 5312 3742 5385">
    <p class='ocr_par' dir='ltr' id='par_1_109' title="bbox 2160 5312 3742 5385">
     <span class='ocr_line' id='line_1_109' title="bbox 2160 5312 3742 5385; baseline 0.003 -23"><span class='ocrx_word' id='word_1_782' title='bbox 2160 5312 2326 5382; x_wconf 69' lang='grc' dir='ltr'>ἤγουν</span> <span class='ocrx_word' id='word_1_783' title='bbox 2370 5313 2469 5382; x_wconf 81' lang='grc' dir='ltr'>τὴν</span> <span class='ocrx_word' id='word_1_784' title='bbox 2525 5314 2798 5384; x_wconf 86' lang='grc' dir='ltr'>ἁμαρτίαν</span> <span class='ocrx_word' id='word_1_785' title='bbox 2842 5317 2870 5366; x_wconf 93' lang='lat'><strong>6</strong></span> <span class='ocrx_word' id='word_1_786' title='bbox 2923 5313 3226 5385; x_wconf 74' lang='grc' dir='ltr'>σαρκωθεὶς</span> <span class='ocrx_word' id='word_1_787' title='bbox 3269 5314 3399 5378; x_wconf 86' lang='grc' dir='ltr'>Θεὸς</span> <span class='ocrx_word' id='word_1_788' title='bbox 3463 5314 3742 5382; x_wconf 82' lang='grc' dir='ltr'>ἐνέκρωσὲ</span> 
     </span>
    </p>
   </div>
   <div class='ocr_carea' id='block_1_110' title="bbox 2158 5401 3741 5476">
    <p class='ocr_par' dir='ltr' id='par_1_110' title="bbox 2158 5401 3741 5476">
     <span class='ocr_line' id='line_1_110' title="bbox 2158 5401 3741 5476; baseline 0.003 -23"><span class='ocrx_word' id='word_1_789' title='bbox 2158 5417 2218 5453; x_wconf 91' lang='grc' dir='ltr'><strong>τε</strong></span> <span class='ocrx_word' id='word_1_790' title='bbox 2259 5402 2353 5453; x_wconf 74' lang='grc' dir='ltr'><strong>καὶ</strong></span> <span class='ocrx_word' id='word_1_791' title='bbox 2392 5401 2757 5476; x_wconf 21' lang='grc' dir='ltr'>’ἐξηφάνισεκ</span> <span class='ocrx_word' id='word_1_792' title='bbox 2809 5404 2925 5473; x_wconf 80' lang='grc' dir='ltr'>ἅμα</span> <span class='ocrx_word' id='word_1_793' title='bbox 2966 5403 3046 5473; x_wconf 83' lang='grc' dir='ltr'>τῷ</span> <span class='ocrx_word' id='word_1_794' title='bbox 3091 5403 3417 5473; x_wconf 83' lang='grc' dir='ltr'>γεννηθῆναι</span> <span class='ocrx_word' id='word_1_795' title='bbox 3457 5403 3594 5455; x_wconf 86' lang='grc' dir='ltr'><strong>κατά</strong></span> <span class='ocrx_word' id='word_1_796' title='bbox 3632 5405 3741 5473; x_wconf 74' lang='grc' dir='ltr'><strong>τὴν</strong></span> 
     </span>
    </p>
   </div>
   <div class='ocr_carea' id='block_1_111' title="bbox 2162 5479 3742 5563">
    <p class='ocr_par' dir='ltr' id='par_1_111' title="bbox 2162 5479 3742 5563">
     <span class='ocr_line' id='line_1_111' title="bbox 2162 5479 3742 5563; baseline 0.001 -20"><span class='ocrx_word' id='word_1_797' title='bbox 2162 5491 2359 5562; x_wconf 87' lang='grc' dir='ltr'>σάρκα,</span> <span class='ocrx_word' id='word_1_798' title='bbox 2386 5493 2483 5559; x_wconf 79' lang='grc' dir='ltr'><strong>τὴν</strong></span> <span class='ocrx_word' id='word_1_799' title='bbox 2512 5490 2834 5563; x_wconf 87' lang='grc' dir='ltr'>κατάκρισιν</span> <span class='ocrx_word' id='word_1_800' title='bbox 2868 5493 3046 5562; x_wconf 80' lang='grc' dir='ltr'>ἐαυτῷ</span> <span class='ocrx_word' id='word_1_801' title='bbox 3069 5479 3166 5563; x_wconf 85' lang='grc' dir='ltr'><strong>τῆς</strong></span> <span class='ocrx_word' id='word_1_802' title='bbox 3195 5493 3392 5556; x_wconf 82' lang='grc' dir='ltr'>κακίας</span> <span class='ocrx_word' id='word_1_803' title='bbox 3427 5493 3742 5562; x_wconf 82' lang='grc' dir='ltr'>ποιησάμε-</span> 
     </span>
    </p>
   </div>
   <div class='ocr_carea' id='block_1_112' title="bbox 2162 5584 3746 5656">
    <p class='ocr_par' dir='ltr' id='par_1_112' title="bbox 2162 5584 3746 5656">
     <span class='ocr_line' id='line_1_112' title="bbox 2162 5584 3746 5656; baseline -0.001 -20"><span class='ocrx_word' id='word_1_804' title='bbox 2162 5601 2270 5648; x_wconf 85' lang='grc' dir='ltr'>νος,</span> <span class='ocrx_word' id='word_1_805' title='bbox 2308 5585 2399 5637; x_wconf 74' lang='grc' dir='ltr'>καὶ</span> <span class='ocrx_word' id='word_1_806' title='bbox 2451 5584 2542 5637; x_wconf 84' lang='grc' dir='ltr'><strong>τὸν</strong></span> <span class='ocrx_word' id='word_1_807' title='bbox 2591 5584 2828 5654; x_wconf 83' lang='grc' dir='ltr'>παντελῆ</span> <span class='ocrx_word' id='word_1_808' title='bbox 2867 5584 3070 5655; x_wconf 87' lang='grc' dir='ltr'>ταύτης</span> <span class='ocrx_word' id='word_1_809' title='bbox 3113 5585 3418 5656; x_wconf 85' lang='grc' dir='ltr'>ἀφανισμὸν</span> <span class='ocrx_word' id='word_1_810' title='bbox 3463 5586 3519 5637; x_wconf 78' lang='grc' dir='ltr'>ἐν</span> <span class='ocrx_word' id='word_1_811' title='bbox 3553 5585 3746 5654; x_wconf 76' lang='grc' dir='ltr'>ἑαυτῷ</span> 
     </span>
    </p>
   </div>
   <div class='ocr_carea' id='block_1_113' title="bbox 555 5754 2293 5844">
    <p class='ocr_par' dir='ltr' id='par_1_113' title="bbox 555 5754 2293 5844">
     <span class='ocr_line' id='line_1_113' title="bbox 555 5754 2293 5844; baseline 0.002 -34"><span class='ocrx_word' id='word_1_812' title='bbox 555 5759 602 5791; x_wconf 75' lang='grc' dir='ltr'><strong>’θ</strong></span> <span class='ocrx_word' id='word_1_813' title='bbox 633 5757 736 5811; x_wconf 86' lang='lat' dir='ltr'><strong>lsa.</strong></span> <span class='ocrx_word' id='word_1_814' title='bbox 773 5772 846 5820; x_wconf 72' lang='lat' dir='ltr'><strong>vr,</strong></span> <span class='ocrx_word' id='word_1_815' title='bbox 881 5755 968 5809; x_wconf 81' lang='grc'><strong>10.</strong></span> <span class='ocrx_word' id='word_1_816' title='bbox 1046 5755 1089 5785; x_wconf 74' lang='grc'><strong>’⁸</strong></span> <span class='ocrx_word' id='word_1_817' title='bbox 1124 5754 1282 5807; x_wconf 84' lang='lat' dir='ltr'><strong>Mich.</strong></span> <span class='ocrx_word' id='word_1_818' title='bbox 1320 5770 1394 5818; x_wconf 77' lang='lat' dir='ltr'><strong>vr,</strong></span> <span class='ocrx_word' id='word_1_819' title='bbox 1428 5754 1483 5819; x_wconf 86' lang='lat'>6,</span> <span class='ocrx_word' id='word_1_820' title='bbox 1513 5757 1565 5812; x_wconf 90' lang='lat'><strong>7.</strong></span> <span class='ocrx_word' id='word_1_821' title='bbox 1642 5755 1893 5829; x_wconf 31' lang='lat' dir='ltr'><strong>“‘Exod.</strong></span> <span class='ocrx_word' id='word_1_822' title='bbox 1931 5773 2039 5824; x_wconf 73' lang='lat' dir='ltr'><strong>xw,</strong></span> <span class='ocrx_word' id='word_1_823' title='bbox 2063 5757 2133 5813; x_wconf 76' lang='lat'><strong>9.5</strong></span> <span class='ocrx_word' id='word_1_824' title='bbox 2168 5775 2293 5844; x_wconf 42' lang='lat' dir='ltr'><strong>sqq,</strong></span> 
     </span>
    </p>
   </div>
  </div>
