4092 6378
296 420 435 477 1165

1430 420 1517 474 DE
1566 417 1890 476 OCCURSU
1956 416 2211 482 DOMINI,
2254 416 2406 471 ETC.

3407 407 3547 473 1166

292 534 686 605 ἐργασάμενος,
718 534 931 608 θρήνων
955 535 1050 601 τὰς
1076 537 1323 602 ἐναντίας
1347 538 1602 609 δυνάμεις
1626 536 1870 608 ὲπλήρω·

1976 536 2132 598 tavit,
2175 534 2479 604 ploratibus
2517 540 2570 587 et
2615 533 3105 592 lamentationibus
3136 535 3325 607 copias
3360 535 3552 591 adver—

294 640 405 688 σεν,
424 624 672 697 καθάπερ
703 627 871 696 σκεύη
894 630 1012 680 τινὰ
1046 631 1174 699 παρ’
1201 628 1380 683 αὐτῶν
1411 628 1591 682 λαϐὼν
1616 629 1743 690 τοὺς
1767 627 1874 680 ἀπὸ

291 717 566 771 ἀνατολῶν
603 718 856 782 ἐλθόντας
892 720 1135 788 Μάγους,
1161 721 1254 773 καὶ
1283 722 1348 791 τῇ
1384 720 1754 792 προσκυνήσει
1777 715 1874 769 καὶ

293 806 584 878 ἐπιγνώσει
615 810 715 880 τῆς
734 812 901 865 αὐτοῦ
930 812 1245 878 δεσποτείας
1284 812 1560 885 εὔχρηστα
1596 810 1763 883 σκεύη
1795 808 1874 879 τῷ

293 900 536 973 Δεσπότῃ
553 902 952 974 γεγενημένους
968 907 1045 968 εἱς
1062 905 1350 977 συνεργίαν
1364 906 1463 976 τῆς
1477 904 1762 975 οἰκοδομῆς
1777 903 1875 971 τῆς

306 990 652 1062 Ἐκκλησίας,
677 993 777 1063 τῆς
801 993 969 1057 ὅντως
997 995 1313 1050 θεοτεύκτου
1336 996 1559 1066 σκηνῆς,
1584 994 1650 1066 ἣν
1675 992 1873 1062 ἔπηξεν

292 1080 321 1131 6
345 1079 567 1151 Κύριος,
597 1082 690 1135 καὶ
710 1083 810 1135 οὐκ
834 1082 1120 1155 ἄνθρωπος
1144 1102 1157 1115 ·
1190 1085 1315 1157 ἄρτι
1341 1086 1397 1139 δὲ
1419 1082 1671 1154 καθάπερ
1700 1084 1871 1155 πηλοῦ

296 1170 393 1224 καὶ
423 1171 699 1237 πλινθείας
744 1174 915 1248 πάλαι
954 1176 1045 1229 τὸν
1081 1177 1319 1249 Ἰσραὴλ,
1358 1176 1500 1230 οὕτω
1541 1175 1634 1230 τοῦ
1682 1177 1871 1246 γηῖνου

297 1260 467 1330 φρονὴ
478 1276 645 1330 ματος
659 1262 719 1315 τὸ
738 1264 1074 1336 ἀνθρώπινον
1094 1267 1248 1339 γένος
1270 1268 1327 1321 ὲν
1346 1266 1494 1337 αὑτῷ
1517 1266 1872 1338 λυτρωσάμε-

297 1368 405 1425 νος,
438 1354 642 1428 φυγεῖχ
657 1352 755 1422 μὲν
774 1354 1045 1424 Αἴγυπτον
1084 1356 1243 1410 τοῦτο
1284 1358 1582 1428 πεποίηκε,
1629 1354 1872 1410 τουτέστι

296 1420 357 1521 το
416 1442 510 1494 τοῦ
559 1419 789 1497 Haereo
844 1419 1109 1516 στυγητὸν
1171 1448 1266 1502 καὶ
1313 1419 1869 1519 ζοφῶδες-φρούριον.

307 1531 550 1599 Ἀγιάςει
579 1534 638 1588 δὲ
658 1534 736 1606 τῷ
756 1536 875 1607 Θεῷ
906 1538 1001 1591 καὶ
1036 1530 1210 1610 Πατρὶ
1236 1539 1297 1592 οὐ
1333 1538 1492 1609 μόνον
1535 1538 1603 1591 τὰ
1640 1539 1747 1591 τῶν
1775 1539 1872 1592 ἁν-

296 1622 527 1695 θρώπων
557 1628 894 1697 πρωτότοκα,
920 1629 1034 1682 ἀλλ’
1053 1631 1155 1701 ἤδη
1185 1632 1279 1685 καὶ
1309 1633 1421 1686 πᾶν
1444 1631 1505 1685 τὸ
1530 1629 1872 1702 ἀνθρώπινον

296 1714 481 1783 φῦλον,
510 1717 597 1771 διά
626 1722 723 1793 τῆς
751 1721 808 1775 ὲν
837 1722 985 1792 αὐτῷ
1007 1724 1263 1795 ἀπαρχῆς
1284 1724 1378 1777 τοῦ
1404 1725 1675 1796 ἡμετέρου
1705 1724 1872 1796 φυρά·

298 1823 485 1876 ματος,
535 1809 778 1862 τουτέστι
808 1809 907 1880 τῆς
946 1811 1005 1875 ἐξ
1036 1813 1192 1883 ήμῶν
1230 1812 1527 1884 ληφθείσης
1567 1814 1716 1882 αύτῷ
1749 1831 1870 1883 σαρ-

294 1897 389 1959 κὸς
408 1897 764 1976 ὲψυχωμένης
800 1901 1022 1971 νοερῶς,
1049 1903 1169 1955 ὅλον
1194 1902 1382 1976 ὥσπερ
1403 1903 1763 1974 ἁναζυμώσας
1788 1907 1867 1968 εἰς

296 1986 564 2058 ἁγιασμόν
607 1990 705 2061 τῆς
742 1992 1089 2064 ἀνθρωπίνης
1139 1993 1326 2058 οὐσίας
1353 1995 1415 2047 τὸ
1447 1995 1746 2067 σύγκριμα.
1799 1999 1866 2049 Et

292 2081 403 2149 γὰρ
428 2081 667 2151 ἀπαρχὴ
701 2083 858 2153 ἁγία,
890 2085 985 2139 καὶ
1017 2086 1079 2139 τὸ
1107 2087 1368 2155 φύραμα,
1402 2088 1634 2158 φήσαιμι
1685 2087 1747 2141 ἂν
1771 2088 1867 2141 νῦν

295 2171 517 2235 εἰκότως
540 2174 694 2243 κάγὼ
722 2175 865 2228 κατὰ
893 2177 982 2229 τὸν
1009 2177 1151 2230 θεῖον
1168 2174 1512 2251 Ἀπόστολον.
1544 2178 1654 2231 Καὶ
1694 2178 1866 2232 καθά-

295 2279 399 2332 περ
433 2262 600 2316 πάλαι
628 2265 725 2335 τὴν
763 2266 1057 2337 ἱερατεύειν
1106 2268 1372 2338 λαχοῦσαν
1402 2256 1574 2338 φυλὴν
1612 2270 1732 2323 ἀντὶ
1770 2270 1868 2340 τῆς

292 2354 400 2406 τῶν
424 2356 781 2425 πρωτοτόκων
803 2360 1058 2429 ἀπαρχῆς
1078 2360 1105 2411 6
1131 2360 1425 2430 νομοθέτης
1445 2360 1599 2427 λόγος
1623 2360 1867 2425 τυπικῶς

294 2443 371 2514 τῷ
399 2443 517 2514 Θεῷ
552 2449 931 2517 προσηγάγετο
954 2466 968 2480 ο
997 2448 1139 2502 οὕτω
1166 2450 1260 2503 νῦν
1296 2451 1353 2502 ὲν
1381 2450 1459 2520 τῷ
1501 2450 1736 2521 λαμπρῷ
1767 2470 1865 2521 χα-

298 2540 527 2607 ρακτῆρι
556 2538 653 2608 τῆς
685 2538 939 2609 ἀληθείας
977 2539 1068 2592 τὸν
1102 2541 1361 2613 ἀρχιερέα
1408 2542 1503 2594 καὶ
1546 2542 1867 2595 Ἀπόστολον

292 2622 391 2696 τῆς
415 2627 704 2697 ὁμολογίας
749 2631 927 2700 ἡμῶν,
974 2632 1063 2685 τὸν
1110 2632 1360 2706 ὅσιόν-τε
1393 2634 1486 2685 καὶ
1545 2628 1748 2686 ἄκακον
1775 2634 1866 2685 καὶ

295 2716 575 2783 ἀμίαντον,
611 2720 703 2771 καὶ
736 2716 937 2784 παντὸς
975 2722 1302 2793 ἀμαρτωλοῦ
1334 2722 1733 2792 κεχωρισμένον

300 2824 401 2858 που
435 2826 493 2860 τε
522 2808 616 2861 καὶ
639 2796 1014 2888 φρονήματος,
1035 2812 1115 2882 τῷ
1142 2812 1261 2882 Θεῷ
1288 2814 1380 2887 καὶ
1417 2814 1589 2883 Πατρὶ
1623 2830 1866 2881 σωματι-

295 2897 404 2959 κῶς
450 2902 873 2971 προσενηνέχθαι
906 2903 1247 2971 γινώσκομεν
1296 2902 1416 2955 ἀντὶ
1452 2903 1549 2971 τῆς
1599 2902 1866 2970 καθαγια-

296 2984 512 3056 σοείσης
554 2986 703 3058 αὑτῷ
748 2989 836 3042 διά
882 2991 1116 3054 πίστεως
1148 2991 1564 3061 ἀνθρωπότητος
1594 3008 1606 3020 ⁵
1654 2992 1749 3044 καὶ
1778 3009 1867 3043 το-

294 3075 469 3146 σούτῳ
504 3077 721 3147 μᾶλλον,
755 3076 972 3151 ὅσῳπερ
998 3080 1116 3133 οὐδὲ
1150 3080 1551 3151 ὑπερτεροῦσαν
1579 3081 1671 3133 καὶ
1701 3082 1867 3151 ὑπερ-

294 3165 693 3229 πλεονάζουσαν
722 3168 869 3239 παρὰ
894 3164 984 3222 τὸν
1012 3167 1203 3222 ἑαυτὸν
1226 3167 1496 3222 δεδωκότα
1525 3169 1718 3240 λύτρον
1745 3172 1866 3224 ἀντὶ

295 3252 506 3308 πολλῶν
543 3256 671 3327 ὅλην
717 3248 932 3329 δρῶμεν
987 3258 1085 3329 τὴν
1134 3258 1560 3330 ἁνθρωπότητα,
1610 3260 1752 3313 κατά
1778 3260 1867 3311 τὸν

292 3342 392 3415 τῆς
445 3344 728 3417 ἁγιότητος
784 3348 940 3416 λόγον
997 3348 1284 3419 (καθάπερ
1343 3350 1401 3400 ὲν
1466 3351 1533 3419 τῇ
1588 3350 1714 3419 σκιᾷ
1775 3347 1868 3401 τοῦ

294 3434 458 3506 νόμου
489 3438 546 3489 ὲν
591 3438 916 3509 πλεονασμῷ
952 3438 1099 3509 παρά
1135 3439 1263 3502 τοὺς
1289 3440 1517 3502 Λευῖτας
1549 3438 1619 3492 τὰ
1655 3440 1869 3510 πρωτό-

292 3543 427 3580 τοκα
452 3528 755 3598 εὖρηνται),
786 3528 921 3582 ἀλλά
959 3530 1185 3583 κατόπιν
1217 3530 1382 3583 αὐτοῦ
1419 3531 1746 3601 παμπληθὲς
1759 3534 1868 3586 ἁπ-

294 3616 666 3688 ειλειμμένην,
695 3618 925 3672 καθόσον
955 3620 1121 3691 χωρὶς
1148 3620 1329 3690 πάσης
1356 3622 1662 3690 ἀντιλογίας
1692 3623 1754 3675 τὸ
1783 3622 1869 3675 εύ-

295 3709 619 3779 λογούμενον
648 3708 866 3763 ἔλαττον
904 3710 995 3763 τοῦ
1028 3710 1376 3779 εύλογοῦντος
1403 3712 1728 3783 καθέστηκε.
1761 3715 1870 3766 Καὶ

293 3802 416 3852 τότε
452 3800 549 3869 μὲν
578 3801 656 3863 εἱς
689 3801 849 3869 μόνον
878 3801 970 3854 τοῦ
986 3802 1202 3873 Ἰσραὴλ
1230 3800 1292 3855 τὸ
1324 3798 1475 3866 ἔθνος
1506 3804 1567 3856 τὸ
1594 3804 1697 3874 τῆς
1720 3807 1870 3858 Λευῖ-

294 3890 455 3959 τικῆς
491 3891 787 3962 ἱερωσύνης
808 3891 1025 3961 ἀξίωμα
1057 3893 1415 3964 ἐχρημάτιζε,
1449 3894 1541 3947 καλ⁵
1574 3895 1734 3964 μόνον
1760 3895 1869 3948 τῶν

294 3984 427 4053 παρ’
480 3984 664 4046 αὐτοῖς
718 3984 1079 4055 πρωτοτόκων
1134 3985 1307 4056 λύτρα
1356 3981 1494 4039 εἶναι
1546 3988 1594 4039 οἱ
1647 3985 1870 4043 Λευῖται

298 4075 773 4146 μεμαρτύρηνται’
802 4074 1032 4147 Χριστὸς
1058 4076 1115 4128 δὲ
1140 4077 1169 4129 6
1204 4076 1646 4146 παραγενόμενος
1686 4079 1871 4148 ἀρχιε-

297 4167 425 4236 ρεὺς
478 4167 586 4220 τῶν
615 4167 914 4237 μελλόντων
950 4168 1189 4236 ἀγαθῶν,
1222 4169 1302 4231 ὡς
1338 4169 1367 4220 6
1396 4169 1669 4237 πάνσοφος
1724 4170 1871 4222 Παῦ-

296 4258 383 4321 λ’ός
414 4274 598 4329 φησιν,
626 4260 720 4310 καὶ
739 4259 799 4310 ού
824 4258 967 4311 κατά
997 4260 1095 4329 τὴν
1127 4259 1277 4323 τάξιν
1306 4259 1534 4329 Ἀαρὼν,
1567 4259 1701 4311 ἀλλὰ
1728 4259 1871 4311 κατὰ

296 4353 395 4422 τὴν
431 4352 583 4418 τάξιν
617 4351 978 4421 Μελχισεδὲκ,
1010 4352 1190 4414 καθὼς
1231 4352 1290 4405 τὸ
1336 4352 1477 4405 θεῖον
1524 4368 1871 4421 προεχρησμ·

296 4442 469 4511 ᾡδησε
507 4442 714 4509 λόγιον,
750 4444 815 4512 τῇ
856 4440 953 4509 μὲν
984 4442 1271 4510 μεταθέσει
1321 4442 1421 4510 τῆς
1468 4439 1765 4511 ἱερωσύνης
1794 4439 1870 4510 τῷ

1904 1868 1945 1927 Β

1893 3210 1936 3267 C

1979 626 2162 681 sarias
2194 625 2471 696 opplevit,
2502 633 2768 696 tanquam
2802 642 2931 683 vasa
2972 637 3137 699 atque
3185 630 3550 683 instrumenta

1975 717 2226 789 quaedam
2257 718 2325 771 ab
2373 718 2442 772 iis
2489 717 2687 774 ablatis
2736 718 2939 789 Magis,
2965 720 3059 789 qui
3086 719 3154 774 ab
3189 718 3552 773 orientalibus

1975 810 2227 881 partibus
2269 809 2629 872 venerunt“,
2682 819 2736 865 et
2792 810 3118 866 adol-alioue
3166 817 3222 865 'et
3274 810 3555 879 agnitione

1980 901 2275 957 Dominicaa
2310 903 2603 971 potestatis
2657 903 2777 973 ejus
2838 903 3130 958 commoda
3172 911 3226 957 et
3271 911 3395 973 apta
3444 901 3553 954 Do-

1974 994 2125 1047 mino
2166 992 2535 1048 instrumenta
2573 993 2703 1049 facti
2737 1006 2886 1059 sunt,
2922 994 2978 1047 in
3019 994 3324 1049 Subsidium
3361 1001 3414 1047 et
3453 992 3552 1046 ad-

1969 1085 2280 1155 jumentum
2331 1086 2717 1142 :ediﬁcationis
2764 1087 3067 1151 Ecclesize,
3124 1102 3155 1140 a
3198 1086 3309 1141 Deo
3361 1098 3553 1140 revera

1974 1174 2212 1230 confecti
2259 1177 2629 1241 tabernaculi,
2685 1178 2832 1248 quod
2894 1178 3159 1232 Dominus
3188 1175 3301 1230 ﬁxit
3340 1183 3395 1229 et
3443 1189 3552 1228 non

1974 1264 2140 1318 homo
2156 1264 2203 1296 "
2236 1266 2387 1333 :j‘am
2424 1281 2575 1320 nunc
2620 1267 2751 1322 item
2783 1275 3046 1337 tanquam
3082 1281 3112 1319 a
3141 1267 3256 1320 luto
3288 1273 3342 1319 et
3366 1264 3553 1319 lateri-

1973 1357 2053 1411 tio
2084 1372 2251 1427 opere
2283 1358 2413 1411 olim
2453 1358 2735 1424 lsraelem,
2774 1361 2854 1414 sic
2916 1374 2945 1412 a
3002 1367 3221 1413 terreno
3252 1372 3419 1413 sensu
3451 1356 3552 1409 hu-

1973 1463 2198 1503 manum
2234 1463 2409 1518 genus
2436 1464 2560 1504 cum
2592 1466 2691 1519 per
2733 1465 2856 1506 sese
2886 1450 3178 1504 liberasset
3208 1455 3262 1502 et
3290 1446 3552 1501 redemis-

1973 1547 2080 1604 set,
2116 1546 2177 1593 ut
2202 1538 2498 1611 {Egyptum
2530 1540 2777 1611 quidem,
2831 1540 2887 1595 id
2937 1547 3043 1604 est,
3099 1538 3292 1593 mortis
3315 1537 3550 1591 horren-

1973 1632 2103 1686 dum
2165 1641 2221 1687 et
2286 1633 2654 1704 caliginosum
2707 1632 2995 1689 castellum
3053 1631 3287 1701 fugeret,
3349 1627 3551 1683 effecit.

1974 1721 2292 1780 Sanctiﬁcat
2314 1733 2495 1781 autem
2525 1725 2635 1782 Deo
2662 1732 2717 1781 et
2739 1724 2889 1780 Patri
2923 1738 3031 1778 non
3053 1724 3231 1779 solum
3267 1720 3548 1776 hominum

1972 1809 2165 1883 partus
2196 1812 2614 1886 primogenitos,
2645 1814 2744 1870 sed
2772 1815 2940 1870 etiam
2965 1828 3131 1880 omne
3159 1827 3332 1883 genus
3355 1811 3551 1865 huma-

1972 1920 2102 1958 num
2136 1919 2232 1975 per
2256 1919 2371 1971 eas,
2408 1920 2548 1975 quas
2575 1906 2631 1958 in
2680 1919 2804 1960 sese
2836 1903 3092 1973 sumpsit,
3122 1910 3329 1957 nostra:
3357 1914 3554 1955 massae

1969 2002 2135 2066 atque
2167 1996 2412 2051 materiae
2456 1996 2755 2066 primitias,
2800 1994 2856 2049 id
2884 2003 2991 2059 est,
3025 2008 3124 2064 per
3156 2007 3403 2054 carnem,
3432 2005 3554 2061 qua!

1970 2086 2441 2151 intellectualiter,
2496 2093 2551 2140 et
2586 2094 2646 2141 ut
2688 2093 2872 2142 mente
2923 2085 3039 2141 sola
3092 2084 3299 2155 percipi
3344 2090 3549 2153 potest,

1970 2178 2336 2243 animabatur,
2363 2193 2394 2232 a
2427 2176 2585 2234 nobis
2621 2185 2897 2246 sumptam
2940 2182 3112 2229 totam
3148 2173 3215 2228 ad
3243 2173 3552 2230 sanctiﬁca-

1969 2267 2177 2325 tionem
2209 2269 2370 2340 quasi
2416 2269 2823 2323 refermentans
2874 2267 3126 2321 humanae
3157 2273 3370 2321 natum
3399 2280 3548 2319 mas-

1970 2375 2085 2416 sam
2115 2370 2279 2429 atque
2310 2362 2750 2425 concretionem.
2784 2357 2920 2412 Nam
2959 2358 3155 2413 merito
3186 2357 3419 2412 dixerim
3448 2372 3550 2427 ego

1968 2464 2189 2522 quoque
2244 2465 2414 2516 nunc,
2467 2448 2628 2504 sicuti
2686 2449 2908 2503 divinus
2958 2448 3035 2500 ait
3093 2447 3427 2517 Apostolus:
3490 2444 3553 2500 Si

1969 2544 2217 2610 primitiw
2254 2552 2455 2597 sancta:
2482 2550 2626 2605 sunt,
2658 2542 2823 2596 etiam
2860 2541 3088 2594 materia
3117 2549 3275 2609 atque
3304 2554 3487 2592 massa
3504 2538 3551 2569 "‘

1971 2635 2096 2709 inde
2142 2633 2389 2688 confecta
2449 2641 2639 2687 sancta
2700 2632 2887 2687 fuerit.
2950 2632 3028 2685 Ac
3089 2629 3551 2700 quemadmodum

1969 2727 2097 2778 olim
2134 2725 2331 2785 oratio,
2382 2738 2489 2792 qua
2538 2725 2622 2778 lex
2668 2722 2965 2787 ferebatur,
2998 2723 3197 2791 typice.
3237 2722 3288 2775 id
3319 2728 3422 2785 est,
3456 2735 3555 2791 per

1970 2817 2219 2886 ﬁguram,
2268 2834 2375 2885 qua
2424 2818 2666 2870 futurum
2712 2814 3261 2884 praesigniﬁcabatur,
3297 2828 3415 2867 eam
3449 2813 3550 2865 tri-

1970 2907 2121 2969 bum,
2155 2907 2245 2959 cui
2279 2905 2573 2959 sacerdotii
2628 2918 2829 2957 munus
2861 2903 3181 2964 obvenerat,
3216 2916 3316 2970 pro
3345 2901 3552 2971 primo-

1968 2999 2276 3070 genitorum
2347 2996 2607 3065 primitiis
2655 2994 2762 3048 Deo
2823 2993 3021 3048 obtulit
3074 3009 3087 3044 :
3134 2992 3207 3046 ita
3262 3006 3410 3046 nunc
3456 3007 3554 3061 per

1969 3091 2175 3145 claram
2212 3088 2458 3143 veritatis
2484 3085 2714 3155 etIigiem
2776 3083 3087 3153 pontiﬁcem
3141 3090 3194 3137 et
3238 3082 3548 3152 apostolum

1969 3184 2174 3231 nostra:
2201 3173 2571 3229 confessionis
2603 3180 2854 3245 sanctum
2893 3171 3047 3225 illum
3077 3166 3132 3225 et
3168 3170 3548 3235 innocentem,

1970 3266 2063 3334 qui
2093 3265 2160 3319 ab
2191 3262 2626 3333 inquinamentis
2652 3262 2873 3316 malitiae
2907 3275 3134 3323 vacuus,
3168 3260 3263 3330 qui
3298 3260 3547 3313 omnium

1971 3357 2180 3427 peccati
2217 3365 2323 3408 tam
2354 3354 2601 3409 sordium
2638 3368 2805 3422 quam
2842 3364 3040 3407 sensus
3071 3360 3237 3420 atque
3261 3350 3552 3420 cogitatio-

1970 3426 2057 3501 nis
2089 3444 2285 3516 expers
2326 3446 2447 3511 fuit,
2483 3444 2846 3513 corporaliter
2873 3458 2972 3513 pro
2992 3458 3077 3508 ea,
3116 3456 3361 3512 quaaper
3392 3426 3551 3515 fidem

1969 3538 2018 3591 ei
2055 3535 2394 3590 sanctiﬁcata
2440 3542 2547 3597 est,
2600 3533 2843 3586 humana
2893 3539 3089 3585 natura
3139 3528 3250 3584 Deo
3302 3543 3367 3583 ac
3401 3527 3553 3582 Patri

1970 3628 2215 3682 oblatum
2252 3640 2375 3681 esse
2400 3624 2779 3694 intelligimus,
2810 3630 2862 3677 et
2886 3638 2951 3677 eo
2980 3621 3152 3691 magis
3183 3621 3327 3691 quod
3354 3635 3421 3675 ne
3453 3635 3555 3672 nu-

1972 3732 2122 3772 mero
2144 3696 2363 3785 quidem
2401 3728 2663 3785 superare
2724 3727 2789 3765 ac
2844 3712 3150 3766 redundare
3195 3718 3552 3790 praetereum

1970 3808 2063 3878 qui
2100 3808 2343 3877 seipsum
2389 3793 2536 3861 dedit
2589 3820 2688 3874 pro
2730 3804 2929 3873 pretio,
2962 3817 3075 3872 quo
3117 3802 3276 3856 multi
3324 3800 3557 3855 redime-

1972 3908 2180 3963 rentur,
2210 3896 2382 3953 totam
2443 3896 2734 3950 humanam
2780 3902 3033 3947 naturam
3090 3892 3361 3954 videmus,
3409 3890 3555 3960 quod

1970 3989 2189 4059 quidem
2242 3986 2473 4040 attineat
2517 3985 2581 4038 ad
2623 3986 2889 4039 rationem
2930 3983 3241 4038 sanctitatis
3270 3979 3555 4050 (quemad—

1971 4077 2193 4133 modum
2227 4076 2281 4129 in
2318 4077 2510 4127 umbra
2557 4074 2692 4143 legis
2727 4071 2933 4127 Levitis
2973 4086 3203 4125 numero
3234 4072 3421 4139 plures
3448 4070 3554 4138 pri-

1973 4167 2230 4236 mogeniti
2281 4165 2489 4219 inventi
2524 4153 2761 4234 sunt“),
2799 4163 2891 4217 sed
2944 4162 3264 4232 longissimo
3316 4160 3493 4231 spatio
3523 4175 3555 4214 a

1973 4267 2125 4327 tergo
2176 4255 2422 4311 :‘e‘ictam
2454 4295 2470 4319 ,
2524 4262 2796 4324 quatenus
2842 4255 3048 4322 absque
3088 4253 3235 4307 omni
3277 4251 3556 4305 contradi-

1973 4350 2157 4405 ctione
2189 4348 2263 4412 id,
2287 4346 2377 4402 cui
2410 4346 2773 4408 benedicitur,
2798 4346 3153 4401 benedicentc
3190 4344 3418 4399 inferius
3446 4352 3553 4399 est.

1973 4443 2051 4496 Ac
2084 4450 2218 4495 tunc
2249 4440 2468 4510 quidem
2507 4438 2573 4493 ad
2608 4438 2780 4493 solam
2815 4437 3172 4493 lsraeliticam
3205 4446 3421 4506 gentem
3455 4424 3558 4488 Le-

296 4532 355 4596 ἐξ
407 4533 597 4603 ἑτέρας
638 4533 800 4586 αὑτὸν
856 4527 994 4585 εἶναι
1045 4531 1216 4602 φυλῆς
1270 4531 1572 4603 (πρόδηλον
1630 4531 1737 4602 γὰρ
1788 4531 1868 4583 ὅτι

1976 4532 2126 4587 vitici
2173 4528 2467 4586 sacerdotii
2516 4528 2755 4598 dignitas
2808 4527 3172 4592 referebatur,
3221 4534 3285 4579 ac
3329 4541 3427 4594 pro
3457 4539 3556 4578 eo-

298 4622 357 4685 ἐξ
404 4622 573 4675 Ἰούδα
615 4622 971 4675 ἀνατέταλκεν
1013 4624 1040 4675 6
1072 4622 1273 4693 Κύριος
1304 4622 1459 4691 ἡμῶν
1503 4620 1707 4691 Ἰησοῦς
1740 4622 1875 4690 Χρι-

299 4712 443 4779 στὸς)
476 4713 569 4765 καὶ¹
591 4712 689 4782 τὴν
718 4712 811 4764 τοῦ
840 4712 1002 4781 νόμου
1035 4711 1320 4781 μετάθεσιν
1348 4711 1742 4781 ἀπειργάσατο,
1767 4708 1874 4761 ἀπὸ

296 4805 391 4874 τῆς
418 4803 558 4856 κατὰ
588 4803 749 4872 νόμον
778 4805 934 4865 σκιᾶς
975 4804 1066 4855 ἐπὶ
1109 4803 1168 4857 τδ
1206 4806 1303 4873 τῆς
1340 4801 1614 4872 βασιλείας
1644 4801 1750 4854 τῶν
1780 4801 1872 4853 ού-

301 4894 475 4964 ρανῶν
512 4893 877 4963 μεταθέμενος
903 4895 1047 4964 ἡμᾶς
1079 4895 1439 4962 Εὐαγγέλιον,
1484 4894 1735 4963 καθάπερ
1765 4891 1874 4945 ἀπὸ

296 4985 395 5054 τῆς
418 4985 710 5054 Λευῖτικῆς
737 4986 830 5037 ἐπὶ
863 4984 959 5054 τὴν
992 4984 1273 5055 βασιλικὴν
1308 4984 1476 5055 φυλὴν
1502 4985 1561 5036 τὸ
1590 4985 1687 5054 τῆς
1714 4986 1873 5054 ἱερω-

301 5071 465 5142 σύνης
491 5071 706 5143 ἀξίωμα
725 5090 737 5102 ·
767 5076 833 5143 τῇ
864 5072 920 5125 δὲ
948 5074 1087 5125 κατὰ
1114 5074 1216 5143 τὴν
1244 5074 1399 5137 τάξιν
1423 5072 1756 5143 Μελχισεδὲκ
1777 5073 1875 5141 ἀφ-

296 5165 553 5233 ομοιώσει
599 5167 697 5235 οὐχ
749 5166 887 5235 ὑπὲρ
936 5166 1096 5235 μόνου
1139 5165 1233 5218 τοῦ
1279 5165 1517 5236 Ἰσραὴλ,
1579 5164 1693 5218 ἀλλ’
1734 5164 1873 5234 ὑπὲρ

299 5258 515 5309 πάντων
548 5256 659 5309 τῶν
685 5255 853 5310 ἐθνῶν
884 5256 1076 5325 λύτρον
1096 5258 1285 5310 ἑαυτὸν
1308 5256 1386 5326 τῷ
1413 5256 1587 5327 Πατρὶ
1606 5256 1877 5329 προσηγά-

309 5361 443 5411 γετο,
474 5345 686 5415 καὶτῆς
714 5346 932 5400 πάντων
947 5344 1042 5398 ἀνθ
1054 5345 1247 5415 ρώπων
1271 5346 1560 5415 ὁμολογίας
1583 5346 1871 5416 ἀρχιερεὺς

299 5436 664 5505 καθέστηκεν,
710 5438 831 5490 ἐπεὶ
875 5439 967 5491 καὶ
992 5439 1020 5490 6
1045 5437 1376 5507 Μελχισεδὲκ
1406 5438 1469 5488 ὲκ
1516 5437 1615 5507 τῆς
1647 5436 1869 5507 tamn;

302 5526 496 5595 μοίρας
524 5520 663 5577 εἶναι
686 5528 1026 5597 γνωρίζεται,
1061 5526 1156 5580 καὶ
1182 5527 1245 5578 ὲκ
1274 5525 1363 5578 τοῦ
1406 5526 1656 5596 Ἀϐραὰμ
1683 5526 1872 5593 γένους

299 5614 630 5682 εὑρίσκεται.
707 5614 769 5667 Ἦ
815 5616 872 5668 δὲ
899 5616 1039 5670 κατά
1068 5618 1229 5687 νόμον
1251 5616 1359 5670 τῶν
1392 5616 1550 5669 πέντε
1592 5618 1874 5690 διδραχιιᾶο

377 5752 650 5829 "-Nauh'
686 5773 744 5825 11,
786 5758 808 5811 1
844 5772 965 5829 sqq.
1031 5758 1075 5789 "‘
1108 5756 1273 5812 Hebr.
1315 5772 1431 5823 rm,
1462 5756 1515 5809 2.
1596 5760 1639 5789 ’³
1671 5746 1829 5813 Βοὴ,
1866 5776 1895 5813 λ

304 5823 504 5887 Η,17.

1930 5798 1944 5825 9

1973 4640 2094 4679 rum
2125 4621 2619 4692 primogenitorum
2654 4620 2941 4683 duntaxat,
2980 4613 3071 4686 qui
3103 4616 3244 4687 apud
3279 4606 3555 4669 lsraelitas

1972 4719 2352 4774 nascerentur,
2413 4708 2803 4778 redemptionis
2843 4712 3018 4778 pretio
3049 4702 3269 4761 Levitas
3306 4713 3556 4774 sumptos

1971 4816 2114 4864 esse,
2149 4796 2449 4868 Scriptura:
2483 4798 2802 4852 testimonio
2851 4797 2917 4850 de
2956 4796 3089 4864 ipsis
3121 4793 3394 4865 proditum
3423 4799 3509 4848 est
3537 4807 3553 4844 :

1971 4892 2226 4946 Christus
2265 4904 2415 4953 vero,
2471 4888 2564 4957 qui
2617 4886 2928 4939 futurorum
2966 4887 3235 4939 bonorum
3299 4881 3550 4953 pontifex

1972 4984 2214 5046 advenit,
2256 4989 2316 5036 ut
2340 4976 2787 5048 sapientissimus
2820 4972 3027 5031 Paulus
3066 4975 3242 5044 inquit
3272 4976 3338 5039 ’⁷,
3366 4982 3417 5027 et
3446 4988 3553 5027 non

1974 5075 2278 5131 secundum
2315 5070 2562 5126 ordinem
2603 5070 2805 5131 Aaron,
2838 5067 2931 5121 sed
2969 5062 3267 5121 secundum
3303 5065 3551 5118 ordinem

1975 5164 2365 5229 Melchisedec,
2417 5159 2883 5232 quemadmodum
2944 5158 3188 5212 divinum
3238 5155 3552 5227 praesigniﬁ-

1975 5257 2119 5309 cavit
2150 5250 2456 5314 oraculum,
2490 5246 2786 5304 sacerdotii
2814 5244 3034 5315 quidem
3075 5245 3454 5309 translatione,
3488 5259 3553 5300 eo

1977 5345 2121 5416 quod
2152 5345 2269 5413 ipse
2291 5348 2437 5396 chet
2468 5354 2532 5394 ex
2563 5338 2667 5392 alia
2700 5339 2844 5391 tribu
2882 5338 3252 5407 (perspicuum
3288 5344 3373 5391 est
3406 5336 3552 5390 enim

1979 5446 2045 5491 ex
2086 5433 2225 5488 Juda
2285 5441 2466 5486 ortum
2514 5444 2637 5483 esse
2685 5427 2977 5483 Dominum
3046 5428 3297 5482 nostrum
3358 5422 3549 5482 Jesum

1979 5520 2306 5590 Christum),
2351 5520 2514 5573 etiam
2544 5518 2679 5587 legis
2732 5517 3146 5571 translationem
3170 5517 3368 5584 effecit,
3397 5524 3451 5570 et
3485 5514 3554 5568 ab

1982 5615 2140 5686 legali
2175 5613 2365 5665 umbra
2410 5608 2690 5663 transtulit
2739 5622 2840 5663 nos
2894 5608 2958 5660 ad
3003 5606 3354 5677 Evangelium
3398 5603 3553 5674 regni

1983 5758 2066 5811 i6.
2158 5749 2384 5806 "Num.
2419 5752 2501 5815 ni,
2546 5745 2609 5801 16
2639 5761 2760 5815 sqq.
2839 5747 2881 5778 ’⁷
2913 5744 3075 5801 llebr.
3100 5759 3197 5807 vn,
3238 5741 3289 5806 9,
3322 5741 3417 5805 if;
3453 5755 3548 5803 vn,
