4092 6378
497 396 628 452 HG?

1735 398 1791 452 S.
1834 392 2162 454 GREGOR'II
2204 393 2491 449 NYSSENI

3626 391 3768 443 “65

497 519 784 578 Helorum,
817 511 1276 584 quemadmodum
1311 511 1379 566 ab
1405 511 1644 566 Levitica
1693 515 1835 567 lt'ilzu
1881 513 1946 566 ad
1997 528 2121 576 νει-Α

2224 528 2283 564 υν
2317 512 2456 578 ὑπὲρ
2490 513 2720 566 ἑκάστου
2758 513 2864 566 τῶν
2913 513 3274 585 πρωτοτόκων
3312 508 3633 578 συντίμησις
3665 509 3772 577 ἐμ-

495 607 638 675 giam
677 604 882 658 tribttm
942 603 1238 658 sacerdotii
1287 600 1608 671 dignitatem
1669 603 1913 657 traduxit
1950 621 1961 655 :
1998 618 2082 657 as-

498 695 838 749 similatione
870 708 997 747 vero
1022 707 1143 762 qua:
1167 691 1223 745 lit
1245 691 1550 748 secundum
1575 693 1823 746 ordinem
1858 691 2081 747 Melchi-

499 787 684 851 sedec,
720 801 830 841 non
863 799 965 856 pro
1000 785 1121 840 solo
1156 783 1379 851 lsraele,
1411 784 1503 841 sed
1533 800 1631 855 pro
1667 786 1922 840 omnibus
1947 801 2080 856 gen-

499 880 648 934 tibus
695 879 932 950 pretium
984 877 1381 948 redemptionis
1415 892 1538 934 sese
1585 877 1730 932 Patri
1773 877 1995 938 obtulit,
2028 885 2082 932 et

501 973 746 1027 omnium
798 971 1082 1026 hominum
1129 970 1502 1028 confessionis
1550 969 1794 1042 pontifex
1847 969 2081 1031 exstitit,

2187 604 2400 670 φαίνειν
2424 600 2563 658 οἴδεν
2594 606 3040 677 αἰνιγματωδῶς,
3089 606 3165 668 ὠς
3207 603 3313 675 χρὴ
3353 603 3582 655 ἕκαστον
3606 602 3774 671 ἡμῶν

2188 695 2370 747 πᾶσαν
2414 693 2665 764 αἴσθησιν
2715 695 2962 764 ἀγιὰξειν
2992 694 3142 764 Θεῷ,
3193 693 3288 747 καὶ
3329 691 3397 746 τά
3433 692 3491 744 ὲν
3534 689 3772 751 τούτοις,

2189 786 2428 858 καθαρὸν
2453 789 2547 840 καὶ
2585 788 2780 859 ἡδονῆς
2822 789 3003 858 πάσης
3046 787 3248 841 ἀτόπου
3286 783 3566 852 ἀλλότριον
3602 796 3776 851 προσ-

2191 877 2346 946 άγειν
2375 877 2455 949 τῷ
2486 879 2726 934 κτίσαντι
2763 881 3014 952 καθάπερ
3047 899 3098 934 τι
3131 879 3328 949 λύτρον
3357 875 3558 944 εὐαγές
3585 890 3641 943 τε
3675 873 3775 942 καὶ

2193 969 2440 1041 ἔννομον.

501 1055 764 1133 quoniam
812 1063 1175 1124 Melchisedec
1223 1077 1442 1133 quoque
1491 1069 1601 1116 tam
1650 1078 1718 1117 ex—
1767 1069 1922 1132 parte
1973 1061 2216 1132 gentium
2269 1071 2678 1130 extranearum,
2736 1079 2898 1136 quam
2953 1080 3020 1120 ex
3075 1077 3275 1137 genere
3317 1055 3610 1115 Abrahami
3648 1066 3781 1110 esse

502 1157 814 1216 ostenditur
840 1166 1006 1228 atque
1034 1155 1326 1227 reperitur.
1371 1154 1545 1210 Porro
1577 1170 1699 1225 quae
1725 1169 1792 1209 ex
1817 1155 1935 1224 lege
1976 1152 2139 1208 llehat
2179 1155 2474 1211 aestimatio
2521 1160 2765 1230 quinque
2805 1159 3255 1214 didrachmorum
3299 1169 3398 1225 pro
3444 1161 3781 1218 unoquoque

505 1253 893 1326 primogenita,
960 1265 1058 1320 per
1089 1250 1301 1306 abditas
1330 1250 1622 1306 verborum
1689 1249 1946 1320 ambages
1999 1256 2059 1302 et
2105 1247 2391 1304 involucra
2434 1253 2745 1323 signiﬁcare
2809 1255 2969 1317 solet,
3018 1259 3274 1323 oportere
3329 1254 3784 1316 unumquemque

505 1356 755 1404 nostrum
793 1360 985 1401 omnes
1041 1359 1240 1399 sensus
1271 1341 1381 1398 Deo
1403 1343 1769 1402 sanetilicare,
1800 1352 1966 1411 atque
2009 1355 2073 1394 ea
2115 1355 2238 1409 quae
2272 1357 2369 1411 per
2399 1359 2598 1400 sensus
2631 1345 2788 1412 mmt,
2829 1361 3026 1416 purum
3055 1351 3109 1399 et
3139 1342 3207 1396 ab
3270 1340 3420 1394 omni
3481 1337 3780 1392 inhonesta

507 1441 790 1510 voluptate
845 1435 1086 1492 alienum
1132 1436 1291 1506 quasi
1347 1434 1620 1505 quoddam
1689 1430 2082 1503 redemptionis
2159 1432 2398 1501 pretium
2453 1447 2707 1491 sanctum
2759 1445 2924 1507 atque
2973 1435 3277 1507 legitimum
3357 1430 3551 1488 offerre
3607 1429 3782 1485 Crea-

510 1532 636 1588 tori.

581 1627 759 1696 Hujus
789 1624 934 1681 sacri
973 1623 1083 1679 diei
1121 1622 1247 1679 festi
1288 1635 1392 1676 nos
1422 1619 1586 1675 hodie
1638 1619 1958 1676 memoriam
1997 1634 2089 1675 ce-

2267 1614 2488 1686 Ταύτης
2515 1616 2677 1686 ἡμεῖς
2707 1616 2948 1687 σήμερον
2972 1614 3068 1685 τῆς
3103 1613 3254 1684 ἱερᾶς
3273 1611 3494 1682 τελετῆς
3517 1608 3614 1681 τὴν
3647 1609 3782 1662 ἀνά-

513 1721 812 1783 Iebramus,
859 1717 975 1771 haec
1011 1713 1257 1786 mysterii
1291 1711 1586 1783 explicatio
1623 1711 1928 1782 spiritualis
1953 1725 2085 1782 pra!-

2224 1723 2394 1779 ινησιν
2455 1707 2804 1778 ἑορτάζομεν,
2861 1707 3000 1778 αῦτη
3031 1709 3164 1778 ἡμῖν
3219 1702 3632 1776 ἡπνευματικὴ
3683 1699 3780 1752 τοῦ

516 1821 728 1866 StflllCID
783 1817 1034 1865 sanctum
1073 1815 1238 1876 atque
1277 1807 1578 1862 solemnem
1615 1813 1964 1859 conventum,
2005 1819 2098 1859 80-

515 1905 646 1973 υςὶι,
671 1919 779 1974 qua
802 1901 1171 1970 explicatione
1189 1915 1257 1953 ex
1283 1900 1402 1968 lege
1432 1897 1671 1966 quidem,
1697 1905 1754 1950 ut
1778 1897 2096 1967 apparebat,

517 2000 776 2052 Servator
812 1994 1164 2058 oll'erebatur,
1199 1992 1293 2048 sed
1327 1999 1386 2045 ut
1431 1990 1634 2061 spiritu
1675 1989 2005 2058 intelligitur
2045 1997 2097 2042 et

519 2098 698 2143 mente
747 2086 1076 2157 percipitur,
1109 2083 1384 2154 primitias
1434 2089 1641 2136 nostra:
1690 2077 2102 2149 conspersionis

522 2179 667 2234 l’atri
709 2177 947 2234 oli‘erens
996 2183 1166 2230 totam
1203 2189 1326 2230 eam
1374 2187 1589 2227 sacram
1622 2170 1907 2235 reddebat,
1948 2177 2002 2225 et
2035 2169 2101 2223 ad

520 2273 757 2328 divinam
793 2268 1129 2324 oblationem
1181 2265 1434 2319 idoneam
1483 2263 1772 2317 eﬂiciebat.
1805 2260 1921 2316 l'loc
1954 2261 2101 2315 enim

521 2368 650 2420 olim
685 2364 771 2418 lex
803 2361 1166 2433 parturiebat,
1217 2365 1272 2413 et
1312 2358 1378 2411 ad
1421 2357 1527 2411 hoc
1575 2358 1861 2426 spectabat
1897 2354 2104 2410 consti-

524 2457 661 2510 tntio
694 2453 829 2525 legis
857 2463 970 2506 tum
1011 2450 1078 2505 de
1109 2448 1513 2519 primogenitis,
1545 2456 1662 2501 tum
1697 2447 1763 2502 de
1794 2445 2104 2501 Levitarum

524 2545 995 2616 compensatione,
1044 2549 1160 2596 tum
1223 2540 1292 2594 de
1356 2538 1803 2595 didracltmorum
1865 2539 2108 2592 aestima-

527 2648 694 2697 tione.
740 2640 831 2695 Sic
860 2654 958 2710 per
977 2652 1131 2692 mare
1163 2634 1573 2705 Scripturarum
1600 2631 1906 2686 divinarum
1935 2629 2107 2698 gratia

527 2733 770 2802 Spiritus
812 2744 913 2785 nos
946 2726 1281 2783 transduxit.
1333 2722 1442 2778 Sed
1480 2721 1766 2775 videamus
1807 2718 1972 2773 etiam
2016 2717 2112 2770 ad-

529 2823 900 2878 versariorum
933 2817 1348 2874 conclusionem
1374 2822 1538 2882 atque
1558 2809 2108 2882 demonStrationem.

533 2917 607 2968 Ac
650 2914 762 2983 jam
791 2910 1010 2982 quidem
1070 2908 1333 2978 superius
1386 2905 1550 2960 nobis
1606 2912 1721 2956 tum
1771 2902 1836 2955 de
1885 2899 2110 2962 Levitis,

533 3014 649 3056 tum
705 3002 772 3056 de
813 2998 1192 3070 primogenitis
1233 3003 1345 3049 tota
1399 2991 1722 3048 constitutio
1771 2989 1906 3060 legis
1966 2998 2115 3058 pate-

2202 1797 2501 1869 μυστηρίου
2559 1796 2856 1862 ἀνάπτυξις
2913 1797 3012 1866 τὴν
3047 1793 3330 1866 παροῦσαν
3381 1791 3782 1862 συνεκρότησεν

2201 1890 2360 1959 ἁγίαν
2393 1890 2730 1960 πανήγυρινο
2761 1887 2882 1942 καθ’
2903 1889 2969 1960 ἣν
3001 1883 3242 1957 νομικῶς
3278 1884 3375 1955 μὲν
3413 1881 3721 1953 προσήγετο
3757 1880 3784 1930 ό

2201 1983 2391 2054 Σωτὴρ
2426 1981 2571 2036 κατά
2599 1980 2660 2034 τὸ
2695 1979 3038 2049 φαινόμενον,
3079 1975 3286 2048 νοητῶς
3321 1974 3378 2028 δὲ
3410 1972 3507 2027 καὶ
3534 1988 3787 2040 πνευμα-

2201 2073 2368 2136 τικῶς
2392 2072 2490 2143 τὴν
2523 2070 2775 2142 ἀπαρχὴν
2805 2068 2899 2122 τοῦ
2926 2068 3202 2140 ἡμετέρου
3228 2063 3548 2136 φυράματος
3567 2061 3651 2132 τῷ
3671 2061 3788 2114 Ila—

2201 2165 2292 2234 τρὶ
2308 2160 2694 2234 προσαγαγὼν,
2713 2159 2831 2213 ὅλον
2847 2159 2976 2212 αὐτὸ
3003 2156 3142 2228 ἱερὸν
3168 2155 3510 2221 ἀπεδείκνυε,
3534 2152 3628 2207 καὶ
3650 2150 3789 2221 πρὸς

2205 2256 2355 2310 θείαν
2386 2252 2749 2327 προσαγωγὴν
2800 2250 3125 2322 ἐπιτήδειον.
3159 2247 3340 2315 ΔΤοῦτο
3393 2247 3497 2316 γὰρ
3552 2243 3718 2299 πάλαι
3762 2245 3792 2295 ὁ

2207 2347 2369 2416 νόμος
2411 2344 2564 2397 ὢδινε
2585 2385 2598 2410 ,
2637 2344 2733 2396 καὶ
2789 2342 2927 2413 πρὸς
2959 2339 3120 2394 τοῦτο
3169 2340 3315 2412 ἑώρα
3355 2338 3390 2409 ἦ
3419 2355 3478 2391 τε
3511 2335 3642 2407 περὶ
3677 2332 3794 2386 τῶν

2209 2438 2566 2511 πρωτοτόκων
2588 2435 2876 2507 νομοθεσία
2904 2433 2997 2488 καὶ
3025 2433 3124 2505 τῆς
3150 2431 3260 2486 τῶν
3292 2429 3534 2484 Λευῖτῶν
3578 2417 3794 2480 ἀντιδόέ

2211 2549 2346 2594 σεως
2373 2530 2466 2584 καὶ
2494 2529 2589 2598 τῆς
2624 2527 2733 2583 τῶν
2771 2525 3150 2598 διδραχμάτων
3181 2522 3573 2593 συντιμήσεως.
3603 2516 3794 2578 Οὕτως

2211 2624 2359 2694 ἡμᾶς
2390 2620 2665 2674 διεϐίϐασε
2696 2619 2786 2672 διά
2812 2620 2911 2690 τῆς
2933 2617 3204 2687 θαλάττης
3225 2614 3332 2667 τῶν
3362 2611 3532 2681 ἁγίων
3559 2605 3795 2678 Γραφῶν

2213 2717 2246 2785 ἡ
2267 2715 2425 2784 χάρις
2453 2712 2546 2766 τοῦ
2591 2711 2928 2782 Πνεύματος.
2972 2707 3110 2761 Ἀλλ’
3144 2705 3375 2775 εἴδωμεν
3424 2703 3519 2758 καὶ
3550 2700 3650 2770 τὴν
3683 2697 3798 2785 τῶν

2213 2784 2473 2859 ἐναντίων
2504 2803 2812 2874 σύγκλεισίν
2851 2820 2910 2855 τε
2941 2803 3038 2856 καὶ
3065 2797 3359 2864 ἀπόδειξιν.
3386 2795 3526 2865 Ἤδη
3567 2792 3665 2863 μὲν
3703 2784 3802 2843 οῦν

2216 2898 2472 2970 ἀνωτέρω
2498 2897 2796 2968 κατάδηλος
2818 2897 2951 2966 ἡμῖν
2981 2896 3014 2964 ἡ
3045 2893 3172 2963 περὶ
3198 2890 3308 2943 τῶν
3337 2883 3578 2943 Δευῖτῶν
3611 2899 3669 2936 τε
3704 2881 3810 2936 καὶ

2219 2990 2579 3061 πρωτοτόκων
2617 2990 2767 3042 πᾶσα
2808 2985 3102 3057 νομοθεσία
3152 2981 3482 3052 γεγένηται,
3513 2975 3651 3030 ἀλλά
3702 2991 3805 3027 κα-

536 3097 680 3150 facta
711 3067 836 3149 esti
868 3091 964 3148 sed
1000 3067 1458 3160 quemadmodum
1498 3099 1728 3154 magnus
1776 3080 1989 3151 Moyses
2021 3096 2115 3149 po-

2224 3082 2326 3145 θὼς
2346 3085 2373 3136 ὁ
2405 3083 2578 3152 μέγας
2595 3080 2838 3150 Μωῠσῆς
2869 3073 3427 3150 παραθαρσύνων-τὸν
3443 3070 3566 3125 λαὸν
3603 3067 3818 3139 μηκέτιι

535 3189 725 3258 pulum
777 3186 961 3239 animo
1007 3182 1348 3238 conﬁrmans
1383 3190 1434 3234 et
1461 3178 1777 3240 adhortans,
1816 3173 2119 3227 allirmabat

539 3278 690 3331 illum
731 3274 1017 3344 Egyptios
1066 3286 1174 3326 non
1209 3269 1446 3338 amplius
1478 3267 1724 3321 visurum
1764 3280 1886 3319 esse
1908 3263 1953 3294 ⁸⁸
1995 3281 2008 3318 :
2046 3264 2120 3317 ita

538 3383 638 3437 ego
677 3380 896 3436 quoque
924 3377 1073 3417 nunc
1100 3361 1390 3431 provehor,
1423 3367 1480 3412 ut
1507 3357 1770 3427 peculiari
1795 3355 1887 3411 Dei
1919 3354 2122 3424 popqu

541 3460 740 3512 bonum
793 3453 1047 3508 nuntium
1098 3457 1409 3522 apportem,
1466 3449 1586 3503 lore
1633 3455 1694 3501 ut
1724 3462 1834 3500 non
1884 3446 2123 3516 amplius

544 3549 854 3602 umbratilis
893 3546 1080 3600 cultus
1115 3557 1388 3612 corporea
1443 3548 1626 3595 castra
1671 3539 1981 3594 videamus.
2021 3535 2122 3591 Ulli

543 3643 711 3707 enim,
767 3647 1059 3710 postquam
1105 3636 1360 3706 proditus
1394 3642 1478 3688 est
1517 3647 1750 3702 magnus
1791 3631 1883 3686 ille
1938 3629 2126 3684 Ponti-

545 3735 656 3798 l'ex,
707 3732 1020 3787 Levitarum
1062 3728 1394 3786 sacriﬁcium
1425 3727 1551 3781 est?
1601 3725 1730 3790 Ubi,
1768 3735 2124 3795 posteaquam

546 3824 788 3880 mundus
818 3823 998 3894 pretio
1025 3821 1346 3889 redemptus
1385 3827 1439 3873 et
1469 3818 1720 3886 expiatus
1764 3824 1869 3877 est,
1923 3817 2128 3884 primo-

548 3919 857 3987 genitorum
909 3912 1246 3984 computatio
1282 3918 1448 3981 atque
1477 3909 1811 3964 aestimatio?
1864 3907 1965 3962 Ubi
1999 3907 2129 3961 reli-

551 4023 786 4078 quarum
837 4006 1296 4061 caeremoniarum
1326 4003 1579 4072 legalium
1626 4010 1817 4056 exacta
1864 4001 1955 4054 illa
1987 4016 2127 4070 prte-

553 4102 782 4170 scriptio
821 4107 985 4170 atque
1034 4095 1390 4152 observatio?
1421 4093 1538 4147 Non
1588 4093 1769 4157 vides,
1805 4092 1986 4162 quoad
2023 4108 2130 4145 nox

555 4193 882 4263 ignorantia:
910 4207 997 4246 res
1039 4190 1328 4244 universas
1363 4195 1662 4255 occupatas
1696 4186 1941 4249 tenebat,
2000 4184 2132 4238 stel-

554 4288 731 4340 larum
782 4286 836 4338 in
882 4283 1105 4338 modum
1141 4281 1438 4336 obscurum
1486 4279 1802 4351 quemdam,
1857 4279 2133 4334 modicum

556 4386 720 4446 atque
759 4376 956 4430 exilem
1003 4375 1348 4444 splendorem
1385 4372 1688 4443 praebuisse
1737 4385 1885 4432 eum,
1942 4371 2035 4440 qui
2067 4385 2134 4424 ex

560 4469 693 4537 legis
731 4465 1050 4537 prtesm‘ipto
1071 4467 1254 4520 cultus
1289 4465 1658 4534 pra-stabatur
1679 4480 1696 4530 ;
1720 4461 1812 4517 sed
1846 4471 2136 4532 postquam

555 4560 785 4628 jnstitiac
815 4559 896 4612 sol
925 4565 1154 4612 exortus
1189 4565 1294 4620 est,
1324 4563 1379 4611 et
1408 4555 1593 4609 oriens
1617 4570 1684 4608 ex
1719 4553 1832 4607 alto
1862 4553 2138 4623 apparuit,

561 4659 616 4704 et
656 4650 850 4705 salutis
892 4650 1010 4703 dies
1059 4649 1260 4712 illuxit,
1298 4649 1520 4702 evanuit
1566 4646 1822 4717 legalium
1868 4646 2144 4700 constitu-

561 4745 776 4798 tionum
809 4741 898 4794 l'ax
937 4750 1234 4812 superante
1282 4739 1489 4794 lumine
1527 4739 1717 4808 gratim
1744 4737 1905 4789 victa.
1951 4735 2144 4790 Nonne

564 4840 906 4905 prostratum
936 4840 989 4886 et
1024 4832 1141 4885 solo
1175 4837 1452 4900 aequatum
1484 4829 1650 4899 jacet,
1683 4828 2144 4898 quemadmodum

565 4941 822 4995 proceres
871 4938 925 4980 et
980 4939 1208 4990 currus,~
1263 4922 1586 4992 praeclarum
1642 4919 1780 4974 illud
1849 4919 2149 4989 templum?

566 5017 758 5073 Nonne
777 5017 957 5073 omnis
982 5017 1150 5072 elatio
1181 5023 1343 5085 atque
1369 5014 1648 5084 superbia,
1673 5028 1867 5068 onmes
1894 5012 2145 5083 spiritus,

568 5127 708 5179 quos
735 5110 956 5165 nomine
981 5108 1104 5178 ejus
1151 5105 1437 5178 pontiﬁces
1470 5113 1856 5176 sumpserant,
1892 5106 2151 5161 concideo

571 5211 702 5257 runt
748 5211 912 5271 atque
949 5197 1178 5257 demissi
1207 5199 1380 5256 sunt?
1421 5199 1502 5253 An
1534 5213 1644 5254 non
1689 5197 1871 5253 omnis
1898 5198 2150 5255 demersa

575 5305 738 5364 atque
808 5289 1040 5350 centusa
1086 5301 1170 5348 est
1223 5305 1412 5347 eorum
1468 5290 1561 5345 illa
1626 5298 1736 5344 tam
1799 5291 1938 5346 bene
2001 5292 2161 5346 ordi-

577 5397 703 5441 nata
757 5394 921 5456 atque
983 5384 1286 5440 constituta
1336 5382 1525 5454 legalis
1571 5381 1919 5454 disciplina?
1965 5381 2156 5437 Nonne

580 5480 828 5534 [ntulitus
875 5479 1035 5550 periit
1067 5491 1152 5540 ea,
1191 5490 1314 5546 qua:
1364 5475 1506 5544 apud
1544 5473 1764 5531 Iudaeos
1793 5476 2030 5547 vigebat,
2069 5475 2155 5529 in-

579 5572 892 5625 stitutarum
925 5567 1385 5623 consuetudinum
1416 5567 1650 5636 diligens
1683 5576 1738 5622 et
1769 5575 2026 5622 accurata
2060 5568 2158 5622 ob-

583 5660 865 5718 scrvatio?
903 5659 1006 5714 Ubi
1049 5660 1195 5714 enim
1248 5660 1459 5715 hostias
1494 5674 1592 5729 pro
1625 5675 1799 5730 nuper
1828 5660 2006 5716 enixis
2035 5676 2156 5715 mu-

647 5847 693 5877 ”
724 5843 897 5902 Exod.
929 5864 1038 5912 xw,
1068 5847 1153 5900 13.

2219 3174 2448 3245 ὄψεσθαι
2473 3173 2598 3236 τοὺς
2624 3172 2956 3240 Αἰγυπτίους
2991 3162 3412 3223 διεδεϐαιῶσατο
3431 3180 3445 3194 ’
3479 3161 3621 3216 οὕτω
3647 3159 3810 3228 κάγὼ

2221 3269 2316 3322 νῦν
2350 3270 2662 3338 προάγομαι
2694 3264 2784 3318 τὸν
2810 3262 2901 3316 τοῦ
2924 3261 3059 3314 Θεοῦ
3084 3257 3392 3331 περιούσιον
3420 3254 3546 3308 λαὸν
3578 3252 3807 3320 εὐαγγεσ

2221 3358 2481 3424 λίζεσθαι,
2507 3357 2582 3420 ὼς
2601 3355 2783 3409 οὐκέτι
2816 3355 2912 3425 τῆς
2950 3351 3211 3414 σκιὼδους
3233 3347 3489 3420 λατρείας
3528 3345 3588 3398 τὸ
3617 3360 3813 3414 σωμα-

2221 3451 2372 3505 τικὸν
2399 3445 2756 3520 στρατόπεδον
2778 3443 3106 3515 θεασόμεθα.
3140 3440 3250 3494 Ποῦ
3280 3440 3386 3510 γὰρ
3419 3435 3558 3508 μετὰ
3582 3435 3679 3504 τὴν
3707 3451 3816 3502 φα-

2226 3539 2282 3591 νὲ
2291 3554 2452 3608 ρωσιν
2465 3535 2557 3590 τοῦ
2580 3534 2811 3605 μεγάλου
2830 3531 3154 3603 Ἀρχιερέως
3172 3532 3206 3601 ἡ
3221 3529 3327 3581 τῶν
3344 3525 3582 3581 Λευῐτῶν
3600 3527 3819 3594 ἱερουρ-

2227 3630 2357 3699 γία;
2387 3628 2497 3681 Ποῦ
2558 3624 2698 3697 μετά
2727 3623 2785 3678 τὸ
2830 3623 2921 3678 τοῦ
2969 3621 3175 3693 κόσμου
3212 3619 3507 3691 καθάρσιον
3556 3615 3748 3686 λύτρον
3776 3616 3817 3684 ἡ

2229 3723 2335 3776 τῶν
2364 3721 2724 3792 πρωτοτόκων
2743 3717 3099 3788 συντίμησις;
3135 3713 3242 3767 Ποῦ
3279 3714 3313 3783 ἡ
3331 3710 3492 3779 λοιπὴ
3519 3709 3617 3780 τῆς
3655 3723 3819 3776 νομι-

2231 3818 2332 3888 κῆς
2364 3816 2586 3885 τελετῆς
2619 3811 2906 3884 ἀκρίϐεια;
2957 3807 3068 3878 Οὐχ
3097 3807 3227 3876 ὁρᾷς
3259 3805 3340 3858 ὅτι
3373 3802 3478 3866 ’ἐως
3511 3801 3599 3853 ὅτε
3641 3800 3674 3868 ἡ
3717 3797 3822 3862 νὺξ

2229 3911 2330 3980 τῆς
2388 3907 2610 3975 ἀγνοίας
2663 3905 2881 3974 κατεῖχε
2921 3900 2992 3954 τά
3031 3899 3344 3970 σύμπαντα,
3376 3894 3620 3966 ἀστέρων
3657 3891 3824 3960 δίκην

2232 3999 2480 4071 ἁμυδρόιν
2537 4013 2661 4049 τινα
2707 3995 2801 4048 καὶ
2855 3991 3168 4062 σύμμετρον
3211 3988 3384 4055 αὐγὴν
3415 3987 3450 4055 ἡ
3478 3982 3617 4038 κατά
3651 3981 3823 4050 νόμον

2242 4094 2470 4164 παρεῖχε
2497 4089 2744 4160 λατρεία*
2776 4087 2865 4140 ὅτε
2893 4084 2951 4138 δὲ
2979 4085 3007 4136 ὁ
3036 4082 3134 4153 τῆς
3161 4077 3508 4147 δικαιοσύνης
3548 4071 3824 4127 ἀνέτειλεν

2236 4163 2406 4257 ἥλιος,
2443 4183 2601 4252 καὶὴ
2645 4179 2704 4248 ἐξ
2747 4179 2917 4248 ὕψους
2970 4173 3204 4242 ἀνατολὴ
3261 4171 3522 4240 ὲπέφανε,
3575 4165 3668 4218 καὶ
3720 4163 3827 4257 τῇς

2239 4253 2508 4348 σωτηρίας
2539 4273 2722 4345 ἡμέρα
2760 4267 3094 4338 ἐπέλαμψεν,
3131 4261 3342 4335 ἀφανὴς
3384 4262 3419 4331 ἡ
3451 4259 3558 4312 τῶν
3580 4253 3838 4348 νομικῶν

2169 4415 2217 4472 D
2241 4345 2538 4433 διατάξεων
2574 4362 2827 4436 δᾳδουχία
2858 4359 3073 4429 ἐγένετο
3110 4355 3205 4426 ,τῷ
3234 4350 3644 4424 ὑπερλάμποντι
3681 4345 3839 4414 φωτὶ·

2438 4459 2448 4472 -
2589 4456 2615 4468 η
2735 4454 2749 4472 ι
2776 4468 2937 4472 μη--
2978 4449 3088 4472 ns.-.
3126 4445 3417 4472 121..-...“
3477 4438 3729 4472 ..-θάρρη
3775 4436 3828 4472 ηε

2243 4459 2520 4531 νικωμένη
2553 4456 2653 4526 τῆς
2689 4454 2940 4525 χάριτος;
2977 4449 3092 4502 Οὐκ
3126 4445 3444 4516 ὴδάφισται,
3477 4438 3729 4508 καθάπερ
3775 4436 3830 4488 oi

2242 4551 2530 4625 τριστὰται
2578 4547 2674 4601 καὶ
2718 4545 2787 4598 τά
2831 4542 3075 4614 ἅρματα,
3137 4540 3166 4592 ὁ
3223 4533 3567 4607 περιώνυμος
3618 4531 3836 4591 ἐκεῖνος

2248 4621 2374 4710 vae;
2394 4687 2410 4712 ,
2442 4643 2540 4698 καὶ
2567 4641 2720 4694 πᾶσα
2749 4639 2782 4709 ἡ
2819 4635 2928 4690 τῶν
2967 4631 3267 4705 ἀρχιερέων
3307 4628 3392 4682 ἐπ’
3421 4624 3569 4695 αὑτῷ
3593 4621 3835 4695 μεγαλο-

2249 4738 2493 4812 φροσύνη
2524 4734 2618 4789 καὶ
2651 4732 2908 4802 ἕπαρσις;
2943 4727 3018 4779 Οὐ
3064 4725 3216 4778 πᾶσα
3260 4716 3602 4786 κατεκλύσθη
3649 4714 3838 4768 αὐτῶν

2249 4805 2342 4886 καὶ
2371 4805 2634 4898 συνεχέοη
2663 4825 2697 4894 ἠ
2726 4819 2927 4892 νομικὴ
2951 4816 3202 4881 εὐταξίας
3231 4814 3347 4869 Οὐκ
3378 4811 3546 4882 ἄρδην
3584 4805 3839 4873 ἀπόλωλε

2249 4922 2356 4978 τῶν
2388 4897 2540 4991 παρά
2575 4915 2846 4976 Ἰουδαίοις
2876 4910 3015 4964 ἐθῶν
3053 4911 3087 4980 ἡ
3114 4905 3398 4978 ἀκρίϐεια;
3440 4899 3550 4956 Ποῦ
3600 4899 3710 4969 γὰρ
3735 4897 3840 4961 τὰς

2252 5016 2445 5078 θυσίας
2492 5011 2592 5074 τάς
2631 5009 2770 5078 ὑπὲρ
2819 5003 2928 5058 τῶν
2975 4999 3282 5076 ἀρτιτόκων
3328 4992 3601 5065 γυναικῶν
3671 5006 3846 5060 προσ-

2253 5107 2533 5175 αγάγοιεν,
2583 5099 2678 5154 τοῦ
2734 5094 3125 5166 ἐκλελεγμένου
3155 5090 3321 5142 τόπου
3373 5080 3846 5175 διαπεπτωκότος,

2255 5170 2352 5256 καὶ
2377 5170 2564 5266 σαφῶς
2583 5189 2966 5264 διορισθέντος,
2992 5184 3066 5256 μὴ
3095 5181 3298 5246 ὲξεῖναι
3318 5173 3545 5246 ἑτέρωθί
3568 5189 3669 5266 που
3704 5170 3849 5266 παρ’

2255 5259 2592 5349 αὑτῶνντὰς
2651 5259 2839 5344 θυσίας
2891 5274 3296 5349 προσάγεσθαις
3349 5267 3461 5322 Ποῦ
3505 5267 3539 5336 ή
3585 5259 3854 5334 ίερατικὴ

2257 5377 2419 5447 στολή
2448 5391 2508 5426 τε
2562 5373 2656 5425 καὶ
2692 5369 2818 5436 ἀξία
2844 5365 3028 5419 καὶτὰ
3074 5360 3238 5414 λοιπά
3271 5358 3519 5433 ἅπαντας
3564 5351 3705 5406 Ἀλλ’
3757 5351 3853 5402 ἵνα

2262 5469 2336 5542 μὴ
2370 5442 2438 5522 τά
2489 5463 2611 5520 καθ’
2672 5463 2902 5516 ’ἑκαστον
2962 5454 3270 5520 διεξιόντες,
3324 5448 3578 5518 καθάπερ
3629 5442 3850 5542 νεκρῶν

2261 5535 2478 5636 συνεχεῖ
2527 5561 2710 5629 ἐπαφῇ
2761 5572 2820 5608 τε
2882 5553 2971 5610 καὶ
3027 5548 3230 5620 θεωρίᾳ
3267 5545 3330 5598 τὸ
3365 5538 3642 5636 ὅμμαῆτῆς
3661 5535 3853 5636 ψυχῆς

2261 5627 2638 5727 eumEum-6a,
2665 5627 2903 5709 ἐκείνους
2927 5645 3024 5716 μὲν
3047 5642 3297 5712 ἐάσωμεν
3323 5632 3655 5707 τεθνηκότας
3694 5627 3856 5699 παρά
