4092 6378
318 285 379 341 ﬂ
389 285 456 338 69

1461 280 1546 336 DE
1588 281 1909 338 OCCURSU
1955 282 2211 349 DOMINI,
2253 283 2403 338 ETL.

3428 296 3562 349 1170

318 402 380 453 et;
400 400 542 468 ὔδωρ
569 396 662 450 τοῦ
686 396 911 468 νομικοῦ
941 398 1264 467 γράμματος
1287 413 1299 429 ’
1334 399 1494 469 ἡμεῖς
1517 398 1574 451 δὲ
1599 398 1677 469 τῷ
1701 399 1889 467 φιλαν-

2019 402 2222 457 ieribus
2254 401 2449 455 oll'erre
2483 404 2711 471 pOSsittl,
2749 418 2871 457 cum
2913 405 3003 460 ille
3042 407 3286 465 delectus
3336 411 3401 464 ad
3441 429 3559 467 eam

320 491 522 560 θρώπῳ
577 488 695 559 Θεῷ
739 489 829 542 τὸν
880 490 1145 542 ἐπινίκιον
1192 488 1358 559 ὕμνον
1402 489 1643 559 ᾷσωμεν,
1689 490 1782 543 καὶ
1825 492 1891 560 τῇ

319 584 487 645 ὅντως
515 582 751 652 οὐρανίῳ
784 582 1080 653 τραφέντες
1106 585 1303 652 τροφῇ,
1331 583 1425 635 καὶ
1452 582 1529 653 τῷ
1556 583 1620 635 ἐκ
1646 582 1744 651 τῆς
1766 582 1896 653 ἀλη-

322 672 476 741 θινῆς
523 674 726 744 πέτρας
758 673 959 743 νάματι
1004 673 1372 739 ποτισθέντες,
1405 673 1646 743 ἔλθωμεν
1696 674 1788 726 ἐπὶ
1833 674 1895 727 τὸ

320 766 445 835 ὄρος
482 765 574 819 τοῦ
604 764 739 818 Θεοῦ
782 765 1014 835 Χωρήϐο
1064 764 1333 828 τουτέστι,
1384 764 1482 834 τὴν
1534 763 1744 836 ὑψηλὴν
1800 764 1894 819 τοῦ

321 853 655 923 Εὐαγγελίου
706 853 1084 918 διδασκαλίαν,
1111 853 1197 906 ῐνα
1252 856 1319 924 τῇ
1378 855 1531 925 φωνῇ
1585 852 1692 906 τῶν
1737 853 1896 907 θείων

324 945 658 1015 σαλπίγγων,
684 946 794 1009 τοϊς
816 945 1023 1015 ῥήμασι
1044 943 1138 997 τοῦ
1169 944 1438 1016 μακαρίου
1458 946 1640 999 Λουκᾶ
1667 944 1765 1015 τὴν
1789 944 1897 997 έσω

323 1038 492 1108 ἀκοὴν
540 1036 936 1107 προσϐάλωμεν
968 1075 983 1100 ,
1037 1035 1286 1106 καθάπερ
1342 1035 1402 1100 ἐξ
1466 1036 1638 1104 ἁγίων
1689 1035 1898 1088 ἀδύτων

326 1128 553 1196 βοῶντος
573 1129 670 1197 τῆς
717 1127 1101 1197 μυσταγωγίας
1130 1126 1223 1180 τοῦ
1254 1126 1592 1196 Πνεύματος·
1630 1127 1740 1182 Καὶ
1771 1126 1898 1196 ἐγέ-

323 1234 460 1271 νετο
501 1219 582 1284 ὠς
608 1216 1009 1287 ἐπλήσθησαν
1037 1219 1098 1271 αἱ
1133 1216 1343 1286 ἡμέραι
1371 1217 1478 1271 τοῦ
1524 1216 1898 1285 καθαρισμοῦ

324 1309 540 1371 αὐτῶν,
581 1304 885 1377 ἀνήγαγον
926 1310 981 1361 ol
1030 1306 1226 1376 γονεῖς
1266 1307 1332 1361 τὸ
1367 1306 1607 1360 παιδίον
1656 1304 1899 1373 Ἰησοῦν

323 1397 709 1467 παραστῆσαι
728 1396 807 1461 τῷ
837 1397 1047 1464 Κυρίῳ,
1076 1396 1270 1462 καθὼς
1296 1396 1614 1465 γέγραπται
1646 1396 1717 1448 ἐν
1739 1395 1900 1465 νόμῳ

325 1491 567 1557 Κυρίου,
600 1490 689 1543 ὅτι
720 1488 847 1544 Πᾶν
882 1489 1071 1557 ἄρσεν
1100 1488 1404 1558 διανοῖγον
1434 1489 1687 1557 μήτραν,
1733 1487 1900 1555 ἅγιον

327 1581 403 1646 τῷ
446 1581 638 1649 Κυρίῳ
681 1580 1077 1647 κληθήσεται·
1132 1580 1231 1633 καὶ
1270 1580 1376 1634 τοῦ
1429 1578 1641 1634 δοῦναι
1681 1580 1902 1635 θυσίαν

324 1672 477 1726 κατὰ
505 1673 571 1726 τὸ
604 1671 916 1741 εἰρημένον
946 1672 1015 1724 ἐν
1057 1672 1216 1739 νόμῳ
1242 1671 1483 1738 Κυρίου,
1524 1669 1727 1738 ζεῦγος
1762 1686 1899 1735 τρυ-

1995 508 2108 548 rem
2163 493 2317 546 locus
2366 492 2585 547 dirutus
2635 502 2797 563 atque
2841 498 3118 567 collapsus
3163 502 3256 563 sit,
3287 508 3341 555 et
3379 512 3564 571 aperte

1996 582 2201 637 dictum
2245 584 2336 644 sit,
2381 599 2489 637 non
2535 585 2698 639 licere
2746 587 2801 639 in
2845 588 3031 658 aliquo
3062 591 3168 645 alio
3204 592 3327 646 loco
3358 594 3566 645 hostias

2000 674 2068 727 ab
2107 674 2173 729 iis
2209 672 2391 728 oﬂ‘erri
2418 675 2500 727 ’9?
2536 674 2635 729 Ubi
2682 677 3034 737 sacerdotalis
3068 682 3158 735 illa
3188 683 3348 744 stola.
3394 691 3447 737 et
3487 684 3563 736 di-

1998 766 2199 836 gnitas,
2260 775 2315 822 et
2360 768 2541 821 omnia
2584 769 2834 840 reliqua?
2871 770 3070 827 Verum
3123 789 3193 829 ne
3253 776 3565 845 singulatim

2000 859 2182 911 omnia
2212 869 2620 927 persequentes,
2674 861 2837 915 sicuti
2880 871 3224 919 mortuorum
3256 867 3447 920 crebra
3489 880 3569 918 at-

2001 950 2329 1005 trectatione
2360 958 2523 1020 atque
2554 951 2896 1021 inspectione
2918 955 3084 1009 animi
3109 957 3271 1010 oculo
3300 964 3563 1011 terrorem

2000 1036 2401 1106 ingeneremus,
2455 1038 2581 1093 illos
2607 1040 2823 1109 quidem
2859 1042 3105 1097 sinamus
3134 1055 3381 1099 mortuos
3412 1044 3563 1114 juxta

2000 1141 2197 1195 aquam
2231 1127 2424 1183 littera:
2463 1129 2687 1199 legalis:
2718 1145 2818 1185 nos
2864 1140 3043 1188 autem
3075 1132 3312 1204 benigno
3347 1133 3457 1188 Deo
3490 1134 3569 1186 vi-

2000 1220 2189 1271 ctoriae
2215 1233 2438 1273 carmen
2472 1230 2525 1273 et
2574 1221 2832 1292 hymnum
2865 1238 3149 1288 canamus,
3199 1232 3253 1279 et
3297 1240 3419 1279 vere
3458 1240 3571 1278 ca:-

2000 1308 2125 1363 lesti
2167 1309 2291 1362 cibo
2317 1309 2529 1373 nutriti,
2556 1317 2609 1365 et
2637 1327 2703 1366 ex
2728 1326 2855 1366 vera
2887 1321 3040 1383 petra
3063 1313 3385 1384 proﬂuentis
3419 1329 3573 1384 aqua:

2002 1406 2131 1467 potu
2162 1398 2374 1463 refecti,
2408 1402 2693 1457 veniamus
2738 1402 2804 1455 ad
2841 1414 3076 1457 montem
3115 1405 3205 1459 Dei
3237 1405 3471 1468 (ihoreb,
3519 1404 3570 1457 id

2002 1499 2107 1554 est,
2151 1492 2218 1545 ad
2264 1493 2431 1545 altam
2476 1492 2749 1563 Evangelii
2786 1495 3119 1560 doctrinam,
3169 1504 3227 1548 ut
3262 1496 3379 1548 voci
3429 1496 3572 1549 divi-

2006 1598 2197 1636 narum
2242 1584 2522 1649 tubarum,
2550 1586 2734 1641 verbis
2764 1587 3021 1640 nimirum
3051 1587 3195 1641 beati
3224 1586 3384 1641 Luca:
3414 1588 3573 1640 inter-

2006 1690 2104 1728 nas
2129 1690 2290 1729 aures
2320 1676 2730 1740 admoveamus,
2751 1686 3008 1746 tanquam
3032 1693 3096 1732 ex
3120 1680 3295 1732 sacris
3318 1678 3494 1748 adytis
3520 1688 3573 1730 et

327 1763 537 1830 γόνων,
575 1761 613 1829 ἣ
638 1760 747 1815 δύο
778 1758 1074 1825 νεοσσοὺς
1105 1758 1487 1826 περιστερῶν.
1522 1758 1630 1812 Καὶ
1668 1756 1794 1810 ίδοὺ
1820 1752 1898 1825 ἦν

2011 1767 2379 1836 penetralibus
2414 1782 2586 1822 sacra:
2622 1768 2885 1822 doctrina:
2912 1768 3136 1836 spiritus
3163 1769 3449 1822 clamantis
3478 1769 3521 1799 ³⁸
3558 1787 3569 1821 :

326 1854 634 1921 ἄνθρωπος
659 1854 729 1905 ἐν
761 1850 1167 1920 Ἰερουσαλὴμ,
1186 1842 1233 1917 ᾧ
1255 1849 1441 1918 ὄνομα
1461 1848 1723 1918 Συμεὼν,
1744 1848 1840 1900 καὶ
1868 1850 1905 1902 ὁ

320 1943 634 2012 ἅνθρωπος
663 1939 840 2007 οὗτος
864 1943 1092 2008 δίκαιος
1136 1942 1231 1996 καί
1261 1940 1544 2009 εὐλαϐὴς,
1582 1940 1905 2009 προσδεχό⁴

323 2051 507 2102 μενος
563 2032 947 2102 παράκλησιν
1005 2033 1111 2086 τοῦ
1181 2032 1424 2099 Ἰσραήλ
1448 2047 1462 2062 ·
1516 2032 1615 2083 καί
1666 2030 1905 2099 Πνεῦμα

326 2124 500 2192 ἅγιον
524 2120 603 2193 ἦν
626 2126 719 2177 ἐπ’
748 2124 925 2189 αὐτῷ,
959 2123 1055 2177 καὶ
1097 2122 1175 2195 ἥν
1231 2123 1390 2188 αὐτῷ
1444 2122 1907 2191 κεχρηματισμέ-

328 2232 440 2268 νον
458 2215 578 2269 ὑπὸ
608 2214 714 2269 τοῦ
739 2216 1082 2283 Πνεύματος
1096 2214 1202 2268 τοῦ
1226 2214 1419 2284 ἁγίου,
1437 2213 1523 2282 μὴ
1550 2212 1697 2266 ἰδεῖν
1728 2213 1906 2266 θάνα-

329 2323 456 2369 τον,
488 2306 630 2373 πρὶν
662 2303 738 2359 ἂν
772 2305 868 2375 ιδῃ
890 2306 998 2360 τὸν
1035 2304 1294 2374 Χριστὸν
1340 2306 1561 2371 Κυρίου
1605 2305 1673 2357 ἐν
1701 2303 1901 2371 σαρκί,

328 2400 423 2451 καί
460 2394 645 2467 ἦλθεν
690 2397 759 2451 ἐν
786 2397 866 2463 τῷ
890 2398 1185 2467 Πνεύματι
1229 2396 1315 2459 είς
1356 2395 1421 2447 τὸ
1462 2396 1639 2462 ἱερόν.
1674 2395 1738 2446 Τί
1765 2396 1902 2458 ἐστι,

328 2488 817 2557 Προσδεχόμενος
850 2490 1231 2556 παράκλησιν
1269 2487 1375 2541 τοῦ
1420 2488 1695 2556 Ἰσραήλ;
1742 2486 1908 2541 Τουτ-

328 2583 495 2643 ἐστιν,
528 2580 810 2650 ἀναμένων
857 2579 954 2649 τὴν
995 2579 1300 2649 φανέρωσιν
1341 2580 1438 2648 τῆς
1478 2578 1765 2648 ἀληθείας,
1815 2580 1908 2631 καὶ

328 2674 428 2738 τὴν
458 2670 592 2740 πρὸς
629 2669 832 2739 ταύτην
850 2668 944 2721 τοῦ
978 2669 1309 2739 Ἰσραηλίτου
1338 2668 1467 2721 λαοῦ
1494 2669 1601 2721 ἀπὸ
1627 2669 1725 2738 τῆς
1756 2686 1908 2739 νομιη

330 2765 432 2832 κῆς
468 2765 624 2825 σκιᾶς
660 2762 1070 2832 μεταχώρησιν·
1116 2763 1207 2814 ἐπὶ
1244 2762 1322 2830 τῷ
1372 2760 1639 2829 ἀφεθέντα
1667 2761 1763 2813 τοῦ
1805 2761 1910 2813 ὑπὸ

330 2854 398 2905 τὰ
457 2855 695 2921 στοιχεῖα
727 2851 820 2903 τοῦ
851 2851 1055 2920 κόσμου
1086 2847 1222 2902 εἶναι
1242 2850 1320 2919 τῷ
1342 2850 1439 2919 τῆς
1478 2850 1734 2919 ἀληθείας
1766 2866 1910 2901 στοι-

330 2942 477 3013 χειοῦ
490 2942 605 2994 σθαι
636 2941 1014 3009 διδασκαλείῳ,
1047 2942 1141 2993 καὶ
1190 2942 1255 3010 τῇ
1291 2943 1407 2992 κατ’
1430 2941 1600 3010 αὐτὴν
1650 2941 1910 3011 καταρτί-

332 3030 516 3096 ζεσθαι
547 3030 862 3098 τελειότητι.
894 3029 1027 3083 Οὐδὲ
1050 3030 1159 3097 γὰρ
1191 3028 1256 3082 ἂν
1287 3030 1399 3099 ἔχοι
1429 3046 1511 3093 τις
1538 3031 1732 3092 εἰπεῖν,
1756 3031 1831 3093 ὡς
1853 3029 1911 3082 ὲν

2007 1859 2071 1911 Et
2106 1859 2308 1926 factum
2341 1869 2442 1923 est,
2475 1876 2593 1912 cum
2625 1859 2826 1925 impleti
2857 1870 3026 1913 essent
3052 1859 3162 1913 dies
3184 1862 3572 1928 puriﬁcationis

2003 1967 2201 2013 eorum,
2239 1950 2575 2004 adduxerunt
2625 1960 2867 2018 parentes
2916 1951 3146 2016 puellum
3174 1948 3378 2011 Iesum,
3422 1962 3477 2003 ut
3510 1954 3576 2003 si-

2004 2050 2199 2095 sterent
2231 2052 2279 2093 et
2329 2041 2628 2094 exhiberem
2671 2056 2789 2092 eum
2846 2040 3093 2103 Domino,
3147 2042 3279 2093 sicut
3322 2042 3573 2106 scriptum

2004 2143 2080 2185 est
2144 2133 2195 2183 in
2252 2132 2359 2201 lege
2412 2131 2666 2185 Domini:
2711 2130 2877 2185 Omne
2936 2134 3285 2185 masculinum
3339 2134 3575 2198 aperient

2007 2228 2233 2283 vulvam,
2289 2232 2529 2275 sanctum
2570 2223 2792 2276 Domino
2849 2222 3137 2285 rocabitur,
3192 2233 3237 2275 et
3286 2234 3336 2273 ut
3392 2222 3581 2274 daren:

2008 2316 2253 2378 hostium,
2278 2324 2431 2382 prout
2459 2316 2658 2366 dictum
2691 2324 2766 2366 est
2797 2315 2848 2365 in
2878 2314 2985 2382 lege
3019 2313 3247 2375 Domini,
3282 2329 3379 2380 par
3408 2323 3580 2366 turtu-

2009 2424 2125 2459 rum
2150 2414 2239 2459 aut
2262 2406 2393 2458 duos
2423 2406 2595 2472 pullos
2627 2405 3011 2459 columbarum.
3048 2403 3114 2455 Et
3138 2420 3252 2457 ecce
3284 2404 3441 2457 homo
3466 2416 3577 2456 erat

2007 2496 2353 2565 Jerosolymis
2384 2496 2467 2547 cui
2499 2512 2683 2549 nomen
2724 2505 2837 2548 erat
2882 2495 3117 2556 Simeon,
3146 2504 3196 2547 et
3232 2495 3276 2547 is
3302 2494 3456 2548 homo
3483 2494 3580 2561 jn-

2008 2598 2121 2642 stus
2149 2598 2194 2641 et
2228 2589 2522 2657 religiosus,
2557 2596 2864 2655 exspectans
2893 2587 3310 2641 consolationem
3338 2585 3603 2641 Israelis.«

2009 2688 2057 2731 et
2093 2677 2321 2744 Spiritus
2353 2687 2568 2729 sanctus
2599 2687 2713 2730 erat
2746 2678 2800 2729 in
2832 2692 2913 2742 eo,
2948 2686 2996 2729 et
3030 2677 3303 2729 oraculum
3333 2677 3381 2729 ei
3413 2674 3584 2729 reddi-

2010 2769 2160 2822 derat
2213 2767 2443 2835 Spiritus
2495 2776 2710 2820 sanctus
2764 2782 2881 2819 eum
2931 2783 3035 2819 non
3080 2768 3314 2819 visurum
3366 2775 3581 2817 mortem

2010 2860 2318 2927 priusquam
2359 2859 2572 2911 vidisset
2622 2856 2891 2911 Christum
2934 2857 3150 2910 Domini
3204 2858 3257 2910 in
3311 2872 3488 2917 carne,
3534 2866 3582 2908 et

2012 2951 2148 3003 venit
2170 2949 2420 3003 instinctu
2444 2947 2673 3015 Spiritus
2696 2948 2749 3000 in
2778 2948 3045 3015 templum.
3078 2946 3218 3013 Quid
3250 2956 3331 3002 est
3362 2947 3415 3001 id
3438 2948 3581 3015 quod

2013 3036 2165 3100 dicit,
2201 3034 2524 3104 Exspectans
2572 3035 2983 3089 consolationem
3015 3034 3284 3091 Israelis?
3324 3033 3438 3089 Hoc
3477 3044 3583 3093 est.

332 3122 631 3192 δυσπαθείᾳ
670 3121 837 3174 ὄντων
878 3120 986 3173 τῶν
1022 3120 1310 3181 Ἰουδαίων,
1342 3121 1437 3173 καὶ
1466 3122 1521 3173 ὲν
1565 3120 1908 3190 αἰχμαλωσίᾳ

2014 3136 2342 3196 exspectans
2370 3126 2500 3180 dum
2528 3124 2822 3180 manifesta
2855 3126 3007 3180 ﬁeret
3031 3126 3254 3189 veritas,
3294 3132 3348 3179 et
3375 3124 3443 3178 ab
3474 3140 3587 3178 um-

330 3214 439 3277 τινί
465 3213 864 3283 κατεχομένων,
890 3212 990 3282 τὴν
1014 3211 1219 3265 τούτων
1241 3212 1538 3283 ἀνάκτησιν
1561 3214 1653 3266 καὶ
1691 3212 1829 3284 πρὸς
1850 3212 1912 3265 τὸ

332 3303 564 3374 εὔθυμον
592 3306 685 3356 καὶ
734 3305 958 3375 ἀρχαῖον
988 3304 1242 3358 ἐπάνοδον
1270 3303 1541 3374 ἐξεδέχετο
1558 3322 1570 3335 ο
1609 3304 1787 3372 πάσης
1815 3305 1913 3357 αὑ-

330 3399 443 3459 τιὶς
474 3397 572 3465 τῆς
601 3396 833 3460 παλαιᾶς
880 3395 1169 3466 συνηθείας
1214 3396 1637 3466 εὐνομουμένης,
1680 3397 1774 3449 καί
1816 3394 1911 3448 τοῦ

334 3486 463 3539 ναοῦ
497 3487 747 3552 ἑστῶτος,
788 3488 881 3539 καὶ
908 3486 1017 3539 τῶν
1047 3487 1105 3539 ὲν
1136 3486 1284 3557 αὐτῷ
1328 3486 1527 3539 θυσιῶν
1561 3486 1910 3557 προσαγομέο

333 3595 459 3642 νων,
500 3580 595 3630 καὶ
632 3578 814 3648 πάσης
867 3578 1061 3647 ἐτέρας
1092 3578 1362 3649 ἰδιωτικῆς
1404 3577 1481 3649 τῷ
1521 3578 1668 3646 γένει
1730 3578 1913 3632 αὐτῶν

337 3670 688 3740 ὑπαρχούσης
713 3670 992 3734 πολιτείας
1020 3670 1465 3740 πεφυλαγμένης.

2014 3216 2116 3270 bra
2152 3214 2311 3286 legali
2363 3216 2430 3269 ad
2468 3230 2587 3269 eam
2632 3214 2865 3284 populus
2917 3214 3250 3269 lsraeliticus
3304 3213 3583 3275 transiret,

2015 3315 2076 3361 ut
2095 3306 2359 3361 dimissus
2388 3306 2454 3360 ab
2472 3320 2535 3360 ea
2566 3305 2929 3374 subjectione,
2962 3318 3068 3373 qua
3089 3304 3375 3358 elementis
3398 3304 3584 3357 tuendi

2012 3398 2285 3452 obnoxius
2310 3404 2450 3459 erat,
2498 3395 2747 3451 veritatis
2781 3396 3177 3449 elementorum
3209 3392 3461 3449 doctrina
3501 3394 3586 3447 in-

2015 3489 2373 3552 stitueretur,
2445 3488 2674 3557 ejusque
2732 3485 3067 3556 perfectione
3136 3484 3583 3539 concinnaretur.

2018 3577 2206 3648 Neque
2229 3578 2377 3632 enim
2406 3576 2586 3631 dicere
2632 3577 2756 3646 quis
2789 3583 2989 3647 potest,
3029 3590 3150 3630 cum
3180 3572 3351 3647 Judaei
3404 3588 3590 3627 versa-

2019 3677 2209 3726 rentur
2238 3669 2293 3722 in
2320 3684 2555 3724 maerore
2581 3677 2745 3738 atque
2775 3668 3071 3724 atilictione
3106 3675 3160 3722 et
3198 3666 3251 3720 in
3276 3667 3590 3757 captivitate

335 3759 517 3830 aliqua
542 3762 939 3828 detinerentur,
987 3761 1139 3814 illum
1174 3761 1370 3814 horum
1412 3761 1911 3831 recuperationem,
1949 3768 2004 3817 et
2035 3762 2089 3816 in
2122 3761 2416 3831 pristinum
2448 3761 2629 3814 locum
2665 3768 2718 3815 et
2756 3769 2962 3815 statum
3034 3759 3461 3818 restitutionem.
3526 3774 3590 3810 ac

337 3855 572 3911 reditum
616 3854 683 3908 ad
729 3853 899 3907 animi
955 3853 1407 3923 tranquillitatem
1480 3861 1643 3923 atque
1695 3854 1943 3907 lit-titiam
2014 3863 2407 3923 exspectasse:
2454 3853 2657 3921 quippe
2688 3867 2812 3906 cum
2844 3865 3037 3905 onmes
3070 3851 3150 3905 illi
3196 3849 3406 3918 antiqui
3449 3850 3591 3901 ritus

338 3950 497 4005 abiis
524 3955 672 4003 recte
694 3956 749 4001 et
771 3945 927 4016 juxta
956 3945 1091 4015 legis
1114 3945 1430 4014 praescripta
1461 3946 1909 4009 observarentur,
1945 3953 2001 4001 et
2031 3947 2292 4014 templum
2329 3953 2520 4009 staret,
2563 3956 2617 3998 et
2654 3950 2934 3998 consuetae
2981 3943 3038 3996 in
3078 3955 3145 3997 eo
3185 3941 3377 3995 hostiae
3435 3940 3590 3995 offer-

337 4050 548 4102 rentur,
590 4037 948 4107 reliquusque
999 4037 1247 4106 privatus
1294 4043 1473 4091 status
1516 4038 1695 4107 gentis
1726 4051 1917 4091 eorum
1952 4035 2248 4090 incolumis
2280 4040 2615 4089 servaretur.

408 4135 469 4186 Et
498 4133 554 4186 δὲ
576 4131 637 4185 τὸ
657 4132 762 4184 ὑπὸ
791 4130 1095 4200 Ῥωμαίους
1128 4130 1330 4193 αὐτοὺς
1364 4126 1501 4183 εἶναι
1524 4130 1908 4200 προϐάλλεται,

338 4225 434 4278 καὶ
466 4224 526 4277 τδ
564 4223 891 4277 καθεστάναι
929 4221 1023 4274 τὸν
1056 4220 1298 4292 Ἡρώδην
1341 4221 1560 4291 βασιλέα
1619 4222 1717 4291 τῆς
1779 4222 1913 4273 Ἰου-

2086 4126 2242 4193 Quod
2293 4127 2337 4180 si
2385 4125 2511 4195 quis
2558 4123 2815 4194 proponit
2852 4136 2950 4179 eos
2983 4120 3235 4178 subditos
3279 4118 3453 4175 fuisse
3482 4117 3592 4174 Ro-

2016 4220 2215 4283 manis,
2252 4226 2307 4273 et
2337 4216 2638 4281 Herodem,
2686 4215 2779 4285 qui
2828 4228 3031 4285 genere
3073 4211 3378 4284 alienigena
3421 4220 3592 4278 esset,

336 4315 491 4378 δαίας
523 4313 816 4381 ἀλλόφυλον
846 4313 906 4365 τὺ
945 4313 1099 4379 γένος
1146 4313 1480 4382 ὑπάρχοντα·
1531 4312 1846 4379 γινωσκέτω
1885 4312 1908 4363 ὁ

2020 4327 2199 4379 regem
2222 4309 2422 4365 Iudaeae
2458 4309 2827 4364 constitutum
2858 4306 3057 4372 fuisse,
3094 4306 3142 4361 is
3162 4305 3365 4375 cogitet
3385 4304 3593 4359 idcirco

338 4405 595 4469 τοιοῦτος,
619 4404 694 4465 ὼς
726 4403 876 4456 οὐδὲν
909 4402 1059 4472 παρά
1082 4402 1240 4458 τοῦτο
1268 4406 1300 4471 ή
1325 4401 1467 4455 κατά
1490 4404 1653 4472 νόμον
1674 4403 1916 4454 πολιτεία

342 4495 755 4565 παρεϐλάπτετο
801 4496 865 4547 ὲκ
913 4493 1007 4546 τοῦ
1052 4493 1160 4546 ὑπὸ
1199 4493 1517 4556 ἀλλοεθνοῦς
1571 4494 1662 4545 τὸν
1707 4494 1917 4565 Ἰσραὴλ

344 4586 741 4655 βασιλεύεσθαι,
769 4584 908 4637 ὥστε
939 4583 1039 4654 τὴν
1069 4584 1199 4653 περὶ
1218 4582 1413 4636 τούτου
1442 4583 1790 4654 παράκλησιν
1826 4584 1917 4635 τὸν

341 4678 547 4731 δίκαιον
593 4675 903 4747 πρεσϐύτην
942 4675 1278 4745 ἐκδέχεσθαι.
1344 4676 1453 4729 Καὶ
1499 4676 1607 4747 γάρ
1646 4674 1917 4747 διαφόρως

346 4768 682 4839 συμϐέϐηκε,
724 4769 974 4838 καθάπερ
1027 4769 1148 4821 τινὰ
1201 4767 1466 4837 στασιώδη
1498 4768 1613 4820 υἱὸν
1666 4768 1770 4821 ὑπὸ
1823 4766 1918 4820 τοῦ

344 4859 550 4928 πατρὸς
580 4859 840 4928 αὐστηρῷ
879 4875 983 4911 τινι
1012 4857 1341 4927 παιδαγωγῷ
1372 4858 1506 4929 πρὸς
1544 4858 1919 4935 σωφρονισμὸν

344 4948 713 5019 παραδοθῆναι
732 4987 746 5011 ,
786 4947 928 5000 οὕτω
972 4948 1063 5001 τὸν
1106 4947 1321 5019 Ἰσραὴλ
1351 4948 1608 5010 πολλάκις
1632 4947 1736 5001 ὑπὸ
1766 4946 1920 5016 βασι-

344 5040 493 5093 λείαν
536 5038 786 5107 γενέσθαι
837 5038 1149 5106 ἀλλόφυλον.
1183 5039 1290 5092 Καὶ
1320 5038 1470 5109 δηλοί
1498 5040 1531 5108 ἡ
1568 5040 1625 5091 ὲν
1661 5039 1921 5108 Αἰγύπτῳ

342 5132 437 5186 τοῦ
463 5131 591 5186 λαοῦ
615 5133 708 5185 ἐπὶ
744 5132 992 5185 πλεῖστον
1024 5132 1146 5184 ὅσον
1164 5131 1433 5202 διατριϐὴ,
1471 5131 1564 5185 καὶ
1588 5133 1616 5183 ό
1639 5132 1923 5202 προφήτης

354 5223 625 5293 Ἱερεμίας
654 5224 712 5275 ὲν
739 5226 853 5286 τοῖς
881 5224 1091 5293 χρόνοις
1131 5223 1377 5275 Σεδεκίου
1410 5223 1499 5275 τοῦ
1551 5222 1813 5292 βασιλέως
1858 5223 1923 5275 ἐκ

348 5315 490 5368 θείου
519 5316 940 5388 προστάγματος
964 5314 1098 5384 πρὸς
1114 5315 1276 5367 αὐτόν
1310 5331 1370 5367 τε
1402 5315 1495 5367 καὶ
1521 5314 1612 5368 τὸν
1645 5314 1735 5365 ὑπ’
1760 5312 1923 5366 αὐτοῦ

349 5406 472 5461 λαδν
493 5409 894 5478 διαλεγόμενος,
926 5407 1031 5459 ὑπὸ
1054 5406 1114 5458 τὸ
1149 5406 1423 5475 σκῆπτρον
1456 5405 1551 5457 τοῦ
1591 5404 1926 5475 Ναϐουχοδο-

352 5500 522 5570 νόσωρ
572 5500 838 5567 γενέσθαι,
902 5498 991 5553 καὶ
1032 5498 1421 5569 προσχωρῆσαι
1473 5500 1583 5560 τοῖς
1618 5497 1922 5559 Χαλδαίοις.

432 5677 474 5706 η
506 5671 658 5728 llcut.
697 5688 791 5736 xu,
825 5674 876 5727 ὓ.
955 5675 997 5705 ³η
1043 5672 1175 5727 Luc.
1212 5688 1269 5738 ιι,
1303 5671 1372 5723 ‘2').
1409 5688 1528 5740 sqq.

2017 4404 2155 4456 nihil
2220 4401 2382 4472 legali
2456 4399 2628 4455 statui
2705 4398 2953 4453 nocitum
3008 4406 3064 4452 et
3130 4394 3592 4451 ineommodatum

2018 4494 2209 4557 fuisse,
2241 4493 2387 4563 quod
2419 4492 2656 4562 populus
2686 4490 3023 4546 Israelitieus
3061 4487 3130 4543 ab
3158 4487 3390 4542 diversae
3419 4485 3595 4555 gentis

2013 4601 2145 4654 rege
2193 4585 2608 4654 gubernabatur
2634 4621 2651 4647 ,
2685 4589 2746 4635 ut
2776 4580 2899 4651 ejus
2933 4580 3013 4635 rei
3052 4579 3238 4649 justus
3284 4578 3378 4633 ille
3426 4592 3593 4633 senex

2019 4678 2451 4732 consolationem
2495 4682 2862 4746 exspectaret.
2905 4672 3120 4726 Etenim
3152 4670 3388 4725 diversis
3419 4669 3596 4722 modis

2021 4769 2247 4839 contigit
2286 4776 2367 4833 ut,
2404 4774 2667 4837 tanquam
2700 4766 2847 4821 ﬁlius
2880 4764 3183 4821 seditiosus
3214 4768 3268 4817 et
3303 4769 3593 4815 contumax

2026 4876 2055 4913 a
2099 4868 2251 4929 patre
2292 4873 2487 4929 aSpero
2518 4867 2681 4928 atque
2729 4870 2923 4911 severo
2961 4854 3127 4907 alicui
3159 4850 3455 4923 paedagogo
3482 4856 3595 4901 trao

2026 4952 2176 5005 ditur
2219 4952 2272 5004 iu
2318 4950 2669 5019 disciplinam
2720 4946 3062 5003 coercendus
3106 4952 3161 4999 et
3214 4938 3595 5010 castigandus.

2030 5043 2103 5095 ita
2138 5042 2475 5101 lsraeliticus
2509 5041 2748 5110 populus
2775 5053 2920 5108 sape
2945 5044 3176 5092 externo
3215 5047 3384 5103 regno
3408 5028 3597 5097 subjuc

2030 5145 2268 5203 garetur.
2298 5133 2473 5198 Quam
2507 5148 2621 5187 rem
2644 5132 2853 5186 indicat
2884 5130 3033 5183 illius
3062 5126 3248 5197 populi
3280 5126 3336 5178 in
3364 5121 3598 5191 Egypto

2028 5242 2193 5295 quam
2248 5224 2561 5279 diutissima
2611 5220 3005 5281 commoratio,
3052 5226 3107 5272 et
3154 5214 3412 5286 propheta
3445 5210 3598 5266 Jere-

2032 5315 2171 5371 mlas
2213 5314 2557 5384 temporibus
2607 5310 2846 5366 Sedecia!
2873 5310 3018 5379 regis
3051 5309 3211 5378 jussu
3256 5306 3442 5359 divino
3474 5318 3598 5357 cum

2039 5407 2107 5461 ad
2135 5407 2289 5459 illum
2314 5406 2515 5475 ipsum,
2538 5412 2653 5457 tum
2687 5402 2752 5455 ad
2786 5402 3069 5471 populum,
3093 5400 3186 5469 qui
3218 5398 3340 5467 ejus
3373 5396 3598 5466 imperio

2043 5497 2299 5553 subditus
2360 5503 2514 5560 erat,
2567 5493 2731 5548 verba
2784 5493 2990 5547 faciens
3053 5489 3193 5543 dixit
3234 5487 3350 5541 fore
3387 5492 3446 5539 ut
3495 5482 3596 5537 sub
