4092 6378
505 257 634 319 “7|

1703 259 1758 313 S.
1794 257 2122 316 Gltl-LGORII
2159 263 2448 320 NYS-E.\'I

3614 288 3752 344 “72

502 387 777 443 sceptrum
802 373 1360 434 Nabuchodonosoris
1387 373 1785 448 redigerentur,
1819 389 1873 433 et
1902 378 2052 434 Chal-

2174 381 2247 432 Οὑ
2275 381 2437 450 μόνον
2469 384 2525 437 δὲ
2546 383 2766 451 τούτους
2792 387 2975 454 ἀξίους
2998 392 3344 461 καθεστῶτας
3373 397 3751 470 πληκτικωτές-

500 465 633 525 uaris
681 468 1098 522 dederentur“.
1143 468 1257 524 Non
1316 471 1496 524 solum
1553 479 1736 524 autem
1787 471 1925 538 hos,
1976 475 2070 542 qui

499 558 783 614 acerbiore
844 559 972 613 vita:
1008 559 1328 627 conditione
1370 560 1521 631 digni
1578 560 1842 628 fuerunt,
1892 564 2072 620 alieno

499 657 723 719 sceptro
761 651 960 720 subjici
1017 667 1126 714 non
1177 659 1296 705 erat
1350 653 1592 708 alienum
1642 673 1655 708 :
1707 660 2069 714 verumetiam

495 741 675 806 justos
711 743 1029 810 nonnullos,
1059 743 1262 817 quibus
1298 745 1537 800 mundus
1565 747 1767 817 dignus
1790 764 1898 804 non
1929 761 2068 817 erat,

500 840 560 884 ut
591 847 746 885 more
775 831 929 885 Pauli
963 832 1239 901 loquar”,
1279 843 1338 889 ut
1362 835 1580 891 illorum
1618 839 1794 909 pietas
1831 842 2071 912 insignis

498 924 851 977 vehementer
887 924 1152 991 eluceret,
1194 942 1304 982 non
1333 929 1697 1000 imperantes,
1730 934 1823 988 sed
1868 934 2070 990 barba-

497 1029 682 1067 rorum
738 1022 792 1070 et
845 1015 1137 1084 impiorum
1186 1020 1470 1075 hominum
1526 1023 1759 1093 imperio
1788 1025 2071 1096 subjectos

497 1105 592 1160 llei
623 1106 822 1162 lenitas
853 1106 1053 1168 ell‘ecit.
1097 1111 1274 1180 Atque
1317 1113 1369 1166 id
1413 1115 1496 1168 vel
1525 1115 1805 1172 Abraham
1842 1119 2071 1176 demon-

499 1207 675 1263 Strat,
712 1199 806 1268 qui
851 1200 904 1254 in
937 1199 1174 1272 Egypto
1208 1202 1330 1268 fuit,
1367 1207 1456 1259 cui
1511 1207 1754 1276 (ibidem
1786 1212 2067 1281 versanti)

495 1305 636 1345 uxor
673 1307 702 1345 a
739 1291 1030 1350 Pharaone
1069 1295 1319 1368 adempta
1345 1301 1508 1366 est”,
1546 1301 1640 1371 qui
1672 1304 1727 1358 in
1773 1312 1918 1360 terra
1963 1308 2066 1362 sibi

494 1384 770 1452 promissa
793 1393 1056 1456 tanquam
1089 1389 1396 1460 inquilinus
1422 1394 1686 1450 habitavit
1721 1415 1734 1450 :
1769 1397 2069 1469 itidemque

497 1476 664 1545 hujus
701 1477 864 1542 ﬁlius,
911 1486 966 1533 et
993 1479 1143 1535 illius
1175 1483 1417 1549 soboles,
1449 1485 1696 1541 lsaacum
1741 1489 1868 1544 dico
1895 1499 1949 1546 et
1975 1490 2067 1545 Ja-

497 1569 720 1626 cobum.
750 1585 813 1624 ac
833 1585 1029 1628 rursus
1059 1572 1209 1628 illius
1235 1576 1582 1633 castissimus
1603 1587 1657 1632 et
1682 1579 2067 1652 integerrimus

497 1659 643 1713 lilius
684 1657 886 1730 Ioseph
913 1702 926 1725 ,
961 1663 1053 1731 qui
1092 1679 1286 1724 servus
1321 1666 1501 1723 lactus
1531 1679 1649 1735 est,
1683 1681 1736 1726 et
1772 1673 1836 1725 ad
1875 1689 2065 1729 carce-

493 1765 610 1804 rem
642 1752 1042 1809 condemnatus
1071 1754 1254 1810 fuit”.
1281 1756 1550 1822 Quocirca
1578 1762 1799 1830 sapiens
1839 1762 2061 1820 Simeon

493 1859 603 1898 non
655 1859 774 1904 eam
824 1844 1040 1902 lsraelis
1078 1849 1533 1916 consolationem,
1593 1869 1714 1922 qua:
1761 1854 1826 1908 ad
1864 1855 2060 1912 bonam

497 1937 694 1991 famam
722 1943 777 1992 et
819 1937 1280 1995 existimationem
1317 1957 1685 2015 magnamque
1716 1948 1946 2017 gloriam
1980 1959 2065 2004 at-

495 2043 603 2097 que
659 2028 1008 2098 splendorem
1066 2033 1401 2100 pertineret,
1457 2039 1844 2112 opperiebatur
1895 2063 1908 2098 :
1957 2048 2051 2099 sed

493 2117 676 2185 reipsa
710 2132 895 2173 veram
923 2157 938 2181 ,
978 2134 1175 2189 nempe
1199 2121 1602 2179 traductionem
1643 2128 1709 2181 ad
1751 2129 2061 2198 pulchritu-

491 2205 675 2261 dinem
718 2207 984 2262 veritatis.
1029 2208 1165 2262 Nam
1199 2225 1325 2265 cum
1368 2213 1654 2269 oraculum
1692 2219 1740 2272 ei
1783 2220 2058 2277 redditum

490 2305 639 2354 esset
671 2297 790 2353 fore
821 2306 880 2351 ut
917 2309 1207 2369 antequam
1239 2319 1268 2358 e
1298 2305 1409 2358 vita
1448 2306 1710 2376 migraret
1730 2348 1744 2371 ,
1775 2310 2060 2367 Christum

489 2386 708 2442 Domini
739 2389 966 2452 videret,
1005 2393 1371 2460 spiritualiter
1395 2399 1759 2466 exspectabat
1796 2409 1856 2454 ut
1893 2401 2058 2457 simul

491 2481 677 2552 populi
713 2496 929 2550 quoque
960 2482 1292 2557 (Israelitici)
1338 2489 1644 2543 consolatio
1672 2493 1963 2548 exsisteret
1995 2511 2058 2550 ac

490 2571 960 2628 manifestaretur.
1013 2573 1160 2628 Venit
1204 2578 1365 2646 igitur
1408 2579 1491 2632 hic
1532 2581 1787 2636 instinctu
1827 2584 2058 2652 Spiritus

488 2663 542 2717 in
579 2664 860 2733 templum.
913 2675 962 2718 et
999 2665 1123 2719 dum
1177 2668 1485 2723 inducerent
1535 2684 1778 2739 parentes
1825 2678 2058 2744 puellum

487 2753 694 2821 Iesum,
729 2767 784 2810 ut
816 2759 1051 2825 {iacerent
1077 2764 1239 2831 juxta
1271 2779 1465 2818 morem
1505 2777 1813 2822 consuetum
1849 2785 1915 2823 ea:
1950 2771 2059 2839 lege

485 2860 584 2914 pro
620 2865 700 2908 eo,
748 2851 866 2918 ipse.
903 2868 1104 2920 quoque
1143 2857 1341 2923 accepit
1388 2873 1506 2910 eum
1536 2859 1589 2911 in
1628 2861 1783 2915 ulnas
1825 2879 1973 2929 suas,
2008 2873 2057 2916 et

489 2938 726 3012 laudavit
775 2940 976 3007 Deum,
1033 2961 1094 2998 ac
1139 2945 1274 3000 dixit
1305 2963 1323 3000 :
1360 2951 1512 3002 Nunc
1562 2950 1788 3007 dimittis
1850 2971 2056 3008 servum

2178 490 2276 542 ρας
2307 475 2600 548 διαγωγῆς,
2634 480 2914 556 ἀλλοφύλῳ
2949 488 3215 558 σκήπτρῳ
3262 489 3626 562 ὑποτετάχθαι
3649 496 3751 548 οὐκ

2172 559 2241 633 ἦν
2266 567 2517 631 ἀπεικός·
2555 570 2667 623 ἀλλ’
2696 572 2795 643 ἤδη
2822 576 2916 628 καὶ
2939 577 3049 631 τῶν
3075 577 3301 632 δικαίων
3339 559 3638 656 τινάςξκαὶ
3671 578 3750 638 ὧν

2173 657 2273 708 οὐκ
2309 653 2376 729 ἦν
2427 659 2574 725 ἄξιος
2601 663 2645 729 *ὁ
2689 665 2914 733 κόσμος,
2951 670 3091 722 κατὰ
3135 653 3358 725 Παῦλον
3395 673 3599 741 εἰπεῖν,
3649 678 3750 731 οὐκ

2173 745 2457 817 ἄρχοντας,
2488 751 2603 804 ἀλλ’
2632 753 2966 824 ἀρχομένους
2993 759 3096 812 ὑπὸ
3128 760 3417 834 βαρϐάρων
3444 763 3537 817 καὶ
3573 767 3750 820 ἀθέων

2173 837 2379 909 ἀνδρῶν
2413 843 2446 910 ή
2477 841 2569 895 τοῦ
2592 843 2726 898 Θεοῦ
2755 849 3104 920 μακροθυμία
3135 854 3451 923 παρέδειξεν
3474 873 3489 888 ·
3519 855 3659 910 ὥστε
3686 859 3748 914 τὸ

2172 927 2272 997 τῆς
2290 930 2569 997 εὐσεϐείας
2588 935 2767 991 αὐτῶν
2785 938 3005 1011 δόκιμον
3033 943 3267 1014 ἰσχυρῶς
3295 945 3742 1019 διαφανήσεσθαι.

2172 1020 2283 1072 Καὶ
2313 1021 2581 1080 δείκνυσιν
2625 1027 2654 1079 ὃ
2681 1045 2739 1080 τε
2781 1029 3029 1102 Ἀϐραὰμ
3059 1035 3116 1086 ὲν
3148 1035 3408 1108 Αἰγύπτῳ
3434 1040 3742 1111 γενόμενος,

2172 1112 2266 1163 καὶ
2310 1111 2408 1183 τὴν
2450 1119 2683 1182 γυναῖκα
2713 1119 2817 1172 ὑπὸ
2850 1121 2943 1174 τοῦ
2967 1123 3165 1193 Φαραὼ
3191 1127 3610 1198 ἀφαιρούμενος,
3649 1135 3744 1187 καὶ

2172 1202 2231 1255 ἐν
2284 1206 2545 1278 παροικίᾳ
2591 1209 2688 1280 τὴν
2737 1213 3149 1286 ἐπηγγελμένην
3203 1219 3350 1289 αὐτῷ
3407 1221 3510 1291 γῆν
3555 1222 3739 1275 οἰκῶν.

2183 1292 2453 1359 Ὡσαύτως
2487 1314 2546 1350 τε
2585 1300 2613 1351 ὁ
2647 1301 2834 1355 τούτου
2873 1304 3005 1368 υἱὸς,
3053 1308 3146 1359 καὶ
3177 1309 3386 1363 ἐκείνου
3430 1311 3613 1378 γόνος,
3649 1313 3743 1366 τὸν

2185 1385 2372 1439 Ἰσαάκ
2406 1405 2547 1459 φημι
2573 1390 2665 1444 καὶ
2696 1393 2786 1445 τὸν
2827 1395 3040 1459 Ἰακὼϐ,
3075 1395 3230 1462 αὖθίς
3250 1417 3310 1452 τε
3339 1403 3368 1454 ὀ
3406 1402 3613 1456 ἐκείνου
3638 1421 3742 1456 σω-

2171 1478 2537 1548 φρονέστατος
2579 1487 2707 1547 παῖς
2749 1485 2963 1557 Ἰωσὴφ,
2985 1489 3168 1552 δοῦλος
3200 1492 3510 1562 γενόμενος,
3546 1495 3640 1547 καὶ
3677 1495 3741 1548 τὸ

2169 1569 2543 1642 δεσμωτήριον
2574 1577 2742 1630 οἰκεῖν
2766 1578 3272 1651 καταδικαζόμενος.
3299 1583 3507 1637 Οὐκοῦν
3541 1585 3602 1640 οὐ
3642 1584 3741 1656 τὴν

2169 1663 2248 1723 εἰς
2292 1664 2561 1737 κοσμικὴν
2598 1667 2837 1734 εὐδοξίαν
2881 1689 2939 1724 τε
2986 1674 3079 1726 καὶ
3127 1674 3495 1746 μεγαλαυχίαν
3555 1677 3738 1746 παρὰ-

2097 1731 2140 1788 B
2170 1753 2362 1826 κλησιν
2394 1731 2488 1809 τοῦ
2517 1731 2753 1831 ⁷Ἰσραὴλ
2771 1763 2800 1814 ὁ
2839 1763 2998 1832 σοφὸς
3027 1731 3250 1835 Συμεῶν
3271 1731 3574 1836 ὲξεᾶχετο·
3603 1731 3738 1822 ἀλλά

2165 1848 2264 1917 τὴν
2308 1848 2476 1914 ὅντως
2523 1851 2722 1923 ἀληθῆ,
2753 1854 2850 1925 τὴν
2881 1856 2962 1919 είς
3000 1857 3062 1910 τὸ
3101 1857 3204 1924 τῆς
3243 1858 3502 1929 ἀληθείας
3545 1857 3740 1922 κάλλος

2169 1941 2476 2010 μετάθεσιν.
2511 1943 2990 2015 Χρηματισθέντος
3019 1947 3128 2019 γὰρ
3172 1948 3320 2018 αὐτῷ
3353 1949 3459 2019 πρὸ
3493 1949 3590 2020 τῆς
3640 1949 3736 2002 τοῦ

2167 2032 2280 2100 βίου
2315 2033 2656 2106 μεταλλαγῆς
2704 2036 2831 2089 ἰδεῖν
2885 2037 2976 2092 τὸν
3013 2038 3248 2109 Χριστὸν
3270 2038 3476 2108 Κυρίου
3515 2057 3736 2094 συνανα-

2167 2123 2521 2192 φανήσεσθαι,
2566 2125 2952 2196 πνευματικῶς
2990 2125 3088 2196 τὴν
3123 2126 3216 2180 τοῦ
3239 2127 3370 2180 λαοῦ
3394 2127 3736 2200 παράκλησιν

2163 2212 2458 2285 ἐξεδέχετο.
2510 2211 2726 2272 Ἦλθεν
2761 2214 2875 2272 οὖν
2919 2213 3095 2284 οὗτος
3127 2219 3196 2272 ὲν
3221 2217 3302 2283 τῷ
3326 2220 3623 2287 Πνεύματι
3646 2223 3735 2286 εὶς

2163 2304 2230 2358 τὸ
2270 2307 2448 2372 ἱερὸν,
2493 2309 2590 2361 καί
2631 2308 2700 2362 ἐν
2743 2309 2824 2375 τῷ
2855 2309 3195 2379 εἰσαγαγεῖν
3249 2310 3392 2377 τοὺς
3437 2310 3632 2380 γονεῖς
3667 2311 3736 2364 τὸ

2163 2395 2403 2450 παιδίον
2431 2399 2690 2465 Ἰησοῦν,
2715 2401 2822 2453 τοῦ
2850 2400 3100 2469 ποιῆσαι
3130 2403 3279 2456 κατὰ
3304 2402 3370 2456 τὸ
3396 2402 3735 2472 εἰθισμένον

2161 2488 2269 2542 τοῦ
2304 2490 2491 2558 νόμου
2521 2492 2653 2558 περὶ
2687 2492 2895 2556 αὐτοῦ,
2934 2492 3035 2546 καί
3065 2494 3245 2559 αὐτὸς
3268 2492 3512 2558 ἐδέξατο
3547 2495 3736 2548 αὐτὸν

2160 2582 2247 2647 εις
2274 2580 2379 2645 τὰς
2410 2581 2680 2651 ἀγκάλας
2705 2584 2913 2648 αὑτοῦ,
2954 2583 3052 2637 καί
3086 2586 3424 2655 εὐλόγησεν
3451 2586 3556 2639 τὸν
3585 2585 3733 2639 Θεὸν

2161 2672 2258 2725 καί
2282 2667 2453 2726 εἶπεν
2471 2687 2484 2701 ⁵
2511 2674 2642 2728 Νῦν
2659 2675 2946 2742 ἀπολύεις
2974 2677 3081 2729 τὸν
3103 2675 3330 2731 δοῦλόν
3347 2693 3483 2742 σου,
3507 2677 3729 2731 Δέσπο-

2160 2779 2252 2827 τα,
2300 2764 2450 2816 κατὰ
2489 2763 2555 2817 τὸ
2607 2764 2774 2834 ῥῆμά
2817 2783 2934 2820 σου
2980 2767 3050 2820 ἐν
3097 2769 3346 2836 εἰρήνῃ·
3377 2769 3466 2822 ὅτι
3482 2764 3646 2822 εἶδον
3677 2771 3732 2822 οἱ

2160 2855 2455 2924 ὀφθαλμοί
2501 2874 2620 2926 μου
2652 2857 2718 2910 τὸ
2771 2859 3086 2926 Σωτήριον,
3121 2859 3153 2914 ὃ
3207 2860 3540 2930 ἡτοίμασας
3580 2860 3732 2914 κατὰ

2161 2931 2505 3014 πρόσωπον(
2533 2948 2776 3002 πάντων
2825 2949 2943 3002 τῶν
2983 2949 3166 3014 λαῶν,
3201 2949 3326 3020 φῶς
3363 2954 3452 3018 εὶς
3503 2951 3728 3007 dar/xci-

489 3037 658 3093 tuum,
705 3029 969 3096 Domine,
1015 3037 1300 3090 secundum
1335 3039 1544 3094 uerbum
1587 3051 1731 3096 tuum
1783 3045 1838 3098 in
1891 3063 2052 3115 pace:

2157 3040 2349 3105 λυψιν
2384 3038 2575 3092 ἐθνῶν
2613 3040 2713 3093 καὶ
2761 3040 2950 3105 δόξαν
2983 3041 3136 3096 λαοῦ
3180 3058 3297 3097 σου
3358 3043 3622 3111 Ἰσραήλ.
3659 3038 3731 3095 Ὦ

487 3122 613 3192 quia
641 3122 881 3178 viderunt
919 3127 1062 3179 oculi
1102 3130 1202 3182 mei
1232 3127 1485 3184 Salutare
1511 3173 1526 3191 .
1572 3135 1714 3203 quod
1757 3142 1967 3206 parasti
2002 3142 2055 3194 in

487 3220 764 3278 conspectu
807 3215 1042 3268 omnium
1087 3218 1424 3285 populorum,
1465 3223 1637 3277 lumen
1681 3227 1749 3278 ad
1775 3229 2055 3282 revelatio-

487 3315 603 3354 nem
628 3305 862 3370 gentium
887 3345 902 3369 ,
946 3314 996 3358 et
1039 3306 1264 3375 gloriam
1291 3310 1456 3378 plebis
1495 3321 1599 3365 (me
1636 3314 1970 3372 Israeliticae.
2009 3319 2053 3374 Ο

487 3406 614 3449 verc
650 3392 805 3448 beate
843 3404 1034 3465 terque
1075 3398 1228 3453 beate
1283 3416 1449 3456 senex
1481 3403 1493 3455 !
1528 3403 1702 3469 Quam
1733 3406 1930 3463 beatus
1963 3410 2052 3464 ille

488 3493 616 3540 tuus
649 3500 839 3541 revera
877 3501 1037 3542 sacer
1081 3488 1135 3542 in
1177 3483 1397 3544 sacrum
1434 3492 1714 3560 introitus,
1754 3513 1849 3567 per
1888 3517 2047 3568 (luem

483 3575 551 3626 ad
599 3575 723 3628 vitae
767 3577 975 3630 exitum
1027 3579 1328 3634 currehas!
1362 3582 1538 3648 Quam
1585 3584 1732 3638 beati
1773 3589 1915 3641 oculi
1970 3592 2048 3644 tui

481 3662 648 3716 animi
672 3664 834 3719 simul
852 3675 904 3720 et
931 3668 1214 3737 corporis!
1239 3669 1304 3722 Hi
1329 3671 1575 3739 quidem,
1600 3675 1743 3743 quod
1774 3677 2047 3732 visibilem

480 3748 878 3816 apparitionem
924 3749 1022 3806 Dei
1069 3767 1437 3824 perceperunt
1468 3777 1482 3812 :
1515 3759 1592 3813 illi
1621 3775 1766 3827 vero,
1801 3766 1894 3834 qui
1937 3783 2044 3824 non

479 3835 530 3890 id
557 3835 702 3905 quod
730 3837 949 3894 videtur
986 3841 1334 3900 solummodo
1380 3846 1563 3902 intuiti
1603 3860 1752 3914 sunt,
1795 3855 1889 3909 sed
1927 3856 2054 3924 ipso

479 3925 721 3996 Spiritus
749 3928 956 3986 lumine
987 3931 1268 3999 illustrati,
1315 3936 1480 3991 etiam
1523 3939 1577 3992 in
1610 3954 1839 4011 corpore
1875 3943 2041 4000 Deum

475 4016 701 4072 verbum
726 4033 1085 4090 agnoverunt,
1110 4025 1203 4094 qui
1230 4025 1476 4084 divinum
1500 4031 1738 4087 salutare
1766 4034 2040 4106 viderunt,

477 4108 623 4178 quod
665 4116 917 4178 paratum
962 4123 1080 4168 erat
1121 4125 1247 4171 ante
1298 4116 1492 4174 faciem
1532 4124 1775 4178 omnium
1809 4129 2039 4198 populo-

473 4215 618 4257 rum.
651 4201 823 4269 Quam
855 4204 1026 4262 beatae
1068 4212 1175 4263 tua:
1207 4224 1404 4282 manus
1428 4251 1444 4277 ,
1483 4230 1607 4282 quae
1640 4214 1881 4274 Verbum
1914 4221 2041 4277 vitae

472 4295 993 4348 conlreClaVerunH
1026 4294 1196 4359 Quam
1220 4296 1374 4355 beata
1405 4309 1495 4355 tua
1525 4303 1726 4374 lingua,
1755 4322 1876 4377 qua:
1905 4310 2040 4366 vivi-

2163 3129 2396 3197 μακάριε
2447 3128 2660 3200 ἀληθῶς
2712 3129 2806 3183 καὶ
2861 3132 3223 3208 τρισμακάριε
3269 3132 3598 3204 πρεσϐῦται
3640 3133 3728 3196 Ὡς

2160 3220 2405 3290 μακαρία
2435 3237 2528 3272 σου
2567 3221 2750 3290 ἐκείνη
2781 3223 2814 3292 ή
2847 3222 3015 3286 ὅντως
3050 3224 3168 3293 ἱερᾶ
3210 3225 3291 3287 είς
3325 3223 3387 3277 τὸ
3437 3223 3578 3294 ἱερὸν
3623 3222 3728 3274 είσ-

2154 3311 2294 3374 οδος,
2322 3310 2388 3364 δι’
2423 3306 2490 3382 ἧς
2523 3312 2657 3380 πρὸς
2693 3310 2790 3382 τὴν
2824 3312 2918 3365 τοῦ
2947 3313 3061 3383 βίου
3097 3314 3270 3381 ἔξοδον
3315 3317 3548 3387 ἔδραμες
3577 3318 3590 3369 l
3637 3317 3726 3380 Ὠς

2156 3401 2400 3472 μακάριά
2429 3419 2520 3454 σου
2547 3401 2614 3455 τὰ
2647 3402 2869 3472 δμματα
2900 3405 2998 3474 τῆς
3029 3404 3207 3476 ψυχῆς
3242 3407 3378 3478 ὁμοῦ
3409 3408 3502 3461 καὶ
3539 3406 3726 3478 σώμα-

2151 3494 2278 3555 τοςι
2334 3493 2415 3546 Τὰ
2459 3494 2557 3564 μὲν
2603 3495 2702 3566 τῆς
2749 3497 2949 3568 ὁρατῆς
3007 3499 3322 3568 θεοφανείας
3356 3502 3413 3552 ἐν
3446 3499 3724 3571 ἀντιλήψει

2151 3584 2420 3655 γενόμενα
2439 3603 2453 3616 ·
2483 3585 2553 3639 τὰ
2586 3586 2643 3640 δὲ
2679 3588 2754 3658 μὴ
2787 3588 2922 3660 πρὸς
2945 3587 3008 3642 τὸ
3028 3589 3302 3660 ὁρώμενον
3329 3591 3587 3646 ἀπιδόντα
3627 3591 3725 3660 μό-

2150 3693 2259 3741 νον,
2308 3675 2423 3729 ἀλλ’
2468 3676 2618 3747 αὑτῷ
2655 3677 2736 3748 τῷ
2794 3678 2888 3732 τοῦ
2930 3680 3241 3751 Πνεῦματος
3296 3683 3724 3754 κατηυγασμένα

2149 3768 2308 3836 φωτὶ,
2343 3768 2548 3821 καὶτὸν
2573 3771 2632 3823 ὲν
2663 3770 2742 3840 τῷ
2769 3771 2982 3840 σώματι
3007 3772 3138 3825 Θεὸν
3157 3773 3331 3842 Λόγον
3356 3775 3719 3846 γνωρίσαντα,

2145 3859 2215 3910 τὰ
2232 3858 2293 3911 τὺ
2315 3859 2454 3913 θεῖον
2482 3861 2658 3914 εἰδότα
2695 3863 2979 3933 σωτήριον,
3006 3863 3067 3917 τὺ
3089 3865 3230 3918 κατὰ
3263 3866 3551 3936 πρόσωπον
3584 3868 3720 3922 πάν-

2143 3967 2253 4003 των
2291 3951 2400 4004 τῶν
2437 3951 2582 4006 λαῶν
2635 3953 3055 4024 ἡτοιμασμένον.
3088 3955 3175 4020 Ὧς
3215 3958 3489 4029 μακάριαί-
3527 3976 3616 4012 σου
3658 3961 3720 4013 αι

2144 4042 2324 4110 χεῖρες
2350 4041 2408 4093 αἱ
2429 4041 2529 4102 τὸν
2545 4041 2718 4110 Λόγον
2739 4044 2841 4112 τῆς
2869 4042 3015 4114 ζωῆς
3035 4043 3428 4117 ψηλαφήσασαι
3453 4048 3466 4100 ι
3503 4048 3590 4112 Ὦς
3614 4065 3716 4119 μα-

2143 4130 2313 4201 καρία
2351 4149 2445 4184 σου
2479 4134 2512 4203 ή
2545 4133 2759 4201 γλῶττα
2783 4137 2817 4207 ἡ
2863 4136 2962 4208 τὴν
2991 4136 3330 4207 ἀποκάλυψιν
3353 4138 3447 4192 τοῦ
3485 4139 3712 4204 ζωτικοῦ

2142 4222 2316 4292 φωτὸς
2351 4223 2816 4298 εὐαγγελισαμένη
2845 4227 2858 4280 !
2890 4228 3000 4282 Καὶ
3025 4228 3078 4282 τί
3125 4229 3190 4282 ἄν
3233 4246 3317 4284 σοι.
3337 4230 3457 4284 καθ’
3486 4231 3714 4284 ἕκαστον

2140 4315 2249 4368 τῶν
2283 4315 2458 4386 μελῶν
2506 4317 2687 4381 ίδικῶς
2714 4317 2974 4390 ἁρμόζειν
3015 4321 3305 4391 ἐπείγομαι
3339 4321 3580 4386 ἔπαινον,
3611 4321 3712 4393 ἢδη

472 4379 558 4434 ﬁci
595 4382 818 4440 luminis
867 4384 1091 4447 revelati
1126 4387 1330 4442 bonum
1390 4393 1641 4449 nuntium
1692 4395 2029 4469 divulgavit!

2148 4423 2205 4458 σε
2241 4379 2362 4460 ὅλον
2389 4379 2678 4461 ἐπαινετὸν
2713 4379 2806 4464 κᾶἑ
2837 4379 3125 4481 μακάριον,
3149 4379 3247 4464 ὶωὶι
3273 4411 3351 4482 τῷ
3381 4413 3521 4485 ἁγίῳ

469 4473 550 4530 Ac
583 4475 715 4544 quid
759 4476 1075 4546 singulatim
1120 4496 1220 4550 per
1268 4487 1702 4557 unumquodque
1732 4495 2033 4550 membrum

470 4565 686 4620 laudem
719 4568 1136 4626 accommodare
1161 4573 1258 4628 tibi
1294 4573 1513 4641 festino,
1561 4595 1686 4634 cum
1725 4581 1838 4650 jam
1876 4595 2034 4642 antea

476 4664 532 4710 te
569 4665 742 4712 totum
772 4661 1101 4718 laudabilem
1132 4672 1188 4716 ct
1225 4665 1440 4719 beatum
1488 4684 1792 4740 sanctoque
1826 4673 2031 4745 Spiritu

467 4758 777 4818 correptum
801 4754 1135 4823 evangelista
1180 4755 1428 4816 docuerit
1450 4760 1480 4814 ‘2.
1507 4758 1611 4815 Sed
1641 4765 1783 4828 veni,
1814 4781 1848 4820 ο
1878 4768 2032 4825 beate

466 4839 661 4907 Pater,
698 4857 790 4908 ea,
821 4859 943 4909 qua:
971 4844 1026 4898 in
1063 4854 1115 4901 te
1143 4857 1364 4902 resonat
1391 4849 1634 4918 Spiritus
1661 4859 2031 4926 suggestione,

466 4940 520 4984 et
560 4932 702 4987 ﬁlios
739 4933 1002 4990 Ecclesia;
1031 4936 1286 4996 alumnos
1317 4939 1456 5001 doce
1487 4949 1746 5014 tanquam
1795 4949 1849 5002 in
1886 4955 2034 5008 vasis

466 5024 748 5089 testaceis,
795 5027 986 5094 paucis
1022 5029 1131 5084 tuis
1179 5032 1360 5090 verbis
1401 5034 1781 5094 absconditum
1812 5040 2035 5099 thesau-

464 5128 585 5167 rum
620 5131 633 5166 :
667 5117 1119 5188 quandoquidem
1147 5121 1214 5174 ad
1242 5137 1341 5181 vos
1367 5126 1648 5196 vestrique
1674 5130 1905 5198 similes,
1933 5137 2031 5205 qui

463 5206 671 5262 canitie
723 5209 910 5278 superi
977 5227 1176 5268 sensus
1234 5222 1289 5268 et
1357 5218 1670 5274 intellectus
1719 5227 1941 5288 ornati,
1977 5238 2033 5282 ct

464 5308 652 5350 revera
685 5301 1064 5375 πρεσϐύτεροι,
1097 5306 1150 5360 id
1171 5317 1273 5369 est,
1308 5309 1554 5365 seniores
1575 5314 1732 5375 estis,
1755 5323 1812 5369 et
1841 5315 2029 5373 Eccle-

463 5385 560 5438 sia:
608 5383 798 5441 Patres
851 5395 1224 5461 appellamini,
1259 5396 1479 5452 divinus
1516 5417 1698 5456 sermo
1738 5421 1838 5459 nos
1877 5407 2031 5464 ducit

464 5488 527 5532 ut
569 5479 840 5536 salutares
864 5486 1145 5540 doctrinas
1181 5487 1483 5556 discamus,
1518 5489 1799 5564 Interroga
1825 5509 2028 5563 patrem

2147 4513 2276 4564 ματι
2307 4495 2535 4566 κάτοχον
2559 4497 2650 4551 τοῦ
2679 4498 3060 4568 εὐαγγελιστοῦ
3088 4501 3501 4571 προδιδάξαντος
3519 4521 3534 4569 ;
3550 4503 3712 4558 Ἀλλά

2143 4585 2322 4656 δεῦρο,
2357 4579 2402 4639 ὦ
2462 4588 2698 4657 μακάριε
2731 4589 2932 4659 Πάτερ,
2975 4591 3043 4659 τῇ
3087 4591 3145 4642 ὲν
3194 4591 3280 4643 σοὶ
3312 4592 3587 4661 ὐπηχήσει
3613 4592 3707 4646 τοῦ

2138 4677 2452 4749 Πνεύματος
2509 4678 2715 4743 δίδαξον
2770 4679 2846 4742 ὡς
2901 4679 3064 4734 τέκνα
3123 4681 3220 4752 τῆς
3260 4681 3588 4752 Ἐκκλησίας,
3639 4683 3710 4737 τὰ

2140 4769 2430 4840 θρέμματα
2479 4770 2570 4822 τὸν
2600 4770 3090 4842 ἀποκεκρυμμένον
3117 4771 3408 4844 θησαυρὸν,
3455 4774 3707 4846 καθάπερ

2138 4864 2195 4913 ὲν
2242 4861 2580 4937 ὀστρακίνοις
2631 4861 2850 4915 σκεύεσι
2900 4866 3009 4926 τοῖς
3047 4864 3248 4933 ὀλίγοις
3290 4883 3382 4918 σου
3429 4867 3702 4937 ῥήμασιν·

2135 4951 2368 5023 ἐπείπερ
2395 4934 2528 5022 προς
2557 4953 2701 5023 ὑμᾶς
2727 4970 2788 5016 τε
2831 4954 2924 5006 καὶ
2972 4955 3097 5018 τοὺς
3131 4955 3250 5010 καθ’
3285 4934 3516 5027 ὑμᾶς-τῇ
3546 4957 3705 5028 πολιᾷ

2135 5041 2234 5111 τῆς
2270 5042 2382 5096 ἄνω
2429 5043 2739 5114 φρονήσεως
2773 5045 3217 5116 κεκοσμημένους
3261 5047 3353 5100 καὶ
3407 5047 3704 5118 πρεσϐυτέ-

2137 5152 2263 5206 ρους
2293 5135 2457 5199 ὅντως
2480 5136 2841 5208 ὑπάρχοντας,
2872 5138 2965 5191 καὶ
2987 5139 3084 5208 τῆς
3111 5139 3433 5208 Ἐκκλησίας
3451 5141 3703 5212 Πατέρας

2138 5247 2241 5300 χρη
2251 5248 2355 5300 ματ
2363 5230 2572 5294 ἱζοντας
2579 5271 2592 5291 ι
2607 5233 2635 5284 ὁ
2646 5230 2786 5294 θεῖος
2799 5234 2944 5301 ἡμᾶς
2955 5233 3136 5304 ὁδηγεῖ
3146 5233 3302 5302 λόγος
3317 5232 3699 5306 μαθητευ[σ]οο

2140 5320 2332 5390 μένους
2381 5319 2450 5372 τὰ
2507 5319 2823 5390 σωτηριώδη
2878 5321 3201 5392 διδάγματα,
3270 5323 3700 5393 Ἐπερώτησον,

2135 5409 2329 5474 λέγων,
2359 5407 2468 5461 τὸν
2493 5409 2716 5477 πατέρα
2743 5425 2858 5465 σου
2881 5427 2897 5444 °
2929 5412 3029 5465 καὶ
3072 5413 3393 5480 ἀναγγελεῖ
3421 5430 3521 5469 σοι
3557 5413 3697 5479 τοὺς

2133 5498 2572 5568 πρεσϐυτέρους
2599 5518 2736 5567 σου,
2767 5502 2865 5556 καὶ
2887 5503 3094 5571 ἐροῦσί
3118 5518 3235 5560 σοι.

465 5585 630 5638 tuum.
664 5579 940 5649 inquiens,
969 5593 1018 5636 et
1057 5588 1392 5640 annuntiabit
1431 5591 1544 5656 tibi,
1588 5595 1812 5648 seniores
1865 5607 2001 5662 tuos,
2041 5609 2089 5653 et
2125 5599 2295 5651 dicent
2326 5597 2420 5650 tibi
2449 5598 2512 5651 ³⁵.

519 5691 575 5724 ’³³
602 5689 711 5747 .ler.
748 5696 982 5762 xxxrv,l
1021 5715 1140 5770 sqq.
1216 5701 1257 5732 “
1283 5703 1420 5758 Heb-
1457 5720 1530 5771 XI,
1561 5706 1647 5761 ὗες

1745 5706 1786 5740 ³⁸
1815 5706 1949 5764 Gen.
1994 5726 2087 5777 xu,
2130 5712 2218 5768 E20.
2299 5712 2341 5745 ³⁸
2375 5710 2511 5766 Gen.
2543 5711 2840 5776 xxxrx,20.
2918 5713 2961 5745 ³⁸
2984 5713 3141 5770 Deut.
3182 5730 3354 5784 χχιιι,
3388 5717 3438 5770 7.
