4092 6378
391 269 399 273 ·
450 250 581 306 1175

1588 243 1676 297 DE
1713 240 2039 299 occunsu
2082 241 2342 310 nouum,
2388 242 2541 297 era.

3551 248 3685 301 H71

525 368 585 419 'll
624 366 720 434 τὴν
751 364 958 418 ἐκείνου
989 368 1272 435 τοιγαροῦν
1310 362 1553 431 γλῶτταν
1596 364 1861 434 κινήσασα
1887 364 2009 417 τότε

2185 362 2376 433 Igitur,
2416 378 2537 431 (IlliB
2583 362 2735 416 illius
2773 369 2905 415 tunc
2959 362 3205 432 linguam
3251 364 3421 416 mmit
3454 364 3518 415 ad
3551 363 3690 415 (livi—

444 458 577 528 πρὸς
628 455 907 523 θεολογίαν
950 453 1045 508 τοῦ
1093 454 1407 525 Πνεύματος
1462 452 1710 522 δύναμις,
1757 453 1851 506 καὶ
1888 455 2017 523 ήμῖν

441 548 628 600 διδότω
657 546 813 615 λόγον
839 545 935 599 νῦν
964 546 1021 599 ὲν
1039 544 1240 612 ἀνοίξει
1276 544 1370 597 τοῦ
1400 546 1685 614 στόματος.
1712 544 1841 597 Νῦν
1871 545 2019 597 ἀπο-

440 640 626 703 λύεις,
655 637 809 706 φησί.
853 636 959 690 τὸν
998 637 1224 692 δοῦλόν
1268 654 1404 704 σου,
1440 637 1732 699 Δέσποτα,
1769 637 1917 691 κατὰ
1952 637 2018 689 τὸ

434 726 599 796 1δῆμά
626 743 742 780 σου
762 727 832 779 ἐν
858 724 1086 795 εἰρήνῃ.
1130 728 1307 791 Ἐξότε
1333 727 1440 798 γὰρ
1482 729 1713 798 Χριστὸς
1752 724 2020 796 ὲνηνθρώ-

444 834 605 887 πησε,
632 818 728 871 καὶ
758 817 856 887 τὴν
881 818 1239 887 πολεμοποιὸν
1268 818 1539 889 ἁμαρτίαν
1564 818 1907 889 ἐξηφάνισεν,
1926 818 2021 872 καὶ

442 908 520 977 τῷ
564 909 737 977 Πατρὶ
766 909 914 978 ἡμᾶς
945 907 1297 979 κατήλλαξεν,
1327 911 1384 961 ὲν
1413 909 1600 979 εἰρήνῃ
1630 910 1663 978 ή
1694 908 1799 960 τῶν
1849 908 2018 975 άγίων

446 999 775 1068 μετάστασις
823 999 1051 1066 γίνεται.
1106 1000 1275 1050 Τοῦτο
1321 999 1427 1070 γὰρ
1472 997 1825 1069 προφητικῶς
1869 998 1962 1050 καί
1988 1000 2017 1050 ὁ

448 1090 619 1159 μέγας
671 1089 833 1143 Δαϐἰδ
861 1090 1374 1161 προενδεικνύμενος
1412 1090 1592 1159 ἔλεγεν
1614 1108 1627 1120 ·
1688 1090 1784 1143 Ἑν
1807 1089 2014 1159 εἰρήνῃ

443 1182 539 1233 ἐπὶ
582 1183 639 1235 τὸ
656 1180 801 1235 αὐτὸ
820 1182 1256 1252 κοιμηθήσομαι
1289 1181 1389 1237 καί
1411 1182 1697 1237 ὑπνώσω·
1725 1181 1785 1235 τὸ
1810 1182 1885 1253 μὴ
1913 1198 2018 1235 πα-

446 1272 557 1342 ρὸν,
600 1271 736 1325 ἀλλὰ
772 1272 963 1343 μέλλον
1000 1274 1140 1327 κατὰ
1170 1272 1268 1345 τὴν
1312 1273 1406 1326 τοῦ
1436 1272 1674 1343 Χριστοῦ
1721 1273 2047 1342 παρουσίαν-

444 1363 832 1433 αἰνιττόμενος.
858 1365 967 1417 Καὶ
986 1363 1061 1428 ὡς
1086 1366 1432 1435 μονοτρόπως
1462 1366 1563 1436 τῆς
1584 1365 1840 1437 τοιαύτης
1868 1366 2016 1419 ὲλπί·

440 1452 528 1514 δος
566 1454 684 1522 (τῆς
715 1452 993 1523 εἰρηναίας
1023 1455 1166 1524 φημὶ
1192 1456 1249 1508 ὲν
1279 1454 1499 1525 Χριστῷ
1532 1456 1885 1526 κοιμήσεως),
1906 1458 2017 1519 τοῖς

443 1542 616 1607 ἁγίοις
648 1543 1063 1614 εἰσοικισθείσης
1083 1545 1169 1597 διὰ
1192 1544 1284 1599 τοῦ
1309 1545 1645 1616 Πνεύματος,
1667 1534 1827 1616 φησίν
1850 1564 1864 1577 ο
1890 1547 2017 1600 Ὀτι

443 1634 547 1699 σὺ,
571 1634 764 1700 Κύριε,
791 1635 1128 1703 καταμόνας
1151 1636 1243 1689 ἐπ’
1264 1635 1464 1690 ἐλπίδι
1482 1636 1817 1702 κατῴκισάς
1845 1654 1941 1706 με.
1958 1636 2019 1692 Ὀ

2120 467 2317 507 norum
2369 453 2653 507 verborum
2702 451 3238 521 pronuntiationem,
3285 456 3535 522 ‘potentia
3579 456 3692 523 spi-

2119 543 2302 606 ritus,
2349 543 2513 595 etiam
2569 542 2728 595 nobis
2782 557 2926 594 nunc
2991 542 3366 609 aperientibus
3420 556 3483 595 os
3527 544 3691 597 verba

2123 639 2382 703 suggerat
2401 639 2452 685 et
2476 630 2877 685 subministret.
2902 629 3058 682 Nunc
3082 629 3331 696 dimittis;
3352 631 3554 701 inquit,
3578 648 3690 685 ser-

2119 736 2237 774 vum
2269 729 2438 781 tuum,
2462 718 2703 784 Domine,
2731 720 3013 773 secundum
3042 721 3255 774 verbum
3279 730 3426 775 tuum
3462 724 3513 775 in
3538 739 3685 792 pace.

2121 810 2254 864 Nam
2290 827 2353 865 ex
2396 827 2505 880 quo
2542 810 2800 890 Christus
2830 811 2993 865 homo
3039 810 3219 867 iactus
3256 822 3373 879 est,
3415 823 3465 867 et
3500 830 3690 883 pecca-

2123 911 2259 964 lum,
2289 902 2433 971 quod
2466 901 2666 955 bellum
2695 902 2985 965 conﬂabat,
3016 903 3242 956 sustulit
3266 911 3433 972 atque
3466 904 3687 967 delevit,

2121 1008 2186 1046 ac
2219 992 2365 1045 Patri
2403 1006 2506 1047 nos
2555 993 2952 1055 reconciliavit,
3000 1002 3316 1048 sanctorum
3351 1004 3529 1051 status
3569 1012 3690 1048 mu-

2118 1092 2265 1138 tatus
2296 1084 2349 1137 in
2377 1098 2509 1151 pace
2537 1084 2902 1153 conquiescit.
2934 1083 3050 1138 Hoc
3082 1084 3226 1139 enim
3260 1086 3424 1138 etiam
3456 1101 3690 1156 magnus

2121 1174 2293 1227 David
2337 1174 2730 1245 prophetarum
2775 1190 2927 1231 more
2968 1176 3404 1247 prresigniﬁcans
3446 1176 3685 1241 dicebat,

2120 1261 2186 1315 In
2216 1279 2343 1331 pace
2382 1264 2436 1315 in
2478 1252 2710 1332 idipsttm
2739 1264 3001 1317 dormiam
3032 1274 3081 1318 et
3114 1282 3356 1318 somnum
3390 1268 3597 1334 capiam
3618 1266 3685 1329 ³⁸,

2118 1369 2226 1407 ιιοιι
2277 1355 2327 1408 id
2359 1355 2506 1424 quod
2547 1355 2739 1410 aderat
2776 1371 2873 1425 per
2914 1356 3208 1411 verborum
3252 1358 3490 1411 innuens
3527 1358 3688 1412 invo-

2121 1445 2273 1499 lucra
2294 1487 2309 1510 ,
2357 1446 2453 1500 sed
2484 1448 2629 1516 quod
2659 1448 2808 1502 circa
2838 1447 3135 1503 adventum
3170 1448 3379 1503 Christi
3439 1447 3687 1502 futurum

2117 1546 2254 1591 erat.
2281 1538 2357 1592 Ac
2381 1539 2538 1607 quasi
2565 1538 2917 1609 singulariter
2939 1538 3208 1608 ejusmodi
3233 1555 3360 1607 spes
3388 1539 3679 1608 (paciﬁca).

2118 1628 2365 1695 inquam,
2396 1629 2451 1681 in
2480 1627 2704 1684 Christo
2730 1628 3081 1683 dormitionis
3124 1637 3286 1697 atque
3314 1629 3537 1697 quietis)
3562 1643 3691 1683 san-

442 1726 497 1777 δὲ
538 1724 803 1795 μακάριος
859 1725 1167 1795 πρεσϐύτης
1217 1724 1472 1796 Συμεὼν,
1514 1727 1614 1797 ’ήδη
1653 1728 1894 1798 παρόντα
1925 1728 2011 1780 τὸν

2119 1720 2226 1773 ctis
2254 1734 2348 1788 per
2372 1718 2635 1788 Spiritum
2658 1720 2975 1789 ingenerata
2998 1730 3165 1783 esset,
3195 1719 3455 1785 Quoniam
3484 1730 3559 1782 tn,
3579 1718 3690 1772 Do-

442 1817 631 1886 καιρὸν
665 1816 1015 1886 θεασάμενος,
1055 1818 1187 1887 φησί
1208 1859 1222 1885 ,
1253 1818 1381 1871 Νῦν
1420 1818 1704 1883 ἀπολύεις
1728 1818 1836 1871 τὸν
1870 1818 2011 1872 δοῦ-

443 1908 557 1959 λόν
584 1922 720 1972 σου,
751 1907 1041 1971 Δέσποτα,
1074 1910 1224 1961 κατὰ
1255 1908 1323 1961 τὸ
1344 1907 1513 1978 ῥῆμά
1540 1924 1655 1962 σου
1681 1909 1751 1962 ἐν
1780 1908 2006 1978 εἰρήνῃ·

439 2000 500 2051 τὸ
548 1999 835 2069 ἐνεστηκὸς
876 2000 972 2069 τῆς
1007 1999 1155 2062 Θείας
1202 1998 1461 2052 δεικνύων
1501 1999 1853 2067 ἐπαγγελίας.
1880 2001 2009 2053 ’Ὅτι

440 2089 622 2157 εἶδον,
645 2092 826 2160 φησιν,
865 2094 919 2145 οἱ
952 2090 1246 2159 ὀφθαλμοί
1260 2107 1379 2159 μου
1401 2090 1467 2143 τὸ
1495 2090 1788 2158 Σωτήριόν
1810 2106 1948 2152 σου,
1979 2091 2009 2144 ὃ

443 2184 774 2250 ἡτοίμασας
833 2180 984 2234 κατὰ
1031 2182 1354 2247 πρόσωπον
1398 2179 1640 2233 πάντων
1668 2179 1785 2232 τῶν
1810 2179 2007 2234 λαῶν’

439 2273 683 2326 τουτέστι
709 2272 806 2343 τὴν
831 2270 920 2324 διὰ
947 2268 1184 2341 Χριστοῦ
1214 2269 1507 2339 γενομένην
1531 2269 1692 2321 παντὶ
1716 2268 1793 2338 τῷ
1825 2268 2013 2339 κόσμῳ

443 2364 735 2434 σωτηρίαν,
771 2362 865 2414 καὶ
912 2361 972 2413 οὺ
1029 2361 1174 2430 μόνῳ
1227 2360 1304 2429 τῷ
1344 2360 1579 2431 Ἰσραήλ.
1604 2360 1728 2422 Πῶς
1760 2355 1851 2412 οῦν
1875 2360 2012 2412 ἀνω-

440 2453 583 2523 τέρω
631 2452 1044 2524 μεμαρτύρηται
1082 2450 1180 2520 τὴν
1223 2449 1316 2503 τοῦ
1354 2450 1570 2521 Ἰσραὴλ
1623 2448 2011 2520 προσδέχεσθαι

442 2543 805 2613 παράκλησιν,
838 2541 933 2595 νῦν
964 2541 1019 2593 δὲ
1068 2539 1226 2608 ὤφθη
1253 2540 1314 2591 τὸ
1351 2538 1444 2591 τοῦ
1469 2536 1604 2591 Θεοῦ
1636 2540 1898 2609 σωτήριον
1928 2541 2011 2590 ὲν-

440 2633 608 2685 dimov
642 2632 856 2685 πάντων
894 2629 1001 2682 τῶν
1050 2628 1193 2682 λαῶν
1247 2628 1751 2698 ἀναφθεγγόμενος;
1797 2626 2012 2697 Ἐπειδὴ

442 2727 559 2779 τότε
586 2725 684 2797 τὴν
714 2723 807 2778 τοῦ
845 2722 1056 2793 Ἰσραὴλ
1097 2722 1314 2775 ἔσεσθαι
1356 2722 1698 2793 παράκλησιν
1748 2721 1887 2788 έγνω
1934 2720 2012 2790 τῷ

441 2817 737 2885 ιῐνεύματι,
796 2816 883 2866 ὅτε
918 2815 1011 2874 καὶ
1043 2815 1175 2881 πᾶσι
1215 2816 1326 2875 τοῖς
1372 2812 1516 2873 λαοῖς
1570 2811 1892 2879 ἡτοίμασται
1955 2811 2011 2863 τὸ

443 2907 725 2975 σωτήριον.
747 2905 888 2973 Ὅρα
920 2903 976 2956 δὲ
1002 2905 1060 2956 τὸ
1090 2903 1314 2972 άκριόὲς
1343 2901 1443 2971 τῆς
1463 2899 1611 2964 θείας
1636 2899 2008 2970 ὲμπνεύσεως.

442 2995 569 3061 φῶς
592 2996 722 3064 γὰρ,
751 2995 935 3063 φησιν,
961 2996 1047 3059 είς
1061 2991 1451 3060 ἀποκάλυψιν
1466 2991 1681 3057 ἐθνῶν,
1702 2990 1800 3044 καί
1825 2990 2013 3054 δόξαν

2120 1810 2273 1873 mine,
2296 1808 2639 1879 singulariter
2660 1813 2713 1863 in
2737 1825 2826 1877 spe
2849 1810 3174 1864 constituisti
3197 1827 3276 1863 me
3298 1811 3362 1863 ³⁷.
3402 1811 3471 1863 At
3495 1810 3688 1865 beatus

2120 1914 2287 1953 senex
2330 1899 2549 1954 Simeon
2581 1900 2694 1968 jam
2728 1908 3056 1970 praesentem
3082 1900 3235 1953 illum
3262 1901 3531 1970 temporis
3557 1902 3689 1961 arti-

2118 1992 2302 2044 culum
2334 1991 2545 2055 videns,
2582 1989 2739 2043 Nunc
2768 1991 3014 2057 dimittis,
3048 1991 3249 2059 inquit,
3279 2008 3482 2045 servum
3516 2001 3686 2058 tuum,

2116 2078 2340 2133 Domine
2366 2120 2379 2141 ,
2412 2079 2698 2134 secundum
2738 2081 2947 2133 verbum
2993 2091 3139 2134 tuum
3169 2082 3224 2134 in
3248 2096 3406 2150 pace,
3448 2096 3690 2150 praesen-

2119 2178 2226 2223 tem
2256 2177 2310 2223 et
2336 2171 2643 2243 instantem
2670 2170 2923 2227 indicans
2952 2172 3371 2240 promissionem
3399 2171 3638 2225 divinam
3671 2190 3684 2225 :

2121 2260 2260 2324 Quia
2288 2260 2550 2326 viderunt,
2582 2262 2781 2331 inquit,
2802 2262 2941 2315 oculi
2962 2265 3062 2317 mei
3090 2262 3339 2317 Salutare
3364 2262 3688 2332 tuum,quod

2116 2350 2325 2415 parasti
2369 2350 2423 2403 in
2480 2361 2754 2419 conspectu
2810 2353 3042 2405 omnium
3087 2354 3444 2422 populorum,
3489 2355 3542 2408 id
3581 2363 3688 2417 est,

2122 2454 2261 2505 eam,
2306 2456 2428 2511 quas
2475 2458 2571 2512 per
2615 2444 2893 2498 Christum
2944 2445 3201 2500 universo
3249 2447 3456 2501 mundo
3497 2455 3551 2502 et
3578 2462 3690 2503 non

2128 2533 2231 2591 soli
2258 2533 2425 2586 Israel
2451 2544 2639 2603 parata
2665 2543 2771 2598 est,
2811 2536 3063 2591 salutem.
3098 2537 3200 2602 Qui
3236 2537 3402 2607 igitur
3434 2540 3692 2609 superius

2136 2622 2316 2675 dictus
2339 2630 2421 2676 est
2442 2634 2762 2693 exspectare
2801 2628 3235 2681 consolationem
3270 2626 3508 2693 lsraelis,
3541 2645 3692 2684 nunc

2121 2728 2253 2767 vero
2278 2713 2495 2766 videtur
2542 2729 2725 2768 coram
2768 2716 3030 2771 omnibus
3062 2717 3279 2786 populis
3317 2719 3560 2774 salutare
3594 2719 3691 2775 Dei

2117 2803 2462 2871 praedicare?
2517 2803 2655 2868 Quia
2716 2821 2863 2857 nunc
2912 2804 3168 2861 lsraelem
3216 2809 3564 2863 consolatum
3622 2811 3689 2865 iri

2121 2891 2327 2961 Spiritu
2384 2894 2674 2961 cognovit,
2731 2909 2853 2948 cum
2921 2895 3085 2949 etiam
3157 2899 3415 2954 omnibus
3468 2902 3692 2971 populis

2118 2984 2357 3037 salutare
2385 2994 2750 3055 praeparatum
2803 2985 3018 3042 fuisset.
3055 2987 3188 3043 Vide
3223 3000 3407 3045 autem
3460 3008 3693 3048 accura-

440 3086 591 3139 .taoﬁ
622 3103 738 3139 σου
786 3084 1023 3153 Ἰσραήλ
1044 3099 1059 3116 ο
1093 3083 1330 3153 ὁμόλογα
1354 3082 1433 3152 τῷ
1487 3082 1707 3152 μεγάλῳ
1731 3081 1927 3153 Παύλῳ
1954 3084 2011 3134 ὲν

2116 3080 2222 3123 tam
2252 3071 2593 3144 diligentiam
2628 3075 3013 3146 inspirationis
3041 3077 3261 3134 divinas.
3290 3080 3491 3136 Lumen
3516 3084 3687 3149 enim,
3719 3135 3729 3141 .

441 3182 503 3247 τῇ
539 3177 630 3230 τοῦ
674 3177 885 3247 Ἰσραὴλ
917 3174 1287 3244 ὑπαριθμήσει
1317 3173 1703 3243 φθεγγόμενος.
1730 3174 1858 3225 Ὅτε
1882 3172 2009 3243 γὰρ,

443 3267 593 3336 ςησὶ,
619 3269 683 3319 τὸ
737 3266 1025 3334 πλήρωμα
1064 3264 1185 3318 τῶν
1226 3263 1417 3317 ἐθνῶν
1452 3264 1729 3331 εἰσέλθῃ,
1753 3264 1887 3316 τότε
1918 3263 2015 3317 καί

443 3356 559 3423 πᾶς
596 3357 843 3424 Ἰσραὴλ
866 3356 1221 3421 σωθήσεται.
1263 3355 1469 3410 Οὐκοῦν
1502 3355 1595 3410 καὶ
1628 3356 1788 3417 αὐτὸς
1814 3356 2014 3425 προτά-

444 3448 536 3511 ξας
558 3447 651 3517 τὴν
680 3447 867 3518 κλῆσιν
892 3448 1001 3500 τῶν
1027 3446 1213 3510 ἐθνῶν,
1250 3445 1551 3499 τελευταῖον
1581 3446 1721 3499 κατὰ
1758 3446 1855 3517 τὴν
1884 3462 2014 3515 προ-

444 3537 667 3607 φητείαν
707 3536 804 3607 τὴν
835 3535 927 3588 τοῦ
978 3536 1176 3598 παντὸς
1219 3535 1433 3605 Ἰσραὴλ
1488 3535 1851 3605 ἐταμιεύσατο
1890 3538 2011 3588 ἐπι-

442 3626 711 3697 στροφήψ
752 3625 854 3678 κᾶν
894 3626 976 3678 ὅτι
1021 3625 1118 3696 ήδη
1144 3625 1205 3677 τὸ
1230 3624 1575 3696 κατάλειμμα
1612 3626 1880 3679 σέσωσται
1926 3624 2013 3679 διὰ

440 3717 548 3769 τῶν
569 3719 667 3788 ήδη
691 3717 748 3785 ἐξ
792 3717 1059 3770 Ἰουδαίων
1084 3717 1541 3787 προσδραμόντων
1575 3719 1639 3786 τῇ
1680 3717 1879 3787 χάριτι.
1902 3717 2014 3770 Θέα

440 3809 495 3859 δὲ
548 3826 637 3878 μοι
682 3809 775 3861 καὶ
811 3808 871 3861 τὸ
910 3808 1019 3861 τῶν
1061 3808 1277 3878 ὑψηλῶν
1310 3804 1595 3879 νοημάτων
1642 3808 2007 3879 κυριόλεκτον.

442 3894 568 3963 ⁶ιθὼς
580 3897 649 3966 γὰ
658 3915 686 3967 ρ
697 3900 784 3963 εὶς
794 3897 1182 3965 ἀποκάλυψιν
1194 3896 1381 3951 ἐθνῶν
1392 3895 1748 3968 εἰρηκὼς,τὴν
1761 3897 1853 3950 τοῦ
1867 3898 2009 3950 θείου

444 3989 708 4060 σωτηρίου
732 3988 1071 4057 ἀποκάλυψιν
1108 3990 1245 4040 νοεῖν
1281 3989 1411 4058 ἡμῖν
1443 3986 1677 4050 δίδωσιν,
1694 3988 1782 4057 ῶς
1804 3990 1860 4042 ἐν
1886 3988 2011 4041 σκό-

439 4096 515 4149 τῳ
558 4079 809 4133 παντελεῖ
843 4080 937 4132 καὶ
980 4079 1157 4148 τελείᾳ
1204 4078 1435 4148 ζοφώσει
1479 4079 1681 4150 μηδένα
1730 4078 2010 4148 αὐγασμὸν

439 4168 763 4235 θεογνωσίας
786 4169 995 4239 ἔχοντα.
1031 4170 1145 4239 Πρὸ
1168 4168 1274 4240 γὰρ
1306 4170 1403 4239 τῆς
1434 4170 1669 4240 Χριστοῦ
1710 4171 2011 4241 παρουσίας

441 4259 783 4329 καθειστήκει
827 4260 894 4312 τά
925 4259 1071 4329 ἔθνη,
1096 4258 1275 4322 καθὼς
1302 4260 1393 4311 καὶ
1416 4261 1444 4312 ὁ
1480 4262 1743 4329 μακάριος
1784 4260 2011 4325 Ἡσαΐας

438 4336 528 4403 τὸν
560 4351 617 4401 ὲν
661 4350 839 4403 σκότει
879 4349 1006 4403 λαὸν
1035 4349 1341 4419 καθήμενον
1388 4342 1891 4420 εὐαγγελιζόμενος,
1946 4353 2005 4405 τὸ

440 4443 580 4511 μέγα
634 4442 747 4510 φῶς
794 4442 989 4504 αὐτοὺς
1043 4441 1167 4493 ἰδεῖν
1215 4441 1583 4511 διηγόρευσεν.
1628 4442 1845 4514 Ἐπειδὴ
1891 4443 1947 4496 δὲ
1977 4447 2005 4497 ό

450 4532 684 4601 Ἰσραὴλ,
710 4532 757 4583 εἰ
778 4531 873 4584 καὶ
910 4530 1166 4601 μετρίως,
1194 4531 1342 4600 ὅμως
1374 4530 1501 4599 γοῦν
1534 4530 1612 4603 τῷ
1632 4533 1847 4603 τυπικῷ
1870 4535 2005 4603 ἐφω-

434 4622 610 4685 τίζετο
633 4621 800 4690 νόμῳ,
846 4620 960 4689 φῶς
991 4620 1091 4690 μὲν
1118 4620 1205 4672 ἐπ’
1233 4620 1422 4690 ἐκείνῳ
1446 4622 1545 4673 οὐκ
1564 4622 1810 4692 εἷρηκεν,·
1846 4623 2004 4688 δόξαν

435 4712 490 4765 δὲ
516 4711 673 4764 αὑτὸν
694 4709 1074 4781 κληρώσασθαι
1098 4712 1488 4782 προεφήτευσε,
1509 4712 1740 4776 παλαιᾶς
1765 4713 2004 4785 ἱστορίας

433 4803 863 4872 ἀναμιμνήσκων
891 4817 906 4831 °
960 4802 1041 4865 ὃτι
1085 4801 1333 4874 καθάπερ
1387 4802 1555 4857 πάλαι
1623 4806 1651 4857 ὁ
1705 4805 2002 4874 θαυμάσιος

434 4893 691 4962 Μωῦσῆς,
726 4892 817 4945 τοῦ
848 4892 982 4945 Θεοῦ
1019 4893 1299 4962 συνόμιλος
1327 4894 1583 4962 γεγονὼς,
1618 4895 2002 4965 δεδοξασμένον

434 4984 556 5054 ἔσχε
576 4985 636 5037 τὸ
655 4984 964 5054 πρόσωπονο
995 4983 1135 5036 οὕτω
1161 4985 1252 5037 καί⁵
1273 4985 1445 5049 αὐτοὶ,
1474 4986 1547 5055 τῷ
1577 4985 1704 5056 θείῳ
1726 4987 1824 5055 τῆς
1854 4988 2003 5038 ἐναν-

434 5074 766 5145 ορωπήσεως
786 5074 874 5128 διὰ
903 5075 1139 5137 πίστεως
1174 5077 1670 5147 προσομιλήσαντες
1714 5078 1873 5139 φωτὶ,
1908 5078 2002 5128 καὶ

431 5169 495 5237 τῇ
523 5166 613 5218 τοῦ
639 5166 952 5237 Πνεύματος
986 5166 1462 5237 καταλαμφθέντες
1491 5168 1715 5239 δυνάμει
1736 5210 1751 5234 ,
1787 5171 1844 5222 ἐν
1873 5169 2000 5242 δόξῃ

434 5258 779 5326 φανήσονται,
796 5258 856 5310 τὸ
886 5258 1112 5312 παλαιὸν
1132 5258 1451 5329 ἀποθέμενοι
1479 5260 1759 5331 κάλυμμα,
1790 5262 1883 5313 καὶ
1902 5262 1999 5330 τὴν

432 5346 599 5416 αὐτὴν
622 5349 802 5401 εἰκόνα
833 5350 1357 5421 μεταμορφούμενοι,
1390 5352 1495 5404 άπὸ
1524 5352 1677 5422 δόξης
1706 5354 1785 5416 εἰς
1821 5352 1996 5418 δόξαν,

434 5434 507 5497 ὣς
530 5452 690 5505 φησιν
718 5440 746 5489 ό
784 5439 1120 5507 Ἀπόστολος,
1154 5440 1403 5511 καθάπερ
1451 5442 1558 5497 ἀπὸ
1598 5444 1799 5511 Κυρίου
1828 5444 1997 5496 Πνεύ-

514 5611 554 5643 ⁹⁶
596 5610 736 5667 Psal.
779 5629 851 5680 iv,
880 5615 932 5668 9.
1014 5618 1055 5647 ³⁷
1082 5617 1211 5672 ibid.
1252 5619 1335 5673 10.
1411 5620 1457 5650 ³⁸³
1495 5618 1651 5675 Rom.
1696 5634 1771 5684 xi,
1810 5620 1900 5683 εδ,
1941 5619 2043 5691 26.¹

2117 3162 2315 3231 inquit,
2356 3166 2425 3217 ad
2474 3166 2839 3221 reuelationem
2871 3169 3129 3237 gentium,
3165 3181 3210 3224 et
3251 3171 3482 3240 gloriam
3521 3173 3688 3243 plebis

2117 3262 2221 3306 tua:
2247 3253 2421 3308 Israel
2453 3272 2471 3309 :
2503 3264 2871 3313 consentanea
2903 3268 3069 3327 atque
3097 3262 3477 3318 convenientia
3503 3268 3687 3336 magni

2114 3345 2271 3398 Pauli
2326 3348 2510 3403 verbis
2562 3348 2792 3415 dicens,
2850 3352 2942 3406 ubi
2999 3359 3123 3421 pos‘t
3191 3361 3381 3424 gentes
3432 3366 3689 3412 numerat

2117 3438 2394 3493 lsraelem.
2430 3440 2656 3506 Quando
2686 3443 2845 3508 enim,
2879 3445 3054 3514 inquit
3070 3444 3135 3511 ³⁸,
3169 3445 3441 3514 plenitudo
3457 3450 3689 3519 gentium

2117 3529 2423 3591 intraverit,
2467 3539 2590 3584 tum:
2633 3533 2790 3585 etiam
2825 3536 3101 3589 universus
3144 3534 3321 3593 Israel
3353 3537 3531 3601 salvus
3562 3540 3684 3611 erit.

2117 3618 2483 3683 Quamobrem
2516 3635 2641 3675 cum
2690 3622 2858 3677 etiam
2893 3623 3012 3694 ipse
3056 3627 3398 3682 vocationem
3440 3630 3686 3700 gentium

2122 3712 2533 3780 prmposuisset,
2559 3715 2612 3768 in
2637 3722 2973 3784 postremam
3000 3718 3301 3789 prophetia:
3323 3729 3532 3792 partem
3558 3736 3687 3795 con:

2115 3802 2426 3856 versionem
2456 3804 2715 3860 ‘universi
2746 3805 2967 3862 lsraelis
2999 3807 3193 3877 rejecit
3226 3828 3243 3879 :_
3273 3811 3377 3865 etsi
3407 3811 3522 3881 jam
3555 3812 3686 3868 reli-

2113 3892 2254 3960 quiae
2283 3908 2377 3961 per
2403 3908 2521 3956 eos,
2555 3895 2651 3965 qui
2678 3896 2793 3965 jam
2825 3912 2894 3952 ex
2917 3896 3120 3956 Iudaeis
3146 3900 3214 3969 ad
3238 3901 3468 3970 gratiam
3493 3917 3693 3969 access

2118 3991 2339 4049 serunt,
2373 3993 2606 4039 servatae
2640 3995 2791 4041 sunt.
2840 3987 3143 4043 Considera
3175 3990 3308 4044 item
3341 3991 3475 4045 mihi
3508 3993 3685 4063 subli-

2112 4075 2280 4133 mium
2375 4079 2767 4141 sententiarum
2840 4078 3121 4148 prepriam
3211 4094 3275 4143 ac
3364 4082 3701 4159 distinctam.

2111 4164 2500 4229 elocutionem.
2560 4166 2697 4221 Cum
2746 4171 2892 4222 enim
2942 4170 3127 4225 lumen
3177 4171 3245 4227 ad
3292 4175 3682 4233 revelationem

2114 4258 2365 4326 gentium
2432 4258 2670 4323 dixerit,
2734 4260 2907 4314 divini
2976 4262 3238 4318 salutaris
3293 4267 3683 4323 revelationem

2115 4350 2272 4403 nobis
2322 4350 2733 4420 intelligendam
2782 4354 3021 4422 praebet,
3056 4354 3257 4425 quippe
3282 4371 3407 4411 cum
3451 4359 3504 4413 in
3549 4362 3685 4416 den-

2111 4440 2349 4494 sissimis
2392 4441 2635 4496 tenebris
2691 4453 2746 4497 et
2788 4459 3002 4499 summa
3044 4446 3280 4517 caligine
3326 4450 3538 4505 nullum
3587 4451 3683 4518 Dei

2112 4531 2449 4601 cognitionis
2482 4532 2828 4601 splendorem
2865 4543 3137 4592 extraneae
3166 4547 3356 4608 gentes
3392 4541 3678 4603 haberent.

2111 4620 2245 4673 Nam
2297 4630 2423 4675 ante
2479 4622 2774 4678 adventum
2830 4624 3036 4681 Christi
3093 4637 3284 4697 gentes
3338 4628 3395 4683 in
3439 4631 3681 4686 tenebris

2108 4712 2494 4777 versabantur,
2546 4715 3008 4783 quemadmodum
3042 4717 3236 4773 beatus
3267 4717 3436 4776 Isaias
3462 4737 3682 4795 quoque

2108 4807 2331 4876 populo,
2352 4809 2444 4877 qui
2470 4808 2527 4861 in
2548 4810 2792 4865 tenebris
2811 4811 3056 4877 sedebat,
3084 4811 3285 4867 bonum
3310 4816 3559 4870 nuntium
3582 4832 3678 4888 ap-

2109 4907 2351 4967 portans,
2386 4913 2643 4969 magnum
2676 4900 2859 4955 lumen
2900 4917 2996 4958 eos
3024 4905 3245 4960 visuros
3266 4904 3402 4959 dixit
3435 4905 3501 4972 '9.
3535 4906 3681 4972 Quo-

2112 4988 2259 5042 niam
2288 4996 2469 5042 autem
2512 4989 2679 5044 Israel
2712 4992 2817 5047 etsi
2854 4994 3089 5058 modice,
3125 5002 3307 5059 tamen
3344 4996 3524 5067 typica
3566 4997 3678 5051 sai-

2106 5087 2214 5134 tcm
2243 5086 2297 5133 et
2320 5081 2595 5135 umbratili
2628 5081 2744 5151 lege
2780 5083 3219 5150 illuminabatur,
3248 5086 3315 5140 de
3338 5087 3429 5140 illo
3456 5088 3677 5156 quidem

2107 5171 2341 5240 loquens
2372 5172 2541 5227 verbo
2577 5175 2800 5228 luminis
2831 5176 3120 5239 abstinuit,
3158 5176 3253 5231 scd
3294 5168 3521 5248 gloriam
3550 5194 3675 5233 eum

2105 5271 2536 5316 consecuturum
2585 5279 2706 5319 esse
2757 5266 3086 5320 vaticinatus
3122 5274 3205 5321 est
3233 5307 3247 5332 ,
3288 5276 3524 5324 veterem
3558 5284 3672 5323 rem

2104 5363 2313 5421 gestam
2360 5352 2413 5407 in
2468 5355 2784 5408 memoriam
2834 5356 3137 5421 reducens,
3184 5375 3377 5430 nempe
3407 5362 3673 5431 quemad-

2108 5443 2331 5498 modum
2361 5445 2707 5502 admirabilis
2738 5446 2827 5502 ille
2854 5446 3067 5513 Movscs
3108 5450 3261 5517 olim,
3290 5467 3400 5521 quo
3430 5459 3671 5522 tempore

2106 5620 2148 5651 θ’
2182 5619 2285 5675 lsa.
2320 5637 2394 5686 Ix,
2424 5621 2487 5675 2.·
