4092 6378
376 277 514 335 H75

1574 273 1633 331 S.
1667 271 1758 329 Gil
1768 269 1997 326 LGOBH
2034 267 2328 325 NYSSENI

3494 266 3643 324 “76

378 408 497 448 cum
531 392 645 446 Deo
671 389 1110 460 colloquebatur,
1142 388 1480 460 splendidam
1533 387 1727 444 faciem
1758 387 1949 442 habuit

2067 403 2244 455 ματος.
2281 384 2355 439 Τὸ
2394 382 2675 455 εἰρηκέναι
2700 382 2754 436 δὲ
2800 382 2891 434 τὸν
2937 381 3205 450 θεόφρονα
3245 378 3509 450 Συμεῶνα
3554 383 3643 445 εἰς

375 495 430 541 et
453 486 819 540 illuminatam
843 484 889 515 “
923 501 937 537 :
973 484 1049 537 ita
1071 482 1235 537 etiam
1264 482 1391 538 illos
1422 482 1573 551 ipsos
1591 498 1713 537 cum
1736 481 1948 544 divino,

374 572 521 645 quod
570 573 868 628 humanam
928 580 1184 626 naturam
1234 571 1574 641 assumpsit,
1617 569 1823 625 lumine
1858 585 1954 639 per

377 667 538 723 tidem
588 677 920 735 congressos
957 669 1015 716 et
1061 661 1266 715 virtute
1312 659 1544 729 spiritus
1589 660 1953 725 illuminatos,

377 770 645 827 vetusque
670 740 1056 811 velamentum
1084 751 1449 820 deponentes,
1483 758 1539 807 et
1581 754 1770 808 eadem
1814 752 1955 806 ima-

375 853 502 922 gine
524 864 585 904 se
611 848 679 903 de
709 846 882 918 gloria
909 845 965 899 in
986 843 1219 915 gloriam
1244 842 1729 909 transformantes,
1762 859 1955 915 quem-

376 938 671 997 admodum
704 935 863 1008 quasi
915 932 1127 1005 Spiritu
1170 934 1390 993 Domini
1447 937 1745 1008 Apostolus
1795 936 1952 999 ait“,

376 1031 546 1100 gloria
582 1037 749 1099 atque
796 1026 1097 1099 splendore
1125 1027 1389 1097 praeditos
1428 1031 1779 1102 apparituros
1808 1044 1953 1085 esse.

375 1122 550 1176 Porro
591 1119 739 1190 quod
786 1118 1010 1174 divinus
1054 1117 1278 1173 Simeon
1323 1119 1502 1186 dixit,
1550 1120 1607 1175 in
1647 1121 1866 1175 ruinam
1900 1128 1957 1175 et

374 1213 844 1270 resurrectionem
872 1212 1171 1267 multorum
1204 1210 1258 1265 in
1283 1210 1452 1268 Israel
1486 1212 1777 1269 Dominum
1808 1217 1958 1284 posi-

375 1315 494 1361 tum
531 1321 657 1361 esse
677 1304 747 1370 δ’,
792 1302 1038 1359 ostendit
1067 1303 1183 1374 ipsa
1220 1290 1606 1360 convenientia
1654 1305 1956 1361 sententia-

374 1413 498 1453 rum
529 1413 653 1454 cum
685 1398 774 1463 iis,
809 1411 932 1468 quae
958 1397 1242 1466 prophetae
1261 1397 1652 1467 prodiderunt,
1695 1412 1864 1451 unum
1899 1405 1957 1451 et

374 1490 626 1547 eumdem
648 1487 818 1548 Deum
846 1496 1010 1559 atque
1031 1488 1398 1558 legislatorem
1428 1497 1545 1543 tum
1567 1489 1623 1543 in
1655 1489 1957 1560 prophetis,

374 1591 493 1636 tum
527 1580 587 1636 in
622 1578 776 1633 Novo
799 1577 1160 1633 Testamento
1200 1578 1445 1633 locutum
1475 1593 1621 1636 esse.
1652 1577 1789 1634 Nam
1821 1580 1961 1649 lapi-

2056 480 2262 535 πτῶσιν
2295 479 2387 535 καὶ
2406 478 2703 532 ἀνάστασιν
2730 473 2939 529 πολλῶν
2965 475 3023 527 ὲν
3049 472 3129 543 τῷ
3172 472 3393 543 Ἰσραὴλ
3420 473 3643 527 κεῖσθαι

2054 572 2145 626 τὸν
2166 569 2645 641 Κύριον,δείκνυσι
2673 571 2740 640 τῇ
2769 566 3041 638 συμόάσει
3065 565 3176 618 τῶν
3192 564 3480 634 νοημάτων
3502 565 3644 636 πρὸς

2055 663 2125 718 τὰ
2147 659 2465 733 προφητικὰ
2500 659 2895 730 διαγγέλματα,
2929 657 3028 712 ἕνα
3056 656 3149 713 καὶ
3186 655 3278 710 τὸν
3310 655 3474 710 αὑτὸν
3506 655 3644 710 θεόν

2055 771 2116 808 τε
2144 754 2240 810 καὶ
2260 753 2555 824 νομοθέτην
2586 751 2643 805 ἐν
2662 768 2721 807 τε
2750 750 3057 825 προφήταις
3090 748 3186 805 καὶ
3213 750 3279 820 τῇ
3311 749 3487 819 Καινῇ
3514 750 3645 807 Δια-

2058 846 2200 920 θήκῃ
2228 846 2605 917 λελαληκέναι.
2634 845 2738 900 Τὸν
2771 843 2882 915 γὰρ
2908 843 3053 899 λίθον
3076 840 3174 896 τοῦ
3214 832 3645 912 προσκόμματος

2058 940 2152 993 καὶ
2197 939 2292 994 τοῦ
2321 938 2619 993 σκανδάλου
2647 938 2745 1008 τὴν
2768 938 2975 1006 πέτραν
2998 935 3178 993 αίτίαν
3203 933 3297 989 τοῦ
3330 934 3405 1005 μὴ
3449 950 3643 989 καται-

2060 1031 2454 1104 σχυνθήσεσθαι
2487 1032 2614 1094 τοὺς
2643 1032 2730 1084 ἐπ’
2757 1030 2920 1084 αὐτὸν
2958 1028 3336 1095 πιστεύοντας,
3362 1030 3392 1081 ὁ
3424 1044 3642 1098 προφη-

2058 1126 2210 1193 τικὸς
2235 1125 2554 1197 διηγόρευσε
2585 1124 2760 1192 λόγος.
2795 1122 3006 1189 Οὐκοῦν
3036 1120 3245 1184 πτῶσις
3267 1120 3367 1190 μὲν
3382 1119 3498 1173 ἔστι
3526 1122 3642 1183 τοῖς

2059 1217 2138 1289 τῷ
2164 1217 2406 1288 ταπεινῷ
2442 1216 2544 1287 τῆς
2577 1216 2780 1288 σαρκὸς
2809 1214 2870 1281 ἐξ
2901 1214 3160 1279 ἀπιστίας
3189 1211 3637 1283 προσπταίουσιν·

2061 1309 2354 1371 ἀνάστασις
2379 1308 2459 1374 δὲ,
2513 1310 2625 1372 τοῖς
2651 1307 2715 1362 τὸ
2744 1305 2972 1378 στερρὸν
3007 1306 3103 1376 τῆς
3147 1304 3296 1368 θείας
3333 1302 3641 1372 οίκονομίας

2061 1400 2451 1469 ὲπεγνωκόσιν.
2490 1399 2650 1457 Ἀλλὰ
2697 1400 2793 1454 καὶ
2823 1399 2992 1470 αὐτῆς
3022 1399 3122 1469 τῆς
3160 1396 3424 1451 Θεοτόιιου
3464 1395 3642 1466 ψυχῆς

2064 1492 2341 1564 ῥομφαίαν
2371 1491 2680 1563 διελαθῆναι
2705 1492 2898 1560 λέγων,
2928 1490 3114 1561 σαφῶς
3135 1490 3199 1544 τὸ
3235 1491 3294 1543 ὲν
3316 1487 3394 1560 τῷ
3424 1486 3643 1559 σταυρῷ

2065 1582 2402 1656 προφητεύει
2430 1583 2619 1646 πάθος.
2649 1583 2774 1647 Τοῖς
2795 1581 2905 1654 γὰρ
2928 1581 2986 1649 ἐξ
3010 1582 3180 1651 αὐτῆς
3207 1580 3307 1652 τῆς
3339 1578 3641 1651 παραδόξου

375 1670 500 1725 dem
540 1669 854 1734 oﬂ'endiculi
899 1677 954 1724 et
988 1676 1199 1740 petram
1240 1669 1487 1725 scandali
1539 1671 1595 1725 in
1633 1686 1801 1726 causa
1843 1671 1962 1729 fore

2067 1676 2380 1748 συλλήψεως
2417 1677 2578 1748 μέχρι
2605 1675 2698 1729 τοῦ
2729 1675 2872 1730 κατὰ
2926 1673 3023 1728 τοῦ
3071 1673 3278 1737 πάθους
3303 1672 3498 1744 καιροῦ
3525 1671 3645 1726 θεο-

377 1769 439 1817 ιιι
461 1776 573 1819 non
601 1760 1019 1816 confundantur
1044 1760 1138 1830 qui
1168 1760 1223 1813 in
1256 1761 1411 1815 illum
1439 1761 1691 1827 credant,
1724 1765 1959 1834 prophe-

2067 1740 2294 1840 πρεπῶς
2327 1740 2599 1831 είς-αύτὸν
2632 1767 2942 1839 εἰρημένοις
2970 1783 3029 1822 τε
3072 1766 3168 1820 καὶ
3209 1740 3642 1835 πεπραγμένοις.

376 1855 523 1909 ticus
547 1868 730 1910 sermo
760 1852 898 1908 dixit
916 1852 983 1906 ι’.
1022 1848 1195 1922 Igitur
1218 1851 1376 1905 ruina
1395 1852 1617 1923 quidem
1638 1861 1725 1909 est
1755 1855 1846 1919 iis,
1864 1855 1958 1926 qui

377 1956 604 2018 propter
637 1944 1079 2001 incredulitatem
1125 1943 1439 2001 humilitate
1473 1947 1663 2000 carnis
1692 1946 1842 2001 illius
1874 1946 1961 2001 of-

378 2034 684 2093 fenduntur
711 2052 726 2088 :
758 2032 1097 2089 resurrectio
1137 2046 1270 2086 vero
1298 2032 1389 2096 iis,
1429 2034 1523 2104 qui
1557 2036 1956 2091 tirmitudmem

378 2127 580 2183 divinae
604 2127 988 2197 dispositionis
1012 2133 1066 2180 et
1086 2122 1591 2184 administrationis
1612 2130 1957 2199 agnoverint.

384 2219 531 2286 Quin
561 2221 735 2290 etiam;
769 2234 897 2273 cum
931 2220 1070 2274 dixit
1100 2220 1218 2276 I'ore
1249 2230 1307 2277 ut
1346 2223 1519 2293 ipsius
1558 2221 1805 2292 Deipara:
1838 2225 1961 2277 ani-

379 2326 527 2365 mam
566 2311 786 2381 gladius
834 2312 1288 2381 pertransiret“,
1323 2319 1511 2382 aperte
1537 2312 1787 2383 prmdicit
1814 2328 1958 2377 eam,

378 2419 504 2475 qua:
535 2403 637 2458 fuit
663 2404 720 2458 in
746 2417 917 2459 cruce
946 2405 1286 2475 passionem.
1317 2404 1453 2460 Nam
1480 2420 1606 2460 cum
1629 2405 1699 2460 ob
1718 2421 1805 2471 ea,
1839 2422 1963 2476 quae

380 2496 453 2552 ab
483 2496 577 2551 illa
606 2510 750 2551 nova
796 2504 966 2567 atque
996 2497 1248 2552 inaudita
1287 2499 1650 2568 conceptione
1686 2513 1862 2569 usque
1891 2497 1961 2553 ad

381 2599 604 2659 tempus
652 2588 914 2659 supplicii
948 2588 1218 2646 divinitus
1263 2589 1332 2645 de
1370 2604 1437 2645 eo
1484 2599 1598 2644 tum
1641 2589 1785 2646 dicta
1845 2598 1961 2645 tum

381 2684 526 2739 facta
554 2690 735 2749 erant,
773 2697 941 2737 unum
975 2682 1134 2752 quasi
1166 2690 1494 2753 perpetuum
1532 2691 1586 2737 et
1618 2682 1963 2737 individuum

380 2790 606 2845 corpus,
635 2773 1017 2830 sublimiorem
1054 2772 1313 2828 videlicet
1353 2787 1420 2827 ac
1455 2773 1733 2842 majestati
1761 2773 1965 2829 divinae

381 2866 889 2924 convenientiorem
916 2865 985 2920 de
1011 2879 1078 2919 eo
1106 2862 1340 2936 Deipara
1361 2864 1589 2920 haberet
1622 2865 1961 2934 Opinionem,

379 2960 541 3029 quasi
598 2959 902 3015 sectionem
951 2955 1251 3029 quamdam
1297 2971 1417 3013 eam
1467 2971 1785 3027 perpessam
1839 2974 1966 3014 esse

2060 1859 2121 1913 ἓν
2164 1858 2353 1932 ὥσπερ
2392 1859 2458 1913 ἂν
2496 1859 2831 1931 άδιάτμητον
2867 1858 3046 1930 σῶμα,
3076 1856 3417 1929 ύῴειιλοτέραν
3455 1873 3516 1910 τε
3548 1857 3645 1909 καὶ

2062 1952 2540 2024 θεοπρεπεστέραν
2587 1952 2716 2022 περὶ
2762 1949 2929 2009 αὑτοῦ
2972 1950 3206 2021 ἐχούσης
3241 1948 3344 2019 τῆς
3377 1946 3643 2001 Θεοτόκου

2063 2043 2332 2115 ὑπόληψιν
2358 2083 2373 2107 ,
2443 2043 2617 2114 τομὴν
2666 2042 2854 2113 ὥσπερ
2919 2038 3044 2094 τινὰ
3091 2037 3421 2093 πεπονθέναι
3473 2037 3646 2108 αὐτὴν

2062 2133 2417 2205 νομιούμεθα,
2446 2134 2505 2187 ὲν
2528 2132 2607 2204 τῷ
2628 2132 2801 2203 ἀδόξῳ
2832 2131 2930 2202 τῆς
2961 2128 3342 2201 σταυρώσεως,
3377 2130 3427 2183 εί
3461 2128 3554 2182 καὶ
3583 2128 3650 2181 τὸ

2060 2226 2160 2295 τῆς
2190 2226 2543 2288 ἀναστάσεως
2573 2224 2759 2294 θαῦμα
2790 2222 3118 2277 συνούλωσιν
3152 2221 3392 2291 παντελῆ
3430 2221 3527 2291 τῆς
3556 2236 3647 2272 το-

2067 2317 2173 2387 μῆς
2204 2316 2603 2386 ἀπειργάσατο.
2648 2315 2787 2368 Ἀλλ’
2816 2314 2935 2369 οὐδὲ
2966 2313 3133 2384 μόνην
3162 2310 3335 2383 αὐτὴν
3364 2309 3445 2380 τῷ
3475 2308 3648 2362 τοιού-

2061 2425 2139 2478 τῳ
2178 2408 2335 2461 πάθει
2354 2408 2674 2479 ἐνσχεθῆναι
2704 2406 2981 2479 σημαίνει,
3019 2405 3134 2460 ἀλλ’
3157 2406 3223 2459 ὲκ
3269 2401 3480 2457 πολλῶν
3515 2418 3646 2473 x19-

2063 2498 2192 2552 διῶν
2238 2497 2624 2570 διαλογισμοὺς
2653 2496 2985 2569 ἀμφιϐολίας
3023 2513 3083 2549 τε
3109 2495 3204 2550 καὶ
3224 2494 3491 2565 διχονοίας
3517 2494 3648 2546 ἁνα-

2066 2591 2302 2661 φανῆναι
2335 2591 2632 2662 προλέγει·
2691 2591 2767 2655 ὡς
2797 2591 2863 2645 ἂν
2897 2591 2955 2643 ὲν
2986 2589 3065 2660 τῷ
3111 2587 3352 2659 διαφόρῳ
3388 2586 3497 2639 τῶν
3524 2585 3652 2656 περὶ

2065 2684 2232 2737 αὑτοῦ
2263 2683 2607 2753 ὑπολήψεων,
2643 2684 2716 2754 μή
2746 2700 2867 2737 τινα
2898 2682 3085 2736 κλόνον
3110 2679 3265 2751 σχοίη
3292 2681 3327 2750 ή
3352 2679 3652 2749 Θεομήτωρ

2066 2773 2366 2845 Παρθένος.
2415 2773 2629 2845 Ἐπειδὴ
2655 2773 2713 2826 δὲ
2750 2776 2785 2844 ἡ
2814 2771 3085 2843 προφῆτις
3115 2772 3281 2831 Ἅννα
3309 2771 3374 2825 ὲκ
3407 2767 3503 2821 τοῦ
3551 2767 3653 2837 γή-

2069 2882 2179 2938 ρως
2213 2865 2444 2937 ἀδρανὲς
2470 2882 2524 2918 τι
2555 2866 2649 2918 καὶ
2691 2865 2753 2919 οὐ
2803 2864 2925 2919 λίαν
2969 2861 3296 2927 ἐξακουστὸν
3333 2859 3649 2930 φθέγγεται,

2066 2955 2184 3009 ἀλλ’
2203 2956 2325 3009 οὐδὲ
2356 2957 2417 3008 τὸ
2446 2956 2649 3026 ὑψηλὸν
2674 2956 3003 3025 Εὑαγγέλιον
3021 2951 3298 3017 αὐτολεξεὶ
3315 2953 3383 3005 τὰ
3399 2951 3457 3018 ἐξ
3482 2949 3653 3018 αὐτῆς

381 3051 831 3107 existimabimus
864 3066 964 3121 per
997 3050 1422 3122 ignominiosam
1458 3049 1611 3103 illam
1647 3050 1959 3105 οι·υοὶίίχίοο

2068 3048 2328 3118 λεχθέντα
2359 3050 2670 3120 παρήγαγε·
2698 3050 2915 3120 πρῶτον
2935 3048 3032 3119 μὲν
3058 3049 3123 3100 ὲκ
3138 3044 3230 3099 τοῦ
3265 3040 3652 3113 εὐαγγελιστοῦ

380 3156 551 3209 nem,
618 3141 722 3197 etsi
775 3139 1208 3197 reswrectionis
1266 3138 1599 3194 miraculum
1662 3139 1963 3194 sectionem

2074 3140 2399 3210 πυθώμεθα,
2423 3142 2506 3204 τίς
2540 3158 2598 3195 τε
2628 3142 2722 3194 καὶ
2747 3141 2910 3194 πόθεν
2932 3140 3070 3212 αὕτη
3095 3138 3421 3208 καθέστηκε,
3450 3135 3540 3190 καὶ
3560 3136 3653 3187 ἐπὶ

381 3235 545 3306 plena
581 3245 746 3305 atque
781 3231 1024 3305 perfecta
1083 3232 1245 3303 quasi
1284 3230 1546 3287 cicatrice
1603 3230 1838 3285 obdurta
1875 3248 1963 3286 sa-

2071 3233 2246 3295 ποίοις
2276 3233 2370 3285 καὶ
2406 3234 2536 3286 πότε
2566 3231 2645 3303 τῷ
2679 3231 2809 3303 ἱερῷ
2830 3232 3151 3303 ἐφέστηκεν,
3181 3225 3337 3292 αὖθίς
3382 3244 3441 3281 τε
3493 3227 3655 3279 τίνων

381 3327 555 3383 navit.
588 3324 697 3382 Sed
724 3340 826 3381 nec
859 3324 1034 3380 solam
1063 3322 1289 3394 quidem
1321 3321 1475 3377 illam
1499 3320 1777 3391 ejusmodi
1807 3322 1963 3375 casui

2070 3324 2224 3392 ἔλεγε
2259 3324 2500 3378 διάνοιαν
2533 3324 2933 3394 ὲρευνήσωμεν.

384 3431 552 3494 atque
598 3419 875 3476 aﬂectioni
935 3419 1219 3490 alligatum
1261 3416 1332 3471 iri
1384 3423 1440 3471 et
1492 3416 1788 3470 obnoxiam
1843 3417 1962 3471 fore
2000 3420 2298 3489 signiﬁcat,
2327 3418 2424 3473 sed
2455 3416 2701 3472 futurum
2727 3418 2893 3473 etiam
2922 3414 3188 3487 prmdieit,
3262 3423 3321 3469 ut
3377 3429 3442 3468 ex
3469 3411 3654 3466 multis

384 3514 651 3573 cordibus
710 3515 1076 3588 cogitationes
1128 3512 1437 3584 ambiguae,
1486 3511 1871 3567 discordantes
1916 3519 1970 3567 et
2045 3514 2320 3584 ancipites
2374 3514 2900 3581 manifestarentur;
2953 3529 3023 3568 ue
3074 3512 3129 3566 in
3214 3509 3534 3566 diversitate
3588 3508 3656 3559 de

385 3609 481 3667 illo
509 3609 833 3680 opinionum
874 3604 1042 3678 Virgo
1084 3604 1178 3660 Dei
1229 3606 1467 3677 genitrix
1505 3606 1691 3675 aliquo
1726 3607 1889 3662 modo
1926 3610 2365 3678 perturbaretur.
2407 3610 2681 3678 Quoniam
2746 3618 2929 3666 autem
2967 3608 3124 3663 Anna
3159 3605 3506 3680 prOpbetissa
3547 3616 3658 3671 prae

386 3686 670 3763 senectute
706 3700 849 3756 exile
884 3696 1148 3771 quiddam
1185 3698 1450 3769 loquitur,
1482 3700 1631 3770 quod
1661 3701 1824 3755 etiam
1848 3717 1958 3759 non
2000 3704 2294 3761 admodum
2352 3706 2504 3762 clare
2552 3705 2810 3762 exaudiri
2874 3713 3094 3776 potest,
3166 3718 3230 3761 ac
3283 3718 3351 3757 ne
3424 3698 3658 3755 sublime

387 3794 613 3863 quidem
659 3790 1016 3861 Evangelium
1085 3788 1153 3843 ad
1189 3788 1419 3845 verbum
1465 3790 1746 3846 memoria:
1809 3793 2055 3864 prodidit
2093 3811 2159 3850 ea
2194 3812 2319 3867 quae
2349 3796 2591 3862 dixerit,
2640 3798 2877 3869 primum
2938 3796 3158 3869 quidem
3213 3796 3281 3851 ab
3318 3793 3657 3866 evangelista

386 3888 742 3948 sciscitemur
787 3896 1040 3954 quaenam
1092 3888 1147 3936 et
1183 3881 1330 3937 unde
1364 3881 1484 3952 ipsa
1518 3882 1727 3950 fuerit,
1792 3884 2024 3956 cujusve
2098 3889 2177 3942 rei
2231 3889 2408 3959 gratia
2466 3896 2521 3944 et
2569 3889 2791 3960 quando
2844 3890 2902 3945 in
2944 3888 3204 3959 templum
3257 3890 3655 3957 supervenerit.

386 3976 586 4041 deinde
619 3987 869 4046 quaenam
910 3971 1078 4026 fuerit
1106 3986 1325 4037 eorum,
1364 3987 1485 4042 quae
1508 3973 1732 4042 dixerit,
1761 3978 2062 4044 sententia,
2095 3987 2436 4036 scrutemur.

457 4070 548 4124 Ait
572 4069 739 4139 igitur
772 4066 966 4122 beatus
992 4065 1168 4121 Lucas
1198 4085 1210 4121 :
1245 4064 1380 4121 Erat
1423 4066 1580 4123 Anna
1610 4071 1971 4138 prophetissa,

393 4163 504 4218 ﬁlia
528 4159 841 4224 Phanuelis,
872 4158 939 4213 de
983 4156 1126 4211 tribu
1155 4158 1308 4212 Aser.
1371 4158 1503 4213 ﬂare
1554 4170 1711 4215 rotate
1747 4161 1973 4219 multum

388 4264 634 4327 provecta
665 4262 801 4317 erat,
838 4268 898 4306 ac
931 4252 1136 4307 vixerat
1164 4266 1283 4303 cum
1308 4252 1417 4306 viro
1447 4268 1543 4307 suo
1582 4270 1748 4308 annos
1778 4264 1974 4324 septem

391 4367 423 4402 a
461 4347 764 4417 virginitate
783 4360 882 4398 sua
907 4359 923 4396 :
946 4353 995 4398 et
1027 4343 1139 4397 ha'c
1168 4344 1327 4399 vidua
1354 4350 1468 4397 erat
1494 4361 1661 4399 annos
1702 4355 1834 4399 nata
1870 4346 1975 4399 οὖν-

391 4441 520 4495 riter
551 4438 819 4507 octoginta
850 4432 1101 4507 quatuor,
1133 4452 1249 4504 qua:
1275 4452 1380 4490 non
1408 4436 1711 4491 discedebat
1748 4438 1811 4493 de
1844 4448 1975 4491 tem-

2149 4075 2286 4145 Φησὶ
2305 4075 2483 4128 τοίνυν
2513 4076 2541 4128 ὁ
2582 4076 2847 4146 μακάριος
2880 4074 3125 4138 Λουκᾶς,
3152 4073 3227 4136 ὡς
3258 4068 3380 4128 Ἦν
3405 4075 3582 4129 Ἄννα
3614 4073 3654 4142 ἠ

2081 4165 2376 4236 προφῆτις
2422 4165 2685 4235 θυγάτηρ
2734 4164 3018 4232 Φανουὴλ
3061 4167 3129 4218 ἐκ
3170 4164 3377 4235 φυλῆς
3428 4164 3611 4235 Ἀσήρ
3639 4182 3655 4197 ·

2080 4258 2232 4324 αὔτη
2280 4256 2681 4325 προϐεϐηκυῖα
2727 4257 2797 4311 ἐν
2843 4256 3092 4327 ἡμέραις
3130 4257 3388 4324 πολλαῖς
3424 4257 3659 4328 ζήσασα

2074 4348 2224 4417 μετὰ
2249 4348 2467 4416 ἀνδρὸς
2495 4349 2600 4417 ἔτη
2624 4348 2774 4402 ἑπτὰ
2800 4348 2920 4402 ἀπὸ
2948 4348 3057 4416 τῆς
3094 4349 3418 4418 παρθενίας
3440 4347 3621 4416 αὐτῆς
3641 4365 3654 4377 '

2081 4441 2353 4510 καὶαὺτὴ
2394 4442 2550 4512 χήρα
2595 4444 2676 4509 ὡς
2714 4442 2867 4497 ἐτῶν
2891 4442 3263 4512 ὀγδοήκοντα
3308 4442 3621 4511 τεσσάρων
3644 4459 3658 4472 ·

390 4531 498 4600 pla,
525 4528 750 4600 jejuniis
787 4536 837 4581 et
881 4526 1337 4594 deprecationibus
1375 4525 1540 4581 Deum
1580 4528 1754 4582 colens
1796 4539 1963 4582 nocte:

2078 4532 2117 4600 ἢ
2173 4535 2284 4587 οὐκ
2333 4534 2628 4604 ἀφίστατο
2684 4535 2804 4590 ἀπὸ
2844 4536 2950 4589 τοῦ
2988 4535 3173 4603 ἱεροῦ,
3207 4535 3515 4601 νηστείαις
3562 4533 3661 4587 καί

394 4633 551 4693 atque
583 4620 717 4685 dies,
749 4628 799 4673 et
825 4618 935 4675 haec
963 4619 1014 4671 in
1048 4618 1167 4686 ipsa
1206 4618 1341 4671 hora
1365 4630 1521 4687 atque
1571 4618 1799 4672 articulo
1836 4630 1972 4673 tem-

392 4716 540 4784 poris
591 4712 961 4782 superveniens
1018 4727 1201 4764 coram
1265 4711 1619 4779 conﬁtebatur
1670 4714 1976 4783 gratiasque

392 4808 504 4862 Deo
531 4803 788 4874 agebat,et
827 4798 1137 4870 loquebatur
1163 4798 1227 4853 de
1252 4799 1347 4853 illo
1389 4801 1633 4855 omnibus
1673 4803 1762 4872 qui
1795 4817 1977 4869 exspe-

395 4896 613 4954 ctabant
638 4894 1042 4962 redemptionem
1070 4893 1124 4946 in
1148 4890 1533 4948 Jerusalem“.
1561 4892 1702 4960 Quid
1730 4894 1831 4950 sibi
1862 4896 1977 4950 vult

395 4988 542 5059 quod
577 4999 687 5042 tam
723 4992 1041 5041 accuratam
1074 4998 1138 5039 ac
1162 4986 1378 5055 plenam
1407 4985 1473 5040 de
1494 4985 1599 5039 hac
1625 4985 1974 5056 prophetissa

395 5081 773 5138 narrationem
809 5076 1149 5151 evangelista
1196 5076 1443 5133 instituit
1507 5088 1673 5148 atque
1721 5078 1972 5149 exponit,

397 5181 460 5230 ut
485 5172 651 5228 etiam
678 5170 851 5243 patris
876 5169 999 5239 ejus
1036 5184 1104 5223 ac
1125 5168 1324 5232 tribus,
1349 5175 1513 5238 atque
1541 5183 1731 5222 earum
1768 5182 1973 5230 rerum,

394 5284 519 5339 quae
548 5263 616 5321 de
644 5264 865 5319 nemine
902 5262 1293 5334 propemodum
1322 5261 1431 5315 alio
1455 5260 1731 5315 memoria:
1761 5259 1976 5331 prodita

395 5356 771 5429 reperiuntur,
803 5354 1141 5410 mentionem
1171 5342 1337 5408 faciat
1363 5352 1387 5405 ?
1425 5353 1504 5406 Ae
1536 5366 1716 5407 veram
1751 5350 1972 5422 quidem

396 5451 563 5521 hujus
597 5448 675 5503 rei
707 5446 977 5501 rationem
1012 5446 1129 5515 ipse
1168 5453 1488 5500 sanctorum
1536 5441 1681 5501 Deus
1731 5445 1973 5512 noverit,

471 5652 514 5682 ⁸ο
570 5651 738 5705 ί-ῖτοιΙ.
771 5647 1066 5709 χχχιιιλθ,
1104 5647 1192 5702 50.
1276 5649 1317 5679 δ’
1360 5647 1400 5702 ll
1439 5650 1564 5702 Cor.
1620 5664 1705 5715 ιιι,
1748 5650 1831 5706 18.

401 5720 456 5788 θ,
495 5721 548 5777 8.
614 5722 657 5753 δ’
694 5719 827 5776 L-uc.
864 5736 931 5784 ιι,
1145 5718 1187 5765 “.5
1232 5718 1361 5775 ibid.
1402 5720 1490 5784 56,
1523 5719 1610 5774 58.

1953 5652 2000 5685 "
2030 5650 2164 5707 Luc.
2197 5666 2258 5719 ιι,
2299 5651 2388 5709 54.

2076 4626 2327 4691 δεήσεσι
2345 4629 2725 4695 ,λατρεύουσα
2747 4630 2936 4682 νύκτα
2965 4628 3062 4681 καὶ
3084 4626 3332 4697 ἡμέραν·
3367 4625 3463 4679 καί
3486 4626 3660 4693 αὕτη,

2076 4718 2232 4786 αὑτῇ
2249 4718 2323 4787 τῇ
2341 4718 2461 4787 ὥρᾳ
2486 4719 2811 4785 ἐπιστᾶσα,
2835 4717 3307 4788 ἀνθωμολογεῖτο
3324 4716 3403 4782 τῷ
3425 4713 3545 4781 Θεῷ
3564 4716 3665 4769 καὶ

2077 4809 2282 4863 ἐλάλει
2314 4809 2448 4878 περὶ
2475 4809 2664 4865 αὑτοῦ
2696 4808 2845 4865 πᾶσι
2872 4811 2997 4877 τοῖς
3025 4810 3523 4879 προσδεχομένοις
3554 4809 3666 4862 .ιὺ-

2079 4917 2302 4969 τρωσιν
2356 4901 2425 4954 ἐν
2483 4901 2892 4971 Ἰερουσαλήμ.
2926 4902 3020 4966 Τίς
3044 4904 3072 4955 ὁ
3101 4902 3255 4973 λόγος
3286 4902 3381 4955 τοῦ
3409 4901 3666 4971 τοιαύτην

2079 4991 2282 5063 ἀκριϐῆ
2308 4992 2407 5061 τὴν
2434 4993 2562 5063 περὶ
2585 4993 2686 5062 τῆς
2714 4992 3050 5064 προφήτιδος
3083 4992 3289 5065 ταύτης
3320 4992 3411 5045 τὸν
3444 4993 3668 5060 εὐαγγε-

2078 5082 2267 5154 λιστὴν
2294 5082 2627 5155 ποιήσασθαι
2654 5083 2754 5155 τὴν
2783 5086 3087 5156 ἀφήγησιν,
3120 5084 3260 5139 ὥστε
3292 5085 3387 5139 καὶ
3416 5083 3507 5138 τὸν
3532 5081 3665 5137 ταύ-

2078 5190 2178 5243 της
2200 5174 2433 5246 πατέρα,
2460 5175 2551 5228 καὶ
2582 5174 2681 5246 τὴν
2714 5174 2888 5247 φυλὴν
2920 5178 2977 5229 ὲν
3002 5176 3294 5247 ὲπιμνήσει
3318 5174 3664 5247 ποιήσασθαι,

2079 5261 2173 5314 καὶ
2191 5262 2327 5334 ὅπερ
2345 5264 2431 5315 ἐπ’
2447 5263 2623 5316 οὐδενὶ
2640 5264 2813 5335 ἑτέρῳ
2835 5264 3018 5336 σχεδὸν
3041 5266 3396 5337 ἱστορημένον
3416 5264 3477 5318 εὖ
3487 5278 3667 5336 putat;

2081 5352 2184 5405 Τὸν
2214 5354 2311 5424 μὲν
2347 5353 2475 5425 περὶ
2514 5353 2706 5408 τούτου
2756 5356 2959 5428 ἀκριϐῆ
2989 5356 3147 5426 λόγον
3181 5357 3338 5428 μόνος
3388 5355 3455 5411 ἂν
3502 5355 3668 5424 εἰδείη

2081 5443 2239 5509 αὐτὸς
2272 5445 2301 5499 ό
2330 5444 2437 5501 τῶν
2485 5447 2655 5516 ἁγίων
2697 5447 2850 5514 Θεὸς,
2888 5448 2980 5502 καὶ
3023 5449 3072 5503 οί
3119 5450 3186 5519 τῇ
3218 5448 3380 5502 αὐτοῦ
3412 5448 3669 5516 ἐπιπνοίᾳ.

2486 5652 2533 5686 ³³
2563 5652 2675 5711 lsa.
2709 5668 2855 5721 χιιι,
2899 5652 2967 5722 6,
3005 5669 3198 5720 xxvut,
3242 5654 3335 5720 lt};
3375 5651 3567 5707 lPetr.
3598 5662 3667 5717 tt,
