4092 6378
366 333 501 389 H77

1486 336 1574 391 DE
1610 336 1930 394 OCCURSU
2008 336 2272 403 DOlllNl,
2314 335 2476 391 ETC.

3462 330 3603 386 H78

360 456 638 527 Πνεύματι
668 454 847 509 λαλεῖν
878 455 1016 509 κατὰ
1053 456 1141 509 τὸν
1189 456 1328 509 θεῖον
1371 455 1689 510 ’Λπόστολον
1722 456 1930 510 δεδιδα-

2035 463 2089 509 et
2113 455 2206 525 qui
2233 455 2354 524 ejus
2394 453 2755 524 inspiratione
2808 460 2863 508 et
2890 452 3155 508 instinctu
3194 450 3432 518 Spiritus
3488 450 3608 518 ejus

360 549 550 619 γμένοι
580 548 856 619 μυστήρια
878 564 893 580 ο
922 548 1063 602 κατὰ
1081 549 1137 601 δὲ
1166 549 1226 601 τὸ
1252 550 1383 619 ήμῖν
1421 548 1659 617 ἐφικτὸν,
1693 549 1786 601 καὶ
1815 549 1936 601 ὲτὲ-

365 656 463 707 ρας
492 638 611 690 κατ’
643 639 817 690 ἐκεῖνο
868 637 1059 708 καιροῦ
1104 641 1169 708 τῇ
1221 638 1465 708 μακαρίᾳ
1488 638 1664 711 ταύτῃ
1704 637 1938 691 συνωνύ-

363 746 497 799 μους
524 729 789 799 ὑπάρχειν
813 730 1013 799 φαμὲν,
1042 731 1138 783 καὶ
1172 730 1282 783 τῶν
1310 731 1487 783 αὑτῶν
1516 730 1695 801 ἐκείνῃ
1718 730 1935 800 ἔχεσθαι

363 820 521 890 ἱερῶν
556 820 1006 889 σπουδασμὰτων,
1038 821 1133 874 τοῦ
1170 822 1227 873 ὲν
1256 821 1530 890 νηστείαις
1574 822 1665 874 καὶ
1700 836 1936 892 προσευ-

362 913 483 979 χαῖς
517 913 967 981 προσκαρτερεῖν.
1012 912 1153 982 Πρὸς
1206 908 1299 965 οὖν
1328 912 1389 964 τὸ
1432 912 1680 981 εὑκρινὲς
1710 908 1844 967 εἶναι
1875 912 1936 964 τὸ

361 999 563 1071 ταύτης
620 1002 929 1072 πρόσωπον,
972 1005 1038 1072 τῇ
1083 1001 1176 1055 τοῦ
1210 1003 1413 1073 πατρὸς
1447 1004 1617 1071 αὑτῆς
1644 1005 1935 1074 ὲπιμνήσει

363 1092 457 1145 καὶ
508 1092 608 1162 τῆς
655 1075 827 1163 φυλῆς
878 1093 939 1146 τὸ
993 1093 1121 1147 ἴδιον
1174 1094 1625 1165 προσεγράαβατο·
1677 1096 1934 1164 μεγάλοις

359 1184 416 1236 δὲ
449 1185 617 1255 αὑτήν
663 1185 956 1254 ὲγκωμίοις
990 1184 1273 1255 ἐστέψατο,
1316 1185 1410 1238 καὶ
1446 1187 1659 1249 πάντως
1691 1187 1749 1239 τὸ
1782 1185 1933 1257 παρὰ

361 1278 469 1338 τοῖς
498 1274 785 1328 ἀκούουσιν
834 1275 1144 1339 ἀξιόπιστον
1177 1277 1408 1346 ἔχουσιν,
1436 1272 1515 1339 οἷς
1538 1279 1630 1331 καὶ
1672 1279 1801 1348 περ).
1836 1278 1928 1331 τοῦ

362 1369 566 1439 Κυρίου
598 1368 885 1437 διελέγετο.
937 1369 1075 1422 Ἀλλ’
1116 1372 1326 1442 ἐπειδὴ,
1376 1372 1452 1435 ὡς
1486 1373 1718 1442 εἴρηται,
1748 1374 1808 1425 τὸ
1840 1372 1931 1425 τοῦ

360 1456 518 1524 λόγου
567 1456 893 1527 διηχημὲνον
940 1460 1033 1512 καὶ
1084 1459 1465 1530 μεγαλόφωνον
1497 1461 1599 1514 ὑπὸ
1627 1460 1721 1513 τοῦ
1748 1463 1933 1532 γήρως

360 1545 659 1616 ἀφῄρηται,
692 1546 917 1618 πλησίον
933 1547 1101 1616 αὑτῆς
1132 1548 1319 1620 ὥσπερ
1348 1549 1440 1602 τοῦ
1466 1550 1730 1620 στόματος
1754 1551 1813 1603 τὸ
1841 1548 1934 1615 οὖς

360 1637 456 1707 τῆς
485 1637 719 1701 διανοίας
751 1638 1025 1708 ἐνθέμενοι
1054 1639 1142 1692 διὰ
1170 1639 1269 1709 τῆς
1308 1641 1589 1713 παρούσης
1624 1642 1934 1706 ὑποθέσεως

361 1728 607 1799 ἐρεύνης,
650 1728 846 1797 ἴδωμεν
883 1729 935 1781 τί
965 1731 1057 1782 καὶ
1089 1730 1225 1800 αὕτη
1259 1730 1527 1800 διελέγετο
1565 1734 1677 1796 τοῖς
1706 1732 1802 1804 τὴν
1840 1733 1931 1786 λύ-

358 1836 557 1891 τρωσιν
578 1820 1029 1891 προσδεχομένοις
1054 1822 1112 1873 ἐν
1151 1822 1456 1893 Ἰερουσαλή
1468 1841 1525 1893 μ.
1559 1824 1715 1876 Κατὰ
1738 1800 1845 1895 γὰρ
1874 1825 1933 1877 τὸ
1964 1800 2005 1856 Β

357 1911 454 1979 τῆς
476 1912 683 1971 ἑννοίας
703 1911 991 1964 ἀκόλουθον
1019 1912 1084 1964 ἐκ
1101 1912 1207 1965 τῶν
1236 1914 1588 1984 προςρητικῶν
1622 1915 1814 1983 λόγων,
1837 1914 1933 1985 τὴν

358 2002 488 2073 περὶ
519 2002 613 2056 τοῦ
662 2004 865 2073 Κυρίου
924 2006 1156 2057 ἐποιεῖτο
1185 2004 1417 2068 διάλεξιν
1436 2021 1450 2036 °
1482 2006 1605 2057 ἐπεὶ
1632 2007 1724 2059 καὶ
1764 1999 1931 2073 οὗτοι,

359 2093 495 2162 πρὸς
521 2092 615 2157 οὓς
634 2092 805 2147 ταῦτα
842 2092 1021 2147 λαλεῖν
1050 2095 1220 2166 αὐτὴν
1248 2095 1311 2147 τὸ
1340 2096 1673 2164 Εὑαγγέλιον
1711 2096 1931 2165 ἔφησεν,

358 2186 572 2247 πάντως
594 2187 658 2238 ἐκ
684 2184 789 2237 τῶν
819 2186 875 2239 ὲν
900 2186 1007 2248 τοῖς
1039 2186 1342 2256 προφήταις
1364 2187 1745 2257 ἐκφερομένων
1775 2189 1933 2240 θείων

357 2273 620 2343 χρησμῶν
655 2273 1047 2345 προσδέχεσθαι
1079 2274 1348 2346 λύτρωσιν
1371 2276 1772 2347 μεμαθήκασιν.
1795 2277 1933 2329 Πάν-

356 2382 464 2428 τως
493 2366 628 2436 αὑτῇ
660 2367 946 2437 πρόχειρος
979 2368 1057 2430 είς
1097 2367 1418 2438 ὑπογραφὴν
1445 2368 1538 2421 τοῦ
1576 2370 1873 2440 μυστήριου
1906 2372 1933 2423 ὁ

356 2456 449 2509 τος
474 2458 705 2527 μεγάλου
734 2458 952 2511 Ἡσαΐου
973 2458 1131 2527 λόγος
1150 2461 1453 2530 καθέστηκε
1472 2478 1483 2490 ·
1509 2461 1751 2515 Παιδίον
1766 2462 1932 2531 ἐκγεν-

358 2546 508 2613 ἰ-ήθη
538 2547 698 2614 ἡμῖν,
724 2548 853 2613 υίὸς
900 2548 997 2601 καὶ
1021 2549 1200 2617 ἐδόθη
1231 2550 1395 2619 ἡμῖν,
1419 2548 1491 2605 οὗ
1518 2552 1555 2619 η
1594 2551 1749 2620 ἀρχὴ
1779 2552 1933 2620 ἐγενο

358 2636 509 2704 νήθη
526 2638 621 2690 ἐπὶ
640 2638 745 2692 τοῦ
767 2638 926 2707 ὤμου
939 2640 1145 2705 αὑτοῦ,
1164 2642 1262 2694 καὶ
1282 2641 1370 2694 ὅτι
1387 2642 1647 2696 καλεῖται
1664 2644 1731 2695 τὸ
1748 2644 1934 2713 ὅνομα

355 2729 540 2782 αὐτοῦ
564 2729 831 2798 μεγάλης
851 2732 1093 2801 ,ϐουλῆς
1123 2734 1419 2803 Ἄγγελος.
1452 2734 1563 2786 Καὶ
1588 2733 1714 2804 μὴν,
1752 2735 1932 2787 Φωτί-

356 2811 401 2872 ζ.
422 2830 476 2872 υ,
511 2812 780 2880 φωτίζου,
810 2814 1221 2883 Ἰερουσαλήμ·
1250 2816 1381 2883 ἥκει
1410 2816 1517 2885 γάρ
1548 2832 1662 2870 σου
1690 2818 1756 2869 τὸ
1786 2816 1929 2884 φῶς,

356 2904 449 2955 καί
480 2905 516 2973 ἡ
540 2904 689 2968 δόξα
720 2906 935 2971 Κυρίου
960 2905 1057 2958 ἐπὶ
1079 2907 1153 2958 σὲ
1176 2906 1604 2961 ἀνατέταλκεν.
1633 2906 1743 2960 Καὶ
1770 2906 1933 2959 Δαυῒδ

354 2998 381 3047 ὁ
422 2994 592 3064 μέγας
616 2997 921 3067 παρήγετο’
964 2999 1169 3063 Ἔλεος
1208 2998 1305 3051 καί
1355 2997 1603 3064 ἀλήθεια
1631 2999 1933 3065 συνήντη-

355 3102 494 3149 σαν,
533 3084 885 3154 δικαιοσύνη
926 3086 1021 3139 καὶ
1070 3086 1277 3155 εἰρήνη
1319 3089 1765 3156 κατεφίλησαν·
1812 3088 1928 3151 καὶ,
1959 3128 1999 3185 C

358 3175 625 3230 Εἵδοσαν
662 3176 858 3230 πάντα
887 3177 957 3231 τὰ
987 3166 1211 3247 πέρατα
1256 3178 1362 3246 τῆς
1402 3178 1512 3248 γῆς
1537 3179 1600 3232 τὸ
1638 3179 1932 3247 σωτήριον

354 3268 459 3322 τοῦ
500 3268 646 3322 Θεοῦ
697 3267 880 3337 ἡμῶν.
922 3271 1031 3323 Καὶ
1081 3271 1426 3333 ὲνδεικτικῶς
1477 3273 1556 3333 είς
1585 3272 1743 3324 αὑτόν
1767 3290 1781 3303 ο
1812 3274 1931 3338 Πρὸ

355 3359 459 3412 τοῦ
482 3359 659 3426 ἡλίου
685 3358 942 3429 διαμένει
961 3360 1024 3413 τὸ
1052 3361 1239 3430 ὄνομα
1266 3361 1472 3422 αὑτοῦ,
1496 3363 1589 3415 καὶ
1614 3363 1933 3431 breviorq-

355 3450 641 3515 θήσονται
658 3452 728 3504 ἐν
752 3450 910 3516 αὐτῷ
930 3451 1120 3507 πᾶσαι
1147 3455 1207 3506 αἱ
1231 3454 1419 3521 φυλαὶ
1443 3452 1553 3520 τῆς
1575 3452 1709 3520 τῆς.
1747 3454 1931 3507 Πάντα

354 3542 420 3595 τὰ
452 3541 579 3611 ἔθνη
612 3543 969 3611 μακαριοῦσίν
1008 3545 1188 3610 αὑτὸν,
1229 3546 1322 3599 καὶ
1364 3544 1733 3597 δουλεύσουσιν
1783 3544 1930 3615 αὐτῷ

355 3633 450 3686 καὶ
497 3636 961 3705 προσκυνήσουσιν
1008 3636 1186 3706 αὐτῷ’
1224 3638 1316 3689 καὶ
1349 3639 1430 3690 ὅτι
1460 3636 1776 3706 Ἐγνώρισε
1817 3638 1935 3691 K13-

347 3742 479 3793 ριος
516 3723 582 3777 τὸ
622 3726 920 3793 σωτήριον
948 3728 1134 3781 αὐτοῦ
1168 3731 1279 3791 τοῖς
1321 3730 1454 3791 υἱοῖς
1489 3729 1723 3799 Ἰσραήλ.
1768 3724 1932 3792 Αὖθίς

353 3832 412 3867 τε
442 3816 476 3884 ή
509 3816 666 3887 τιμία
697 3818 789 3869 καὶ
835 3818 1253 3889 ἀγγελοπεπρὴς
1304 3819 1396 3873 τοῦ
1445 3820 1609 3889 σοφοῦ
1650 3819 1929 3889 Μαλαχίου

355 3908 506 3979 φωνή
527 3924 541 3938 ⁸
577 3907 729 3961 Ἰδοὺ
758 3908 871 3978 ἐγὼ
901 3910 1216 3964 ἀποστελῶ
1244 3912 1349 3964 τὸν
1385 3910 1641 3981 ἄγγελόν
1662 3928 1804 3978 μου,
1832 3909 1932 3963 καὶ

354 3998 651 4067 ἑτοιμάσει
681 3999 825 4053 ὁδὸν
849 4001 961 4069 πρὸ
998 4003 1317 4069 προσώπου
1347 4020 1479 4056 σου·
1517 4002 1612 4055 καὶ
1639 4003 1929 4070 ἐξαίφνης

356 4088 488 4155 ἣξει
520 4092 606 4156 εὶς
635 4091 743 4145 τὸν
783 4091 933 4146 ναὸν
971 4094 1158 4147 αὐτοῦ
1188 4095 1424 4161 Κύριος,
1468 4093 1567 4148 καὶ
1605 4097 1637 4149 ό
1677 4093 1930 4164 ἄγγελος

354 4185 799 4257 τῆςδιαθήκης,
832 4188 903 4243 ὃν
925 4191 1096 4259 ὑμεῖς
1121 4190 1342 4246 θέλετε.

428 4478 537 4531 Καὶ
560 4478 738 4541 ἄλλοις
769 4472 987 4530 ἄλλοθεν
1032 4490 1382 4549 προφητικων
1422 4478 1615 4547 λογίων
1650 4486 1930 4549 μυστικοῖς

356 4568 542 4623 ἄνθεσι
605 4569 666 4622 τὸ
704 4569 949 4637 θεολόγον
985 4572 1076 4622 καὶ
1122 4570 1389 4641 μακάριον
1415 4570 1609 4640 στέφος
1647 4573 1928 4638 ὲπλέξατο,

357 4660 575 4715 ἀσθενεῖ
607 4662 705 4731 μὲν
750 4664 831 4714 ἔτι
865 4662 957 4715 καὶ
1006 4663 1297 4733 ὑποτρόμῳ
1339 4664 1499 4733 χειρὶ,
1530 4663 1603 4725 ὡς
1632 4664 1697 4734 δὴ
1737 4666 1932 4735 προδε-

358 4751 556 4821 δηκυῖα
608 4754 665 4803 ὲν
703 4753 935 4821 ήμέραις
986 4753 1223 4815 πολλαῖς.
1271 4755 1345 4805 Οὑ
1377 4753 1485 4825 γάρ
1526 4771 1628 4806 που
1672 4755 1931 4825 ὲχωρεῖτο

358 4845 475 4897 τότε
506 4846 617 4907 τοῖς
646 4844 933 4899 ἀκούουσιν
975 4847 1009 4915 ἡ
1036 4847 1144 4899 τῶν
1192 4846 1409 4915 ὑψηλῶν
1444 4847 1573 4917 περὶ
1598 4846 1690 4899 τοῦ
1722 4848 1930 4920 Κυρίου

358 4935 641 5005 νοημάτων
660 4937 952 5005 ἀφήγησις,
988 4936 1075 4988 ὅτε
1110 4937 1202 4989 καὶ
1236 4938 1373 5007 μετὰ
1402 4938 1499 5008 τὴν
1528 4938 1793 5007 τοσαύτην
1823 4938 1931 4991 τῶν

358 5029 599 5099 σημείων
619 5028 876 5092 ἐπίδειξιν
906 5029 998 5081 καὶ
1026 5028 1132 5081 τῶν
1158 5028 1353 5081 ἐνθέων
1389 5030 1702 5099 μυστηρίων
1729 5032 1934 5100 ἁνακή-

360 5119 508 5188 ρυξιν
561 5119 590 5170 ὁ
627 5117 736 5169 τῶν
766 5118 863 5186 τῆς
898 5118 1087 5184 σοφίας
1120 5119 1211 5169 καὶ
1242 5117 1340 5187 τῆς
1362 5118 1613 5185 γνώσεως
1637 5118 1927 5189 θησαυρῶν

354 5211 550 5281 ταμίας
575 5211 807 5283 Χριστὸς
839 5214 949 5272 τοῖς
979 5209 1169 5262 ἑαυτοῦ
1198 5209 1347 5277 ἔλεγε
1373 5209 1640 5279 μαθηταῖς
1666 5228 1677 5239 ·
1721 5210 1929 5264 Πολλὰ

354 5303 496 5371 ὑμῖν
524 5305 641 5371 ἔχω
700 5303 991 5370 λαλῆσαι,
1034 5302 1170 5355 ἀλλ’
1208 5304 1276 5355 οὐ
1315 5301 1579 5356 δύνασθε
1602 5302 1929 5366 βαστάζειν

356 5393 503 5460 ἄρτι.
526 5395 776 5464 Ὅμωςεί
804 5395 896 5448 καὶ
922 5391 1177 5461 ἀμυδρῶς
1201 5393 1233 5461 ή
1263 5391 1504 5462 γηραλέα
1533 5393 1625 5445 καὶ
1656 5393 1926 5463 προφῆτις

356 5483 443 5537 τὸν
471 5486 600 5553 περὶ
626 5484 720 5536 τοῦ
752 5484 956 5555 Κυρίου
990 5483 1279 5553 ἐποιήσατο
1308 5482 1486 5552 λόγον,
1521 5483 1594 5545 ὡς
1628 5482 1721 5536 τοῦ
1756 5483 1921 5552 νόμου

437 5684 481 5714 ⁵⁶
515 5684 530 5737 1
563 5685 689 5736 ('or.
720 5699 833 5743 XIV,
857 5684 910 5735 2.
991 5687 1031 5714 ⁸⁷
1056 5686 1155 5738 lsa.
1192 5702 1264 5750 ιχ,
1298 5685 1349 5738 6.
1430 5685 1470 5714 ’⁸⁸
1500 5683 1601 5737 lsa.
1641 5699 1728 5745 ιι,
1761 5686 1811 5737 l.

362 5756 445 5822 17,
482 5755 558 5807 ll.
637 5756 679 5785 ⁸²
712 5753 854 5809 l’sal.
898 5770 1059 5820 xcvn,
1088 5756 1142 5823 2,
1171 5756 1223 5810 5.

1905 5682 1947 5714 δ’
1970 5682 2113 5734 Psal.
2152 5697 2347 5735 LXXXIV
2369 5724 2381 5741 ,
2418 5683 2504 5740 Η.

1335 5754 1639 5808 ⁸³Μει1ιιι·ιι.
1682 5771 1763 5819 ιιι,
1804 5756 1855 5807 8.
1935 5754 1979 5785 ⁸³
2009 5752 2166 5808 Joan.
2200 5769 2309 5820 xvr,
2352 5754 2433 5809 l2.

2040 546 2299 618 mysteria
2330 547 2503 617 loqui,
2525 554 2585 600 ut
2615 546 2837 601 divinus
2864 544 3040 614 inquit
3069 543 3364 613 Apostolus
3382 541 3449 603 “,
3483 542 3611 594 edo-

2036 637 2109 689 eti
2150 644 2320 691 sunt:
2357 644 2638 706 quatenus
2673 643 2856 690 autem
2890 650 2993 689 nos
3038 634 3355 703 conjectura
3390 633 3606 700 assequi

2036 726 2341 796 potuimus,
2388 727 2551 781 etiam
2603 726 2740 780 alias
2795 726 2851 779 in
2918 726 3011 778 illo
3067 732 3313 792 tempore
3374 724 3613 777 dicimus

2036 817 2285 885 ejusdem
2320 832 2444 872 cum
2472 818 2633 873 beata
2674 817 2777 872 hac
2806 815 3043 872 nominis
3073 814 3267 873 fuisse,
3291 829 3412 881 quae
3446 813 3611 866 etiam

2035 909 2268 973 eisdem,
2301 909 2507 978 quibus
2564 908 2681 971 illa,
2711 908 2887 962 sacris
2941 906 3159 967 studiis,
3194 910 3252 957 ut
3300 905 3352 956 in
3386 902 3614 971 jejuniis

2035 1008 2090 1053 et
2144 1000 2495 1055 orationibus
2554 1000 2780 1054 assidue
2826 1003 3264 1068 perseverarent,
3310 996 3506 1049 deditae
3557 1000 3613 1048 et

2035 1087 2264 1143 addicra:
2310 1097 2521 1145 essent.
2573 1089 2647 1145 Ut
2683 1088 2854 1158 igitur
2904 1095 3054 1142 certa
3100 1092 3246 1141 esset
3275 1093 3330 1140 et
3386 1083 3455 1137 ab
3487 1082 3611 1135 aliis

2035 1180 2279 1235 discerni
2310 1180 2471 1236 facile
2518 1191 2703 1251 posset
2754 1182 2921 1250 hujus
2952 1194 3211 1252 persona,
3264 1176 3437 1247 patris
3489 1174 3610 1243 ejus

2034 1274 2302 1327 mentioni
2333 1275 2499 1327 etiam
2552 1275 2829 1345 propriam
2867 1274 3016 1328 illius
3059 1272 3260 1327 tribum
3312 1267 3607 1338 ascripsit:

2038 1379 2101 1417 ac
2138 1365 2351 1434 magnis
2375 1366 2652 1428 laudibus,
2684 1381 2805 1435 quae
2836 1380 3065 1436 prorsus
3091 1364 3254 1417 etiam
3289 1360 3431 1430 apud
3456 1360 3613 1413 audi-

2037 1464 2206 1519 tores,
2239 1456 2308 1509 iis
2345 1471 2469 1524 qua:
2494 1456 2560 1510 de
2592 1454 2826 1509 Domino
2853 1468 3070 1524 quoque
3111 1451 3351 1517 dicebat,
3388 1450 3497 1503 vim
3547 1448 3612 1501 li-

2037 1545 2121 1600 dei
2154 1547 2417 1602 facienda:
2448 1549 2726 1610 haberent,
2758 1563 2877 1601 eam
2915 1546 3157 1600 cumulat
3188 1553 3241 1598 et
3269 1551 3451 1597 ornat.
3502 1542 3611 1596 Sed

2038 1639 2322 1705 quoniam,
2357 1646 2415 1693 ut
2468 1639 2679 1693 dictum
2726 1646 2832 1701 est,
2871 1646 3129 1692 senectus
3185 1635 3421 1691 orationi
3459 1633 3611 1690 vocis

2037 1726 2427 1781 claritudinem
2461 1737 2518 1782 et
2550 1729 2917 1782 resonantiam
2958 1726 3184 1789 ademit,
3230 1725 3456 1795 propius
3489 1723 3611 1791 ejus

2036 1817 2193 1887 quasi
2221 1818 2303 1871 ori
2336 1818 2536 1875 mentis
2568 1834 2756 1874 aurem
2794 1818 3171 1881 admoventes,
3210 1833 3305 1886 per
3335 1831 3455 1871 eam
3487 1829 3610 1885 qua:

2037 1910 2292 1977 praesenti
2327 1910 2556 1964 inha2ret
2593 1920 2647 1965 et
2680 1910 2844 1965 insita
2893 1918 2978 1964 est
3025 1914 3367 1979 argumento,
3402 1914 3612 1961 scruta-

2036 2001 2264 2065 tionem,
2298 2002 2581 2057 videamus
2612 2002 2876 2071 quidnam
2917 2002 3082 2057 etiam
3118 2002 3232 2055 haec
3272 2000 3480 2054 diceret
3517 1997 3607 2059 iis,

2036 2094 2128 2162 qui
2152 2092 2519 2164 Jerosolymis
2548 2094 2938 2163 exspectabant
2970 2093 3422 2161 redemptionem.
3448 2088 3607 2153 Nam,

2037 2193 2198 2253 prout
2228 2194 2661 2241 consentaneum
2695 2201 2759 2240 ac
2792 2200 2889 2254 par
2928 2193 3014 2240 est
3070 2184 3335 2247 cogitare,
3370 2196 3437 2235 ex
3471 2179 3611 2235 scri-

2035 2277 2143 2344 ptis
2174 2278 2562 2345 prophetarum
2591 2279 2659 2333 de
2697 2277 2931 2330 Domino
2964 2276 3129 2329 verba
3161 2273 3397 2329 faciebat
3426 2290 3439 2325 :
3472 2286 3609 2341 quo-

2034 2366 2179 2417 niam
2212 2373 2264 2418 et
2298 2366 2399 2430 illi,
2429 2366 2495 2420 ad
2532 2382 2675 2435 quos
2725 2367 2841 2420 haac
2890 2382 3009 2420 eam
3055 2364 3204 2434 loqui
3256 2361 3608 2432 Evangelium

2033 2456 2191 2519 dixit,
2228 2472 2456 2526 prorsus
2487 2475 2553 2529 ex
2598 2458 2804 2515 divinis
2849 2458 3092 2513 oraculis
3138 2470 3258 2525 quae
3301 2461 3520 2509 exstant
3553 2452 3609 2507 in

2035 2547 2353 2614 prophetis,
2403 2545 2719 2601 didicerant
2774 2547 3206 2618 redemptionem
3264 2552 3606 2613 exspectare.

2033 2635 2272 2693 Prorsus
2304 2638 2369 2691 ad
2419 2637 2848 2694 describendum
2898 2640 3217 2710 mysterium
3253 2639 3310 2693 in
3354 2644 3609 2707 promptu

2035 2727 2226 2781 habuit
2284 2729 2465 2798 magni
2509 2728 2668 2784 Isaia:
2697 2731 2901 2784 verba:
2950 2730 3090 2784 Puer
3124 2738 3279 2783 natus
3320 2739 3397 2782 est
3437 2727 3608 2789 nobis,

2034 2820 2179 2886 ﬁlius
2203 2821 2362 2873 etiam
2387 2821 2548 2873 datus
2576 2830 2655 2874 est
2691 2821 2859 2879 nobis.
2889 2822 3038 2889 cujus
3074 2822 3350 2889 imperium
3380 2820 3484 2888 fuit
3518 2836 3610 2873 sn-

2032 2924 2121 2969 per
2150 2907 2427 2961 Immerum
2486 2910 2627 2977 ejus,
2676 2919 2725 2962 et
2772 2923 2993 2963 vocatur
3020 2926 3203 2963 nomen
3257 2909 3393 2978 ejus,
3432 2909 3611 2978 magni

2033 2997 2241 3049 consilii
2261 2996 2495 3051 Nuntius
2516 3000 2581 3050 ⁸⁷.
2599 2999 2749 3054 Adde
2773 3000 2859 3053 his
2882 3022 2893 3054 :
2923 2998 3257 3065 Illuntinare,
3283 3000 3608 3062 illuminare,

2033 3087 2333 3143 Jerusalem
2365 3108 2381 3143 :
2418 3093 2553 3144 venit
2597 3094 2738 3147 enim
2774 3093 2951 3147 lumen
2996 3103 3143 3146 tuum
3166 3106 3186 3145 :
3220 3103 3269 3147 et
3307 3094 3477 3163 gloria
3499 3091 3611 3147 Do—

2037 3182 2166 3233 mini
2195 3198 2350 3250 super
2402 3193 2449 3236 te
2480 3194 2665 3237 exorta
2700 3194 2775 3238 est
2812 3186 2879 3238 ‘3.
2923 3184 3097 3239 Etiam
3148 3201 3381 3255 magnus
3441 3183 3610 3243 David

2034 3272 2490 3342 producebatur:
2528 3274 2902 3329 Misericordia
2942 3285 2991 3329 et
3023 3277 3215 3329 veritas
3268 3276 3369 3329 sibi
3402 3273 3611 3329 obviam

2034 3373 2303 3425 venerunt,
2327 3363 2544 3433 justitia
2574 3375 2621 3419 et
2653 3381 2761 3433 pax
2782 3382 2892 3419 sese
2914 3375 3094 3418 mutuo
3120 3366 3374 3419 osculata?
3393 3375 3515 3418 sunt
3539 3365 3611 3441 ";

2034 3461 2110 3519 et,
2153 3452 2403 3507 Viderunt
2431 3471 2607 3509 omnes
2632 3457 2762 3523 lines
2786 3465 2937 3510 terra:
2959 3456 3198 3510 salutare
3216 3455 3312 3510 Dei
3343 3456 3511 3509 nostri
3537 3456 3610 3515 ⁵⁸.

2037 3545 2114 3598 Ac
2144 3546 2444 3600 indicative
2468 3546 2536 3599 de
2574 3562 2639 3600 eo
2668 3564 2681 3600 :
2716 3546 2790 3599 Ai.
2806 3556 2853 3601 te
2884 3548 3067 3611 solem,
3096 3548 3295 3617 inquit,
3338 3557 3612 3615 permanet

2035 3655 2219 3691 nomen
2271 3640 2419 3706 ejus,
2467 3656 2528 3691 ac
2582 3641 2950 3693 benedicentur
2999 3642 3052 3694 in
3104 3658 3163 3695 eo
3212 3658 3388 3696 omnes
3442 3642 3611 3697 tribus

2034 3740 2209 3784 terrae.
2258 3730 2447 3784 Omnes
2496 3739 2668 3800 gentes
2726 3730 2933 3784 beatum
2976 3748 3095 3786 eum
3144 3734 3353 3798 dicent,
3402 3747 3447 3789 et
3500 3752 3615 3795 sere

2036 3823 2170 3875 vient
2221 3823 2310 3887 ei,
2369 3834 2418 3876 et
2465 3823 2762 3877 adorabunt
2819 3840 2939 3877 eum
2975 3826 3056 3890 ";
3102 3834 3186 3890 et,
3240 3825 3441 3881 Notum
3487 3830 3614 3898 fecit

2036 3913 2293 3969 Dominus
2346 3916 2586 3969 salutare
2624 3932 2778 3970 suum
2828 3916 2956 3973 ﬁliis
3013 3919 3179 3974 Israel
3237 3920 3304 3973 ".
3342 3919 3611 3987 Prteterea

2036 4005 2278 4074 pretiosa
2309 4016 2364 4061 et
2391 4008 2642 4078 angelica
2687 4009 2953 4077 sapientis
2992 4008 3274 4065 Malachia:
3298 4028 3397 4066 vox
3432 4016 3614 4083 prole-

2038 4097 2298 4152 rebatur:
2333 4097 2466 4153 Ecce
2511 4116 2603 4170 ego
2650 4101 2861 4153 mittam
2904 4104 3145 4155 nuntium
3186 4120 3380 4167 meum,
3425 4115 3477 4159 et
3514 4122 3614 4174 pa-

2039 4185 2179 4238 rabit
2211 4187 2349 4240 viam
2388 4198 2511 4243 ante
2554 4189 2746 4257 faciem
2781 4200 2961 4256 tuam,
3014 4202 3065 4247 et
3128 4204 3334 4262 repente
3369 4198 3532 4251 veniet
3559 4198 3613 4251 in

2047 4278 2294 4346 templum
2316 4296 2470 4335 suum
2508 4281 2787 4349 Dominus,
2820 4293 2869 4338 et
2895 4285 3111 4340 nuntius
3130 4288 3432 4342 testamenti
3460 4305 3614 4359 quem

1962 4351 2009 4406 Ῐ)
2040 4385 2125 4423 vos
2161 4372 2315 4425 vultis
2341 4372 2406 4427 ⁵³.

2108 4462 2285 4532 Atque
2315 4463 2439 4519 aliis
2471 4464 2694 4521 aliunde
2744 4466 2979 4537 sumptis
3037 4467 3291 4539 mysticis
3328 4468 3611 4539 propheti-

2038 4571 2226 4609 corum
2258 4558 2610 4612 oraculorum
2632 4558 2885 4625 ﬂoribus,
2908 4575 3169 4615 coronam
3200 4561 3350 4615 illam
3372 4563 3609 4629 beatam,

2038 4664 2145 4717 qua
2179 4648 2419 4703 divinam
2476 4656 2729 4703 naturam
2787 4651 3122 4721 explicabat,
3179 4652 3345 4707 debili
3388 4655 3613 4724 quidem

2036 4742 2216 4795 adhuc
2241 4751 2294 4796 et
2328 4742 2682 4797 tremebunda
2729 4758 2916 4809 manu,
2946 4754 3133 4814 utpote
3186 4747 3418 4799 multum
3451 4756 3615 4803 aztate

2034 4842 2314 4901 provecta,
2357 4835 2550 4889 nexuit
2574 4842 2630 4890 et
2663 4835 3035 4889 concinnavit.
3081 4836 3236 4892 Tunc
3266 4840 3412 4893 enim
3469 4840 3612 4895 forte

2034 4939 2232 4994 capere
2275 4940 2385 4979 non
2419 4934 2675 4996 poterant
2708 4928 2993 4982 auditores
3050 4929 3370 4984 sublimium
3405 4930 3472 4984 de
3505 4930 3611 4985 Do-

2035 5019 2183 5073 mino
2243 5022 2643 5075 sententiarum
2694 5022 3068 5077 narrationem
3098 5064 3113 5087 ,
3170 5023 3392 5093 quando
3443 5024 3609 5079 etiam

2036 5121 2159 5179 post
2186 5119 2265 5163 tot
2296 5112 2580 5179 signorum
2608 5111 2926 5177 editionem,
2957 5128 3021 5167 ac
3056 5113 3368 5168 divinorum
3404 5127 3609 5187 myste-

2035 5205 2242 5257 riorum
2303 5203 2751 5273 praedicationem
2800 5204 3082 5273 sapientiae
3132 5213 3299 5276 atque
3365 5208 3609 5264 scientiae

2034 5299 2420 5352 thesaurorum
2468 5297 2819 5368 dispensator
2855 5298 3109 5355 Christus
3154 5300 3271 5356 suis
3318 5301 3612 5371 discipulis

2032 5391 2245 5445 dicebat
2278 5408 2291 5443 :
2333 5389 2513 5443 Multa
2553 5392 2716 5444 habeo
2754 5406 2871 5460 qua:
2908 5390 3053 5445 vobis
3107 5391 3317 5461 loquar,
3378 5393 3467 5447 sed
3504 5412 3610 5447 non

2031 5486 2250 5550 potestis
2276 5499 2411 5536 nunc
2444 5491 2657 5551 portare
2687 5484 2752 5537 “.
2781 5482 2887 5538 Sed
2922 5483 3086 5539 etiam
3121 5484 3165 5540 si
3200 5484 3436 5541 obscure
3471 5501 3608 5539 anus

2598 5686 2646 5719 '°
2676 5683 2821 5741 Psal.
2853 5700 3016 5751 xcvn,
3045 5686 3098 5742 5.
3195 5685 3236 5717 ⁸⁸
3281 5681 3423 5737 Psal.
3454 5698 3601 5746 Lxxt,
