4092 6378
507 241 646 298 H79

1419 241 1476 296 S.
1519 238 1872 308 CREGORII,
1913 236 2001 293 DE
2035 234 2359 294 OCCURSU
2403 235 2659 304 DOMINI,
2703 235 2848 292 ETC.

3636 231 3814 288 “80

504 358 598 412 illa
637 364 692 412 ct
725 355 1070 428 prophetissa
1103 357 1172 414 de
1204 357 1433 414 Domino
1484 359 1644 414 verba
1703 358 1853 426 fecit,
1895 364 2084 429 utpote

2204 356 2390 427 ἔχουσα
2443 358 2757 428 πρόσωπον,
2793 356 2929 425 ὅπερ
2960 351 3266 407 παλαιωθέν
3301 369 3359 404 τε
3388 351 3484 405 καὶ
3519 351 3808 422 γηράσειν

506 447 644 518 legis
673 447 958 504 sustinens
989 463 1306 519 personam,
1337 464 1460 518 qua:
1485 448 1789 504 inveterata
1825 453 2091 519 senioque

507 538 788 604 confecta,
853 554 916 593 ac
967 554 1140 610 prOpe
1181 539 1250 593 ad
1311 541 1594 595 interitum
1655 542 1879 597 redacta
1937 540 2090 597 Novo

509 628 869 684 Testamento
899 629 1109 683 cessit:
1149 641 1529 686 verumtamen
1589 647 1700 687 non
1736 632 1944 688 inutilis
2003 632 2090 687 in-

514 721 895 792 telligentibus
935 720 1282 778 auditoribus
1329 724 1451 793 ejus
1512 726 1904 780 sermocinatio
1962 725 2087 789 fuit,

509 811 968 881 quemadmodum
998 827 1100 867 nec
1130 829 1218 877 ea,
1253 829 1375 884 qua}
1407 829 1437 868 a
1469 815 1612 888 Lege
1641 832 1736 886 per
1777 817 2000 871 umbras
2038 827 2093 871 et

509 903 802 972 aenigmata
861 905 1268 972 verborumque
1328 908 1615 962 involucra
1681 908 1868 973 ﬁebat,
1907 910 2090 979 magni

510 997 761 1065 mysterii
790 997 1259 1068 prmsignilicatio.
1296 998 1492 1056 Venite
1513 1001 1700 1072 igitur,
1733 1017 1832 1057 vos
1872 1018 2092 1072 quoque

512 1095 697 1154 patres
731 1096 785 1142 et
817 1087 1017 1144 lratres
1041 1091 1380 1158 spirituales,
1417 1093 1510 1161 qui
1564 1092 1682 1147 dies
1735 1091 1905 1147 festos
1944 1093 2090 1147 cele-

510 1181 674 1234 brar‘e
699 1188 752 1234 et
785 1181 999 1250 epulari
1034 1181 1310 1238 didieiSIis
1355 1183 1409 1236 in
1479 1185 1720 1240 novitate
1751 1185 1981 1254 spiritus
2039 1193 2093 1240 et

511 1286 624 1326 non
656 1287 750 1341 per
782 1273 977 1327 litterae
1031 1283 1380 1338 vetustatem,
1428 1275 1520 1345 qui
1571 1276 1626 1329 in
1667 1278 1874 1347 azymis
1910 1278 2093 1332 since-

509 1363 694 1417 ritatis
729 1373 782 1417 et
810 1365 1056 1420 veritatis
1120 1368 1423 1436 pretiosum
1456 1374 1510 1421 et
1561 1367 1838 1421 viviﬁcum
1877 1365 2090 1422 Pascha

512 1458 750 1511 victima:
776 1459 982 1513 Christi
1022 1460 1305 1514 celebrare
1339 1460 1590 1515 debetis:
1636 1460 1732 1530 qui
1783 1458 1966 1514 divina
2005 1475 2093 1512 re-

514 1550 867 1616 generatione
918 1552 1062 1604 sacri
1111 1550 1465 1620 baptismatis
1503 1560 1741 1605 veterem
1791 1551 2090 1616 hominem,

514 1641 610 1710 qui
649 1641 805 1710 juxta
847 1643 1334 1712 concupiscentias
1370 1642 1749 1699 fraudulentas
1775 1659 2093 1713 corrumpe-

518 1733 702 1794 batur,
743 1732 1101 1802 deposuistis,
1152 1741 1203 1788 et
1259 1750 1482 1796 novum,
1519 1736 1611 1804 qui
1673 1743 1970 1790 renovatur
2028 1735 2096 1789 ad

521 1824 854 1889 agnitionem
916 1823 1074 1892 juxta
1141 1825 1434 1895 imaginem
1467 1824 1769 1890 Creatoris,
1812 1827 2093 1891 induistis,

533 1913 710 1967 Venite
733 1914 1059 1968 exsultemus
1095 1914 1346 1979 Domino,
1385 1915 1679 1984 jubilemus
1714 1916 1821 1971 Deo
1867 1918 2096 1971 salutari

516 2016 720 2058 nostra.
755 2005 1011 2063 Dicamus
1052 2008 1210 2070 illud,
1250 2007 1427 2074 Quam
1468 2009 1737 2064 terribilia
1784 2026 1941 2078 opera
1982 2020 2094 2074 tua,

523 2097 768 2160 Domine,
801 2100 902 2154 etsi
940 2101 993 2152 in
1043 2100 1392 2155 multitudine
1429 2101 1690 2169 potentiae
1734 2109 1840 2156 tua:
1886 2102 2096 2155 inimici

519 2190 596 2241 tui
632 2189 880 2244 frustrati
939 2201 1089 2254 sunt,
1149 2203 1344 2261 sponte
1405 2208 1503 2247 sua
1536 2192 1606 2245 ad
1665 2192 1912 2246 divinum
1943 2199 2096 2246 tuum

521 2282 728 2340 lumen,
761 2281 905 2349 quod
949 2281 1151 2334 mundo
1179 2283 1467 2351 apparuit,
1516 2283 1707 2337 oculos
1759 2283 2095 2339 claudentes.

521 2371 955 2440 Praocrupemus
1007 2373 1198 2440 [aciem
1257 2373 1372 2442 ejus
1434 2375 1487 2428 in
1537 2376 1886 2443 confessione,
1941 2385 1988 2429 et
2046 2377 2101 2429 in

521 2463 1038 2530 psahniajubt'lentus
1068 2462 1455 2520 ei.()ll‘eramus
1478 2481 1697 2534 semper
1729 2466 1839 2520 Deo
1859 2466 2094 2521 hostiam

521 2553 876 2618 laudationis,
917 2556 1018 2608 hoc
1075 2563 1180 2618 est,
1223 2554 1462 2610 fructum
1521 2557 1792 2611 labiorum
1823 2557 2096 2612 confiten-

523 2645 656 2698 tium
691 2646 899 2699 nommi
934 2645 1078 2713 ejus,
1113 2662 1214 2700 nec
1241 2646 1638 2702 obliviscamur
1686 2649 1938 2704 beneﬁcii
1981 2650 2100 2720 ejus

522 2750 686 2804 atque
711 2737 1226 2792 communicationis
1251 2757 1262 2790 :
1295 2737 1497 2792 talibus
1519 2739 1666 2793 enim
1695 2740 1936 2794 victimis
1959 2739 2102 2795 Deus

523 2829 823 2882 ('CICl'lalllr
885 2837 1051 2898 atque
1111 2830 1458 2898 placatur",
1517 2837 1576 2884 ut
1633 2832 1828 2887 sordes
1893 2833 2104 2902 peccati

523 2920 836 2984 abluamus,
878 2929 932 2975 et
985 2923 1339 2976 renovabitur
1395 2923 1540 2978 sicut
1587 2924 1788 2994 aquilae
1838 2924 2102 2994 juventus

525 3020 713 3066 nostra
745 3013 1082 3083 spiritualis:
1109 3015 1570 3083 quemadmodum
1591 3016 1755 3070 etiam
1783 3016 1923 3070 beati
1957 3017 2104 3070 senis

525 3101 834 3165 Simeouis,
870 3113 928 3158 ut
967 3121 1067 3159 nos
1093 3121 1311 3175 quoque
1345 3107 1584 3184 paciﬁce‘
1623 3107 1934 3178 gaudioque
1984 3124 2106 3177 per-

525 3196 827 3265 fusi'alqlle
863 3196 1114 3250 hilariter
1142 3212 1267 3250 cum
1303 3197 1447 3252 bona
1487 3197 1694 3253 ﬁducia
1720 3214 1784 3254 ac
1822 3216 1921 3271 spe
1955 3203 2107 3257 salu-

525 3289 596 3342 tis
628 3286 692 3339 ad
725 3288 931 3342 exitum
964 3288 1088 3342 vitae
1139 3304 1452 3355 curramus,
1483 3297 1536 3346 et
1569 3306 1679 3346 non
1714 3306 1838 3346 cum
1900 3295 2107 3363 pudore

523 3387 576 3430 et
610 3389 778 3443 metu,
820 3385 876 3432 et
935 3379 1173 3448 quodam
1208 3379 1374 3433 modo
1428 3381 1678 3437 nolentes
1730 3392 1787 3438 et
1819 3383 1977 3438 inviti
2038 3385 2106 3439 ad

525 3469 755 3522 exilium
809 3471 930 3524 vita:
984 3471 1422 3527 contendamus:
1489 3474 1955 3543 quemadmodum
2011 3479 2106 3548 qui

526 3559 669 3613 male
703 3559 806 3614 sibi
839 3561 1048 3615 conscii
1085 3569 1236 3628 sunt,
1283 3577 1423 3632 πετο
1455 3577 1519 3616 ac
1551 3565 1781 3621 moleste
1815 3567 1961 3639 regis
2012 3570 2109 3622 ad-

527 3664 748 3706 ventum
791 3652 994 3706 ferunt.
1029 3651 1308 3708 Imitemur
1353 3654 1526 3709 beatae
1574 3654 1742 3712 Annae
1773 3657 1830 3712 in
1877 3659 2107 3729 jejuniis

527 3748 691 3810 atque
718 3742 1062 3799 orationibus
1087 3746 1408 3800 continuum
1433 3746 1676 3802 studium
1705 3755 1874 3820 atque
1911 3766 2108 3822 perpe-

528 3844 675 3888 tuam
707 3833 1068 3906 diligentiam,
1099 3851 1168 3892 ne
1220 3839 1450 3894 muliere
1480 3839 1784 3898 deteriores
1847 3857 1971 3900 esse
2024 3844 2108 3898 vi-

527 3927 778 3990 deamur,
812 3930 916 3983 sub
948 3931 1141 3983 umbra
1177 3931 1336 4003 Legis
1378 3933 1686 4004 praesertim
1719 3935 1959 4000 vivente,
2011 3937 2105 3992 ubi

527 4020 731 4075 talibus
764 4021 1066 4078 virtutibus
1125 4025 1402 4080 clarorum
1453 4025 1738 4081 hominum
1795 4043 1922 4084 rara
1976 4039 2108 4085 sunt

526 4113 795 4181 exempla.
837 4111 1041 4168 Verum
1097 4131 1198 4170 nos
1230 4117 1324 4187 qui
1373 4117 1583 4173 lumine
1645 4120 1838 4189 gratia:
1871 4121 2106 4177 illustra-

527 4217 672 4266 mur,
712 4205 808 4272 qui
843 4219 969 4259 vera
997 4213 1051 4260 et
1089 4207 1379 4263 manifesta
1410 4225 1506 4280 spe
1537 4212 1770 4267 nitimur
1791 4219 1846 4266 et
1880 4212 2108 4282 adjuva-

530 4309 674 4358 nmr,
706 4295 797 4365 qui
833 4296 1046 4351 viribus
1073 4297 1312 4367 Spiritus
1347 4300 1760 4367 conﬁrmantur,
1798 4318 1867 4357 ne
1917 4302 2102 4358 disce-

526 4383 723 4439 damus
779 4401 809 4440 a
849 4388 1027 4444 sacris
1087 4389 1379 4456 doctrinis,
1451 4407 1514 4446 ex
1582 4394 1786 4462 quibus
1844 4394 2106 4450 salutaris

528 4476 751 4532 habitus
785 4479 988 4534 animis
1015 4481 1226 4535 innasci
1260 4485 1545 4538 consuevit
1576 4503 1589 4538 :
1640 4485 2105 4555 quemadmodum

527 4567 675 4620 illam
708 4583 928 4638 quoque
959 4572 1237 4628 memoria:
1269 4575 1542 4643 proditum
1575 4584 1659 4631 est
1684 4592 1712 4630 a
1745 4579 1951 4648 templo
1997 4595 2106 4633 non

525 4658 871 4727 discessisse,
905 4677 973 4716 ne
1002 4665 1365 4734 cogitationes
1423 4675 1646 4724 nostras
1690 4670 2098 4742 circumvagani

522 4761 578 4805 et
615 4767 642 4804 a
669 4752 866 4808 timore
899 4752 993 4808 Dei
1025 4756 1283 4812 aberrare
1331 4760 1602 4825 sinamus,
1655 4762 1752 4817 sed
1789 4778 1854 4818 ex
1889 4765 2008 4833 ipso
2041 4775 2094 4820 et

525 4859 621 4912 per
683 4843 862 4913 ipsum
930 4860 1126 4900 carnes
1184 4856 1404 4905 nostras
1465 4865 1527 4905 ac
1592 4867 1790 4909 sensus
1855 4866 2100 4923 ιιοειιος,

522 4936 984 5005 (ιιιοιιιοιιηιοιίυιιι
1016 4947 1173 5008 optat
1203 4940 1294 4996 ille
1342 4940 1610 5012 Propheta
1636 4944 1704 5010 “,
1733 4947 2098 5018 conligamus.

523 5026 826 5084 Audiamus
865 5046 1123 5101 magnum
1174 5030 1403 5089 Paulum
1459 5035 1748 5092 docentem
1783 5055 1796 5092 :
1833 5039 2104 5109 Conjunxi

525 5137 612 5173 vos
636 5121 728 5173 uni
749 5122 881 5185 viro,
906 5131 961 5174 ut
985 5123 1232 5192 virginem
1251 5133 1456 5178 castam
1479 5124 1690 5180 Christo
1711 5127 2002 5183 exhiberem
2031 5131 2099 5194 ⁵⁷,

524 5223 578 5267 et
616 5228 685 5267 ne
722 5211 928 5268 foedera
956 5223 1010 5270 et
1050 5227 1208 5284 pacta
1239 5216 1377 5270 inita
1403 5233 1528 5272 cum
1557 5218 1651 5273 illo
1686 5235 1783 5290 per
1811 5223 2104 5277 consocia-

528 5301 730 5356 tionem
761 5312 816 5357 et
866 5305 1321 5362 consuetudinem
1367 5323 1492 5362 cum
1537 5309 1661 5363 vita;
1713 5321 1914 5367 nostra:
1949 5315 2106 5368 vitia-

527 5401 666 5455 tore,
711 5391 961 5449 faciendo
1012 5412 1133 5466 quae
1187 5399 1278 5454 ille
1310 5399 1584 5468 voluerit,
1640 5401 1982 5474 negligamus
2043 5420 2108 5458 ac

530 5482 944 5558 rescindamus:
980 5486 1144 5543 etiam
1196 5489 1252 5544 in
1281 5490 1387 5546 hoc
1433 5492 1711 5550 imitantes
1750 5496 2108 5566 prophetissa:

604 5661 650 5692 "
686 5658 820 5717 ch.
867 5678 985 5732 xm,
1025 5661 1107 5718 lli.
1181 5665 1229 5697 “
1252 5665 1396 5722 Psal.
1430 5682 1615 5737 cxvm,
1648 5669 1767 5726 l20.
1847 5671 1892 5704 δ’
1935 5669 1978 5726 ll
2006 5669 2134 5727 Cor.

2127 1702 2168 1756 Β

2192 448 2288 502 καὶ
2339 448 2508 516 ἐγγὺς
2565 444 2876 516 ἀφανισμοῦ
2911 443 3153 512 γεγονὸς,
3195 447 3263 513 τῇ
3304 444 3482 513 Καινῇ
3528 441 3812 513 Διαθήκῃ

2195 536 2589 609 παρεχώρησεν
2612 553 2626 566 ·
2659 535 2774 590 ἀλλ’
2804 531 2898 589 οὐν
2929 534 3028 586 οὐκ
3057 531 3355 603 ἁσυντελὴς
3387 533 3420 602 ή
3445 532 3572 601 παρ’
3603 532 3808 600 αὐτῆς

2190 628 2423 694 διάλεξις
2445 631 2558 691 τοῖς
2589 629 2828 689 συνετοϊς
2853 627 3151 696 ἀκροαταῖς
3173 623 3418 692 γέγονεν,
3441 622 3628 693 ὥσπερ
3655 623 3806 674 οὐδὲ

2195 723 2228 792 ἡ
2269 721 2417 791 παρὰ
2462 720 2556 772 τοῦ
2590 719 2755 790 νόμου
2795 719 2852 770 ὲν
2895 719 3076 779 σκιαῖς
3108 715 3204 769 καὶ
3243 716 3527 785 αἰνίγμασι
3554 713 3649 767 τοῦ
3681 731 3804 784 με-

2194 815 2361 882 γάλου
2421 811 2722 883 μυστηρίου
2795 807 3273 881 προαναφώνησις.
3326 807 3489 860 Δεῦτε
3535 803 3626 859 οὖν
3685 806 3804 858 καὶ

2198 906 2374 976 ὑμεῖς,
2409 903 2650 974 Πατέρες
2679 903 2773 956 καὶ
2811 900 3030 969 ἀδελφοὶ
3071 898 3454 970 πνευματικοὶ,
3483 902 3531 950 οἱ
3579 897 3800 968 top-scio

2195 996 2309 1062 ζειν
2337 995 2702 1064 δεδιδαγμένοι
2725 996 2782 1046 ὲν
2809 992 3086 1062 καινότητι
3111 991 3440 1061 πνεύματος,
3469 991 3560 1042 καὶ
3583 991 3643 1041 οὐ
3672 1007 3802 1041 πει-ν

2193 1089 2434 1159 λαιότητι
2481 1087 2826 1157 γράμματος,
2863 1087 2913 1137 οί
2945 1087 3002 1138 ἐν
3040 1083 3272 1155 ἀζύμοις
3303 1082 3645 1163 εἰλικρινείας
3682 1082 3797 1134 καὶ

2193 1180 2448 1250 ἀληθείας
2480 1179 2539 1232 τὸ
2564 1179 2745 1248 τίμιον
2784 1177 2879 1230 καὶ
2929 1173 3189 1240 ζωοποιὺν
3219 1174 3413 1245 Πάσχα
3446 1176 3545 1240 τῆς
3580 1174 3796 1236 Θυσίας

2194 1274 2431 1346 Χριστοῦ
2466 1273 2742 1344 ἑορτάζειν
2788 1270 3122 1338 ὀφείλοντεςυ
3156 1271 3204 1321 oi
3239 1271 3303 1338 τῇ
3339 1267 3458 1338 θείᾳ
3482 1268 3797 1336 ἀναγεννή-

2196 1386 2278 1421 σει
2309 1366 2402 1420 τοῦ
2454 1366 2612 1433 ἁγίου
2668 1363 3043 1434 βαπτίσματος
3081 1361 3173 1414 τὸν
3223 1359 3451 1412 παλαιὸν
3491 1357 3795 1429 ἄνθρωπον

2195 1460 2543 1530 ἀποθέμενοι,
2588 1457 2679 1510 τὸν
2732 1455 2874 1510 κατὰ
2933 1455 3031 1519 τὰς
3084 1453 3378 1525 ἐπιθυμίας
3417 1453 3515 1523 τῆς
3561 1453 3794 1522 ἀπάτης

2194 1552 2570 1622 φθειρόμενον,
2622 1549 2717 1602 καὶ
2735 1547 2827 1601 τὸν
2864 1547 2982 1600 νέον
3009 1545 3379 1615 ἐνδυσάμενοι,
3428 1544 3520 1595 τὸν
3552 1543 3794 1595 ἀνακαι-

2194 1644 2452 1714 νούμενον
2493 1642 2571 1704 είς
2617 1639 2910 1707 ἐπίγνωσιν
2939 1639 3060 1691 κατ’
3112 1637 3294 1691 εἰκόνα
3339 1633 3430 1687 τοῦ
3470 1632 3788 1694 κτίσαντος·

2199 1735 2397 1797 Δεῦτε,
2461 1729 2963 1801 ἁγαλλιασώμεθα
3004 1726 3085 1792 τῷ
3121 1727 3338 1794 Κυρίῳ,
3381 1723 3796 1791 ἀλαλὰξωμεν

2199 1824 2278 1890 τῷ
2307 1823 2428 1890 Θεῷ
2460 1823 2540 1889 τῷ
2572 1823 2795 1891 σωτῆρι
2822 1819 3010 1891 ἡμῶν.
3031 1819 3291 1888 Εἴπωμεν
3325 1817 3404 1882 τὸ,
3435 1817 3532 1881 Ὧς
3560 1817 3792 1884 φοϐερὰ

2198 1921 2270 1971 τὰ
2298 1921 2442 1986 ἔργα
2469 1932 2607 1981 σου,
2637 1916 2812 1982 Κύριε
2831 1914 2851 1966 !
2886 1915 2934 1966 εί
2961 1912 3056 1966 καλ⁸
3084 1913 3141 1964 ὲν
3172 1910 3248 1980 τῷ
3275 1908 3465 1979 πλήθει
3497 1911 3594 1979 τῆς
3621 1907 3789 1959 δυνά-

2203 2009 2344 2080 μεώς
2372 2025 2465 2062 σου
2497 2011 2545 2061 οί
2575 2007 2758 2078 ἐχθροί
2798 2022 2890 2058 σου
2919 2002 3237 2073 ἐψεύσαντο,
3267 1999 3528 2062 ἑκουσίως
3562 1998 3698 2067 πρὸς
3722 1997 3792 2049 τὸ

2201 2100 2367 2168 φανὲν
2391 2100 2468 2168 τῷ
2493 2099 2683 2169 κόσμῳ
2710 2097 2852 2150 θεῖόν
2886 2113 2977 2148 σου
3008 2093 3260 2164 φῶςτοὺς
3297 2089 3608 2160 ὀφθαλμοὺς
3641 2089 3787 2140 ἀπυ-

2205 2190 2492 2259 μύσαντες.
2532 2187 2979 2257 Προφθάσωμεν
3010 2184 3077 2238 τὸ
3127 2183 3450 2252 πρόσωπον
3488 2180 3672 2234 αὐτοῦ
3715 2180 3792 2233 ὲν

2201 2282 2656 2352 ἐξομολογήσει,
2685 2280 2784 2334 καὶ
2806 2278 3154 2349 ὲνψαλμοῒς
3178 2274 3575 2342 άλαλιίξωμεν
3597 2271 3784 2335 αὐτῷ.

2216 2374 2622 2444 Ἀνενέγκωμεν
2690 2372 2882 2425 θυσίαν
2927 2370 3184 2433 αἰνέσεως
3222 2366 3509 2429 διαπαντὸς
3537 2365 3613 2436 τῷ
3640 2364 3788 2433 Θεῷ,

2202 2469 2447 2522 τουτέστι
2472 2467 2684 2537 καρπὸν
2725 2465 2948 2536 χειλέων
2991 2461 3395 2534 ὁμολογούντων
3443 2458 3521 2529 τῷ
3559 2457 3789 2526 ὀνόματι

2204 2559 2390 2624 αὐτοῦ,
2424 2561 2523 2628 τῆς
2555 2575 2615 2610 τε
2667 2553 2915 2621 εὐποιίας
2958 2556 3052 2608 καὶ
3091 2554 3374 2616 κοινωνίας
3414 2551 3486 2622 μή
3517 2548 3792 2603 ἐπιλαθὼ-

2209 2652 2386 2722 μεθα·
2441 2651 2719 2713 τοιαύταις
2766 2649 2877 2720 γὰρ
2917 2648 3130 2710 θυσίαις
3178 2646 3554 2716 εὐαρεστεῖται
3585 2642 3614 2692 ό
3652 2641 3788 2703 Θεὸς

2206 2743 2293 2794 ἴνα
2340 2741 2430 2794 τὸν
2491 2742 2661 2812 ῥύπον
2723 2741 2822 2812 τῆς
2871 2739 3144 2810 ἁμαρτίας
3199 2733 3630 2805 ἀπονιψὼμεθα,
3693 2735 3790 2784 καὶ

2206 2834 2723 2905 ἁνακαινισθήσεται
2761 2833 2837 2895 ὡς
2860 2831 3020 2885 ἀετοῦ
3050 2832 3082 2900 ή
3111 2829 3456 2898 πνευματικὴ
3483 2825 3637 2896 ήμῶν
3663 2823 3787 2877 νεό-

2205 2945 2303 2997 της
2328 2944 2340 2956 ·
2368 2925 2617 2996 καθάπερ
2646 2926 2740 2977 καὶ
2772 2921 2865 2977 τοῦ
2916 2920 3185 2994 μακαρίου
3231 2917 3536 2990 πρεσϐύτου
3561 2914 3786 2986 Συμεῶ-

2133 3031 2177 3089 C
2211 3035 2319 3080 νος,
2346 3018 2430 3070 ἵνα
2463 3019 2554 3070 καὶ
2615 3018 2776 3087 ήμείς
2829 3013 3122 3086 εἰρηνικῶς
3164 3030 3224 3065 τε
3262 3012 3357 3065 καὶ
3389 3008 3697 3080 περιχαρῶς
3731 3010 3790 3059 ὲν

2212 3109 2387 3179 ἀγαθῇ
2425 3107 2744 3178 πεποιθήσει
2775 3107 2870 3160 καὶ
2903 3104 3156 3176 σωτηρίῳ
3202 3102 3376 3155 ὲλπίδι
3407 3099 3539 3171 πρὸς
3567 3097 3663 3169 τὴν
3690 3095 3790 3148 τοῦ

2212 3203 2325 3272 βίου
2368 3199 2542 3264 ἔξοδον
2600 3200 2919 3270 δράμωμεν,
2978 3197 3072 3250 καὶ
3123 3196 3197 3267 μὴ
3244 3195 3360 3265 μετ’
3402 3191 3659 3263 αἰσχύνης
3693 3191 3793 3242 καὶ

2207 3293 2359 3354 δέους
2386 3293 2476 3344 τὸν
2506 3291 2749 3361 παρόντα
2767 3289 2880 3359 βίον
2901 3287 3300 3358 ὐπεξέλθωμεν,
3326 3286 3417 3338 καὶ
3440 3283 3637 3354 τρόπον
3667 3280 3792 3334 τινὰ

2212 3384 2288 3453 μὴ
2325 3381 2657 3452 βουλόμενοι,
2689 3364 2939 3451 καθάπερ
2963 3380 3013 3431 οἱ
3054 3376 3266 3447 πονηρὰ
3288 3377 3499 3438 ἑαυτοῖς
3525 3390 3794 3440 συνεγνω-

2209 3475 2386 3538 κότες,
2442 3473 2582 3545 ἀηδῆ
2619 3490 2679 3526 τε
2717 3473 2812 3528 καὶ
2843 3469 3330 3541 κατεστυγημένην
3375 3465 3470 3518 τοῦ
3526 3461 3792 3534 βασιλέως

2209 3567 2306 3637 τὴν
2337 3565 2656 3619 ἐπιστασίαν
2685 3564 2888 3637 ἔχουσι.
2937 3559 3325 3634 Μιμησώμεθα
3374 3559 3470 3628 τῆς
3518 3554 3791 3626 μακαρίας

2213 3659 2414 3727 Ἀννης
2443 3657 2505 3708 τὸ
2545 3657 2603 3709 ἐν
2641 3655 2917 3728 νηστείαις
2949 3671 3008 3707 τε
3042 3653 3136 3707 καὶ
3169 3651 3499 3725 προσευχαῖς
3541 3647 3795 3700 σύντονον

2211 3751 2304 3803 καὶ
2346 3749 2644 3804 ἀνένδοτονο
2699 3747 2773 3820 μὴ
2805 3746 3062 3816 γυναικὸς
3108 3745 3326 3816 χείρους
3352 3740 3667 3812 φανείημεν,
3699 3739 3796 3791 καὶ

2208 3840 2379 3894 ταῦτα
2407 3841 2510 3894 ὐπὸ
2540 3844 2639 3912 τὴν
2668 3839 2827 3894 σκιὰν
2861 3838 3285 3908 πολιτευομένης
3315 3835 3407 3889 τοῦ
3441 3833 3628 3904 νόμον,
3658 3831 3791 3884 ἔνθα

2209 3936 2271 3990 τὸ
2290 3938 2347 3989 ἐν
2382 3934 2590 3999 τούτοις
2612 3934 2898 4004 εὐδόκιμον
2924 3932 3167 3986 σπάνιον.
3214 3928 3352 3983 Ἀλλ’
3387 3927 3545 3998 ἡμεῖς
3560 3925 3635 3996 τῷ
3649 3923 3792 3993 φωτὶ

2210 4029 2692 4100 καταλαμπόμενοι
2727 4027 2825 4095 τῆς
2879 4025 3120 4095 χάριτος,
3160 4022 3253 4075 καὶ
3282 4019 3360 4090 τῷ
3385 4016 3568 4090 τρανῷ
3608 4033 3664 4068 τε
3693 4016 3794 4068 καὶ

2210 4118 2576 4190 ὲκτυπωτέρῳ
2598 4117 2697 4188 τῆς
2729 4115 2942 4178 ἐλπίδος
2969 4113 3162 4185 βοηθού
3171 4129 3340 4182 μενοι,
3373 4112 3466 4164 καὶ
3497 4107 3572 4179 τῷ
3599 4106 3792 4177 κράτει

2211 4210 2306 4262 τού
2332 4209 2650 4279 Πνεύματος
2690 4205 3108 4276 δυναμούμενοι,
3163 4203 3238 4272 μὴ
3289 4197 3646 4271 χωρισθώμεν
3681 4195 3795 4248 τῶν

2215 4301 2376 4372 ἱερῶν
2429 4299 2796 4369 διδαγμάτων,
2829 4296 2887 4362 ἐξ
2939 4289 3013 4348 ὧν
3043 4297 3077 4364 ή
3104 4293 3366 4363 σωτήριος
3401 4289 3514 4354 ἕξις
3540 4291 3659 4367 ταῖς
3686 4285 3796 4355 ψυ-

2210 4395 2331 4463 χαῖς
2361 4389 2697 4445 ὲντίκτεσθαι
2744 4388 2934 4442 εἴωθεν
2959 4403 2970 4416 ·
3023 4385 3275 4456 καθάπερ
3315 4382 3546 4452 κάκείνη
3582 4379 3794 4450 ἀχώρι-

2212 4500 2335 4547 στος
2361 4480 2500 4536 εἷναι
2541 4481 2635 4534 τοῦ
2675 4479 2822 4549 ἱεροῦ
2866 4476 3305 4550 μεμαρτύρηται,
3339 4474 3412 4545 μὴ
3444 4468 3792 4543 περιπλαζώ-

2213 4571 2351 4643 μεθα
2393 4572 2519 4636 τούς
2547 4571 2840 4639 λογισμοὺς
2881 4567 2988 4621 ἀπὸ
3037 4565 3129 4620 τοῦ
3180 4565 3326 4619 θείου
3362 4563 3551 4634 φόϐου,
3581 4561 3696 4615 ἀλλ’
3730 4561 3791 4627 ἐξ

2210 4660 2377 4716 αὐτοῦ
2409 4677 2469 4713 τε
2509 4660 2603 4712 καὶ
2633 4661 2691 4712 ἐν
2719 4657 2867 4727 αὐτῷ
2907 4656 3006 4719 τὰς
3032 4656 3238 4727 σάρκας
3271 4654 3426 4726 ήμῶν
3452 4653 3546 4708 καὶ
3573 4650 3644 4705 τὰ
3662 4653 3790 4722 νοήο

2218 4771 2384 4826 ματα,
2407 4751 2551 4805 κατὰ
2575 4751 2673 4821 τὴν
2701 4749 2795 4803 τοῦ
2827 4749 3106 4818 προφήτου
3129 4748 3316 4817 εὐχὴν,
3357 4744 3790 4817 καθηλώσωμεν.

2224 4845 2570 4915 Ἀκούσωμεν
2594 4843 2687 4897 τοῦ
2710 4843 2942 4914 μεγάλου
2959 4840 3171 4894 Παύλου
3196 4838 3537 4901 διδάσκοντος
3563 4838 3798 4904 “Eppo-

2212 4938 2416 5008 σὰμην
2445 4934 2601 5007 ὑμᾶς
2626 4935 2716 4988 ἐνὶ
2736 4934 2908 5003 ἀνδρί
2937 4931 3234 5002 παρθένον
3259 4930 3455 5001 ἁγνὴν
3484 4926 3798 4997 παραστῆ-

2211 5047 2314 5084 σαι
2340 5027 2420 5093 τῷ
2437 5025 2686 5096 Χριστῷ,
2712 5027 2806 5079 καὶ
2827 5025 2901 5096 μὴ
2925 5024 3021 5088 τὰς
3043 5024 3177 5096 πρὸς
3197 5023 3360 5078 αὐτὸν
3382 5021 3652 5091 συνθήκας
3667 5019 3797 5072 ἀθε-

2212 5124 2466 5193 τήσωμεν
2511 5119 2599 5172 διὰ
2648 5117 2748 5188 τῆς
2780 5117 2918 5188 πρὸς
2962 5115 3054 5169 τὸν
3101 5113 3305 5186 φθορέα
3331 5112 3430 5182 τῆς
3462 5109 3606 5181 ζωῆς
3634 5109 3795 5180 ήμῶν

2216 5213 2496 5286 ἐπιμιξίας
2538 5215 2602 5265 ὲκ
2651 5211 2744 5264 τοῦ
2789 5211 2960 5263 ποιεῖν
2987 5207 3056 5262 τὰ
3082 5207 3290 5284 ἐκείνου
3326 5204 3642 5274 θελήματα·
3690 5203 3797 5256 κάν

2215 5306 2389 5376 τούτῳ
2417 5306 2741 5376 μιμούμενοι
2766 5303 2866 5373 τῆς
2914 5299 3244 5373 προφήτιδος
3272 5297 3332 5351 τὸ
3362 5295 3577 5367 σῶφρόν
3607 5311 3664 5346 τε
3700 5293 3798 5346 καὶ

2219 5401 2514 5472 μονόςυγον
2535 5416 2546 5427 ·
2577 5396 2712 5450 ἀλλὰ
2735 5393 2952 5449 κατὰτὸ
2968 5392 3258 5463 πρόχειρον
3280 5387 3354 5458 μὴ
3380 5383 3796 5453 άπολειφθείητε

2218 5496 2315 5565 τῆς
2350 5496 2653 5568 μιμήσεως,
2686 5492 2800 5546 ὅσοι
2834 5485 3165 5560 μονογαμίας
3188 5481 3436 5554 ὲλύθητε,
3455 5480 3546 5535 καὶ
3563 5480 3612 5534 εἰ
3631 5477 3796 5532 δύναι-

2178 5687 2254 5740 ιιι,
2285 5673 2337 5724 ‘2.
