4092 6378
455 310 585 366 1181

1716 358 1721 361 μ
1761 317 1845 373 VA
1855 319 2121 377 HIORUM
2157 322 2391 381 ΝΟΤιΕ.

3559 337 3699 393 “82

450 430 563 495 τὸν,
601 429 738 500 πρὸς
764 430 1016 502 δεύτερον
1050 432 1226 504 γάμον
1255 434 1329 506 μὴ
1358 434 1569 508 ἔλθητε.
1602 438 1759 492 Οὖτω
1787 440 1895 513 γὰρ
1920 460 1995 512 μοι

2098 448 2438 527 _castitatem
2494 459 2547 506 et
2582 453 2801 523 nuptias
2851 454 3043 511 unicas
3079 463 3132 513 et
3190 456 3542 527 singulares;
3601 459 3700 514 sed

454 520 787 594 καριὼτερον
824 522 1040 577 ἔσεσθαι
1070 525 1281 589 Παῦλος
1307 528 1449 598 ὑμᾶς
1480 531 1606 601 περὶ
1627 532 1816 585 τούτου
1850 534 2029 588 διαϐε-

453 612 719 673 ὅαιοῦτᾳι.
744 616 1186 687 Προσαγὰγωμεν
1218 620 1308 671 καὶ
1330 622 1491 690 ἡμεῖς
1514 624 1608 675 ἐπὶ
1625 624 1684 675 τὸ
1709 624 1821 677 ἄνω
1839 626 2027 680 θυσια-

452 706 671 773 στήριον
719 705 795 768 ὡς
828 705 1019 775 ζεῦγος
1051 709 1325 776 τρυγόνων
1354 710 1451 780 τὴν
1480 710 1579 779 τῆς
1607 713 1784 782 ψυχῆς
1813 716 1905 766 καὶ
1932 714 2025 768 τοῦ

452 792 700 862 σώματος
730 794 1074 867 καθαρότητα
1095 814 1110 828 ·
1140 798 1173 868 ἦ
1207 799 1283 863 ὡς
1309 800 1401 853 δύο
1427 803 1675 865 νεοσσοὺς
1693 806 2028 875 περιστερῶν

447 882 508 935 τὸ
540 886 881 953 προνοεῖσθαι
918 888 1079 952 καλὰ,
1111 889 1170 941 οὑ
1208 890 1366 960 μόνον
1395 891 1623 946 ἐνώπιον
1647 894 1872 965 Κυρίου,
1893 896 2028 950 ἀλλὰ

448 977 542 1029 καὶ
568 977 798 1032 ἐνώπιον
842 979 1166 1050 ἀνθρώπων,
1214 984 1302 1037 ἵνα
1335 985 1511 1038 πάντα
1539 986 1634 1038 καὶ
1670 988 1833 1057 ἡμεῖς
1872 1005 2027 1041 πνευ-

451 1068 695 1137 ματικῶς
727 1071 868 1123 κατὰ
891 1071 982 1125 τὸν
1022 1073 1165 1126 Θεῖον
1194 1074 1357 1144 νόμον
1387 1075 1732 1142 τελέσαντες,
1777 1078 1835 1130 ὲν
1862 1079 2024 1149 σοφίᾳ

444 1175 506 1211 τε
543 1160 637 1213 καὶ
663 1161 843 1232 χάριτι
889 1164 1308 1234 προκόπτοντες,
1342 1169 1435 1221 καὶ
1467 1170 1546 1232 είς
1591 1170 1785 1241 μέτρον
1810 1171 2023 1242 ἡλικίας

444 1249 537 1302 τοῦ
564 1251 924 1321 πληρώματος
953 1255 1043 1309 τοῦ
1069 1257 1305 1327 Χριστοῦ
1340 1260 1651 1329 φθάνοντες,
1681 1263 1773 1315 καὶ
1803 1262 1896 1315 τὸν
1916 1262 2023 1317 ἔσω

444 1341 728 1410 ἄνθρωπον
778 1344 1162 1418 τελειούμενοι,
1211 1351 1304 1403 καὶ
1336 1353 1653 1423 Πνεύματος
1691 1354 1845 1423 ἁγίου
1880 1357 2022 1424 γινό-

448 1448 598 1499 μενοι
653 1434 994 1506 ὲνδιαίτημα,
1040 1439 1467 1512 ὑποστρέψωμεν
1519 1446 1597 1507 είς
1641 1445 1740 1515 τὴν
1786 1447 2019 1515 πατρίδα

443 1522 598 1591 ἡμῶν
625 1523 722 1594 τὴν
753 1526 1029 1599 ἀληθινὴν,
1048 1530 1144 1599 τὴν
1166 1532 1481 1603 ἐπουράνιον
1506 1535 1878 1607 Ἰερουσαλὴμ,
1898 1540 1955 1593 ὲν

444 1616 907 1688 καταξιωθείημεν
934 1623 1032 1689 τῆς
1082 1630 1356 1695 μακαρίας
1394 1628 1487 1680 καὶ
1514 1627 1792 1698 διηνεκοῦς
1820 1632 2015 1703 εὐφροο

443 1706 604 1776 σύνης
633 1725 691 1760 τε
722 1710 813 1761 καὶ
848 1709 1123 1779 βασιλείας
1152 1715 1443 1771 ἀπολαύειν
1469 1719 1527 1770 ὲν
1556 1720 1777 1789 Χριστῷ
1815 1721 2009 1790 Ἰησοῦ,

2090 532 2103 539 ”
2125 538 2285 607 juxta
2324 545 2653 598 sententiam
2693 546 3010 611 verborum,
3060 563 3182 617 qua:
3239 564 3300 604 se
3358 550 3532 619 prima
3576 553 3699 608 acie

2094 633 2310 697 .offert,
2347 651 2417 691 ne
2455 636 2727 694 deseratis
2763 639 3123 695 imitationem
3161 641 3547 710 prophetissae,
3574 645 3699 713 qui-

2129 738 2405 795 cunquea
2455 728 2832 799 singularibus
2878 733 3084 801 nuptiis
3138 734 3305 787 soluti
3369 740 3425 787 et
3481 733 3697 789 liberati

2128 814 2309 879 estis;
2342 830 2405 869 ac
2434 817 2481 871 si
2533 816 2650 871 fieri
2698 825 2901 887 potest,
2940 819 3007 872 ad
3045 821 3322 875 secundas
3352 823 3579 891 nuptias
3628 837 3698 875 ne

2130 906 2442 961 transcatis.
2469 905 2604 960 Nam
2629 907 2702 962 ita
2726 910 2920 967 melius
2941 910 3222 965 vobiscum
3244 910 3312 965 iri
3332 911 3525 966 beatus
3550 910 3695 966 Pau-

2127 994 2232 1058 lus,
2250 998 2393 1065 quod
2415 997 2600 1051 adhoc
2620 1000 2818 1053 attinet
2839 1000 3140 1068 negotium,
3158 999 3465 1056 conﬁrmat.
3487 999 3698 1056 Offera-

2126 1100 2249 1141 mus
2272 1086 2437 1140 etiam
2489 1102 2589 1143 nos
2629 1088 2697 1143 ad
2734 1105 2993 1160 superum
3048 1091 3220 1145 altare
3283 1098 3544 1161 tanquam
3597 1108 3697 1162 par

2126 1185 2427 1239 turturum,
2458 1180 2626 1233 animi
2659 1189 2714 1235 et
2762 1182 3013 1252 corporis
3057 1183 3347 1251 puritatem
3376 1199 3391 1236 :
3448 1190 3543 1236 aut
3574 1192 3695 1237 tan-

2123 1280 2287 1335 quam
2321 1264 2459 1323 dnos
2490 1268 2670 1336 pullos
2699 1270 3105 1337 columbarum,
3167 1271 3539 1341 provisionem
3591 1273 3696 1327 bo-

2123 1371 2320 1410 narum
2363 1365 2456 1411 aut
2486 1358 2837 1415 honestarum
2880 1376 3085 1424 rerum,
3118 1377 3229 1416 non
3278 1363 3457 1417 solum
3506 1374 3694 1416 coram

2123 1446 2377 1512 Domino,
2412 1465 2600 1504 verum
2628 1453 2792 1505 etiam
2820 1468 3010 1508 coram
3039 1454 3379 1521 hominibus,
3435 1460 3495 1506 ut
3525 1454 3693 1507 etiam

2122 1552 2224 1592 nos
2261 1538 2538 1601 omnibus,
2576 1555 2697 1609 quae
2732 1541 2819 1595 lex
2846 1542 3030 1597 divina
3058 1542 3392 1613 prtescrihit,
3424 1542 3692 1611 spiritua-

2123 1628 2250 1683 liter
2284 1627 2531 1684 defuncti
2566 1639 2621 1686 et
2675 1634 2945 1702 sapientia
2980 1650 3044 1688 ac
3089 1635 3266 1705 gratia
3315 1634 3687 1705 proﬁcientes,

2121 1730 2174 1775 et
2208 1721 2275 1776 ad
2304 1738 2623 1778 mensuram
2649 1725 2822 1791 plena:
2846 1729 3024 1783 aetatis
3045 1726 3252 1781 Christi
3284 1726 3688 1796 pervenientes,

438 1791 482 1864 ᾧ
508 1798 633 1863 δόξα
663 1800 764 1889 καὶ
793 1803 990 1889 κράτος
1012 1804 1108 1856 σὺν
1131 1806 1208 1876 τῷ
1229 1809 1403 1878 Πατρὶ
1449 1809 1542 1862 καὶ
1569 1810 1646 1880 τῷ
1680 1812 1819 1882 ἁγίῳ
1844 1813 1995 1868 Πνεύι

2118 1821 2172 1868 et
2200 1816 2416 1870 interno
2448 1816 2668 1871 homine
2698 1817 2945 1885 perfecti,
2988 1826 3042 1872 et
3077 1791 3321 1889 Spiritus
3375 1817 3551 1872 sancti
3586 1815 3683 1870 do-

442 1899 592 1951 ματι,
627 1884 722 1937 νῦν
771 1888 864 1940 καὶ
897 1890 983 1943 ἀεὶ
1016 1892 1110 1944 καὶ
1144 1895 1223 1957 είς
1252 1896 1376 1959 τοὺς
1407 1897 1607 1963 αἰῶνας
1633 1899 1740 1953 τῶν
1776 1900 2008 1957 αίώνων.

451 1974 645 2047 Ἀμήν.

2119 1903 2386 1959 micilium
2414 1906 2733 1971 evadentes,
2774 1915 3118 1963 revertamur
3178 1909 3234 1962 in
3293 1907 3527 1977 patriam
3590 1921 3689 1958 no-

2118 2005 2288 2063 stram
2336 2013 2544 2063 veram,
2599 2002 2877 2056 caelestem
2914 1999 3335 2071 Jerosolymam,
3367 2000 3420 2053 in
3463 2013 3571 2068 qua
3605 1997 3689 2051 di-

437 2065 528 2135 gni
571 2066 893 2134 efliciamur,
926 2073 1021 2142 qui
1092 2075 1253 2130 beata
1320 2086 1488 2148 atque
1561 2089 1823 2150 perpetua
1889 2084 2075 2138 lzetitia
2120 2088 2361 2145 simulet
2396 2106 2565 2162 regno
2598 2092 2844 2147 fruamur
2880 2109 2976 2163 per
3019 2065 3302 2149 Christum
3324 2065 3521 2147 chsut—n
3583 2089 3687 2142 Do-

435 2162 642 2217 minum
698 2175 969 2232 nostrum,
1034 2172 1120 2225 cui
1161 2172 1333 2243 gloria
1385 2185 1441 2231 et
1501 2176 1814 2247 imperiam,
1875 2193 2004 2234 cum
2078 2180 2239 2239 Patre
2270 2193 2324 2241 et
2356 2198 2550 2243 sancto
2587 2188 2817 2255 Spiritu,
2851 2162 2997 2243 nunc
3028 2196 3083 2244 et
3112 2204 3346 2259 semper,
3415 2185 3551 2241 etin
3589 2200 3685 2240 sce-

435 2258 556 2312 cula
591 2260 940 2317 smculorum.
969 2263 1162 2321 Amen.

1384 2658 2144 2773 VARIORUM
2230 2661 2713 2775 NOT/E.

1833 3055 1905 3109 IN
1967 3055 2229 3113 LIBRUM

983 3238 1129 3324 DE
1205 3236 1807 3326 PEBFECTA
1865 3235 2565 3326 CHRISTIANI
2646 3237 3089 3329 FORMA.

491 3578 705 3650 Prodiit
751 3582 804 3632 in
841 3581 1017 3650 lucem
1062 3580 1154 3650 hic
1199 3579 1337 3633 liber
1365 3579 1656 3650 Latinitate
1690 3578 1992 3650 donatusa
2022 3582 2063 3639 C
2168 3578 2286 3632 Col.
2332 3577 2440 3633 258
2470 3576 2547 3650 _A.
2580 3574 2667 3650 ⁸Ιη
2701 3578 2872 3650 vilitti.
2926 3579 3115 3650 Zinus,
3162 3578 3217 3650 in
3272 3579 3451 3634 bestia:
3480 3583 3674 3650 capite,

419 3648 582 3704 Petro
607 3648 901 3703 Francisco
925 3648 1078 3714 Zino,
1115 3648 1413 3703 Vcronensi
1434 3649 1722 3711 canonico,
1753 3649 1989 3703 Venetiis

419 3734 564 3774 anno
588 3720 791 3774 Christi
826 3719 983 3783 1570,
1012 3728 1064 3773 et
1087 3729 1211 3788 post
1229 3718 1556 3788 decennium
1588 3718 1789 3771 ibidem
1818 3734 1846 3771 a
1877 3718 1988 3770 Ma-

419 3789 565 3841 ximo
606 3788 886 3857 Margunio
920 3786 1177 3858 episcopo
1214 3786 1537 3858 Cytherensi
1559 3829 1572 3849 ,
1603 3802 1709 3858 una
1749 3804 1872 3841 cum
1903 3789 1987 3840 al-

418 3867 534 3911 tero
570 3866 805 3911 tractatu
831 3858 896 3910 ad
926 3857 1278 3912 Harmonium
1306 3858 1380 3911 De
1411 3859 1628 3911 nomine
1649 3857 1984 3921 Christiano,

416 3934 468 3979 et
501 3926 741 3996 Epistula
764 3928 829 3997 ad
857 3926 1127 3988 Letoium,
1161 3929 1313 3997 quasi
1339 3936 1452 3980 tum
1476 3927 1707 3997 primum
1735 3928 1989 3984 ederetur

416 4011 447 4065 e
476 3995 664 4051 Graeco
694 3999 746 4051 in
776 3996 1027 4052 Latinum
1051 3995 1349 4052 conversus
1377 4006 1460 4052 est
1479 3995 1627 4065 apud
1662 3995 1881 4050 Lorium
1920 3998 1988 4052 de

414 4064 613 4130 Loriis,
657 4082 745 4120 an.
789 4068 944 4122 1585.
997 4067 1193 4121 Secuta
1222 4069 1439 4121 demum
1487 4064 1572 4121 est
1605 4065 1791 4121 Grmca
1821 4066 1987 4121 editio

415 4133 911 4217 Lugduno-Batava
958 4136 1312 4259 ltapliglengii
1339 4152 1475 4221 ,'an.
1517 4136 1690 4201 1595,
1730 4136 1889 4201 cujus
1931 4137 1986 4190 in

415 4220 537 4259 natz.
586 4207 686 4259 179
731 4208 926 4259 Ιοιιιιιιιο
968 4207 1036 4259 τὰ
1078 4224 1179 4259 της
1277 4224 1516 4259 φοαστου
1569 4205 1983 4259 μεγαλειότητος

414 4220 537 4277 pag.
586 4207 686 4259 179
731 4207 926 4275 legitur
968 4205 1179 4276 τὰίτῆς
1240 4205 1516 4277 ἄφραστον
1568 4205 1983 4277 μεγαλειότητος

415 4275 564 4356 ἡμῖν,
602 4290 836 4356 quorum
894 4277 1015 4355 loco
1068 4275 1395 4356 scrip-simus
1431 4276 1537 4328 col.
1818 4275 1982 4355 hujus

415 4292 564 4396 ηδιιν,
602 4292 836 4356 quorum
894 4292 1015 4328 IOCO
1068 4292 1395 4344 scripsunus
1431 4292 1537 4328 col.
1581 4292 1687 4329 πολι
1735 4292 1774 4355 ιι
1818 4292 1980 4355 muns

414 4358 444 4397 e
487 4344 786 4415 itionis,_et
827 4345 1119 4413 majestatis
1163 4346 1309 4399 illius
1344 4362 1461 4415 qua:
1498 4345 1757 4411 explicari
1782 4355 1980 4415 nequit,

413 4427 524 4466 non
583 4420 639 4469 ut
698 4413 866 4468 Zinus
925 4415 1215 4477 ediderat,
1275 4423 1323 4468 et
1357 4413 1729 4467 'beatitudinis
1792 4413 1979 4478 illius,

412 4481 555 4549 quod
586 4482 815 4539 fortasse
849 4483 1067 4554 legisset
1091 4484 1188 4551 τῆς
1222 4486 1316 4550 ἀφ.
1365 4483 1805 4554 μακαριότητος·
1841 4483 1981 4535 Mar-

414 4554 610 4620 gunius
645 4569 881 4621 quoque,
906 4552 1127 4606 tantum
1154 4554 1437 4620 ine/rabilis
1467 4552 1612 4605 illius
1642 4552 1979 4606 beatitudinis

413 4622 563 4676 nobis
593 4623 919 4677 ostendentia
946 4638 963 4675 :
996 4622 1090 4676 sed
1131 4627 1310 4677 verior
1343 4623 1499 4676 lectio
1540 4623 1753 4676 videtur
1786 4624 1978 4677 excusi

411 4693 617 4746 codicis
668 4692 864 4757 Graeci,
913 4696 1012 4763 τῆς
1054 4692 1484 4761 μεγαλειότητος,
1532 4702 1584 4763 et
1645 4692 1979 4763 pauloiante

413 4762 801 4831 μεγαλωσύνης
849 4777 980 4816 voce
1043 4764 1232 4816 utitur.
1295 4764 1362 4816 At
1422 4762 1609 4829 paucis
1677 4762 1977 4829 interjectis

408 4832 548 4885 idem
594 4831 909 4900 Margunius
950 4832 1234 4885 nobiscum
1289 4833 1471 4893 vertit,
1526 4843 1581 4883 ut
1629 4846 1693 4885 ex
1741 4833 1977 4886 historiis

406 4901 574 4953 edocti
606 4902 832 4968 fuimus,
877 4917 982 4955 non
1018 4913 1075 4954 ut
1105 4901 1295 4962 Zinus,
1335 4912 1392 4953 ut
1429 4916 1494 4954 ex
1531 4904 1831 4955 litterarum
1866 4918 1977 4955 mo-
2005 4911 2054 4970 ι)

409 4972 670 5024 nnmentis
698 4989 716 5024 :
765 4973 940 5024 innuit
963 4972 1105 5024 enim
1147 4972 1290 5040 quod
1329 4970 1345 5022 I
1385 4972 1515 5039 Reg.
1548 4988 1602 5033 ιι,
1636 4973 1686 5033 1,
1720 4971 1870 5025 Sauli
1895 4972 1976 5024 di-

406 5048 551 5092 ctum
583 5050 667 5093 est
705 5058 732 5095 a
770 5042 1025 5095 Samuele
1061 5060 1072 5092 :
1111 5041 1267 5095 Unxit
1312 5051 1360 5094 te
1394 5041 1649 5094 Dominus
1683 5056 1840 5106 super
1868 5042 1977 5095 ha:-

407 5110 687 5165 redilatem
721 5128 875 5165 suam
917 5113 970 5163 in
1001 5112 1305 5179 principem.
1348 5110 1630 5165 Postremo
1675 5111 1978 5177 adjecimus

403 5196 433 5232 e
463 5179 687 5240 Graeco,
736 5181 825 5234 sed
868 5196 931 5233 ea:
969 5182 1074 5235 vita
1118 5182 1310 5236 testim.
1347 5180 1654 5249 habeamus,
1692 5181 1836 5249 quod
1869 5197 1974 5235 ne-

402 5264 508 5315 que
563 5252 616 5304 in
668 5251 808 5315 Zini,
862 5267 1037 5319 neque
1080 5252 1132 5305 in
1185 5250 1450 5321 Margunii
1491 5246 1733 5305 editione
1777 5252 1978 5320 reperi-

403 5327 509 5371 tur.
1320 5342 1327 5347 '

473 5388 588 5441 Col.
626 5389 733 5444 255
753 5389 814 5445 C.
845 5389 1149 5444 Materiam.
1196 5390 1459 5445 Addimus
1500 5391 1874 5453 inanimatam,
1910 5397 1968 5443 ut

401 5456 622 5511 Grtecus
653 5460 806 5523 liber,
840 5459 1065 5529 ἄψυχον,
1095 5468 1147 5515 et
1172 5460 1436 5529 Murgun.,
1466 5461 1660 5513 animae
1681 5469 1965 5527 expertem,

401 5538 453 5580 et
486 5530 645 5597 paulo
670 5538 810 5598 post,
844 5530 981 5598 quod
1015 5547 1132 5583 vero
1161 5530 1229 5583 ad
1257 5530 1603 5582 imitationem
1634 5540 1829 5582 natura
1852 5531 1967 5595 ipsa

402 5612 505 5668 non
545 5599 735 5668 capiti:
777 5614 951 5668 neque
993 5601 1138 5655 enim
1183 5609 1418 5654 verterat
1451 5599 1621 5654 Zinus
1664 5598 1796 5653 illud
1830 5600 1966 5668 πρὸς

405 5667 633 5737 μίμησιν
656 5709 669 5731 ,
702 5667 804 5722 hoc
840 5667 923 5723 est
947 5710 961 5729 ,
994 5671 1058 5723 ad
1099 5686 1329 5738 quorum
1359 5671 1715 5726 imitationem
1742 5667 1966 5725 minime

403 5746 579 5805 potest
605 5748 800 5793 natura
827 5750 1014 5795 nostra
1038 5742 1363 5812 pertingere.

2098 3650 2254 3721 quasi
2287 3654 2433 3703 esset
2463 3646 2677 3721 θηρίου,
2704 3655 2758 3700 at
2777 3647 2947 3721 Marg.
2971 3649 3025 3721 in
3052 3649 3348 3721 pituiicap.
3382 3660 3429 3704 et
3448 3646 3673 3721 quam

2095 3718 2468 3789 Minotaurum
2520 3718 2761 3785 ﬁngunt,
2806 3719 2898 3774 sed
2935 3718 3067 3772 illud
3120 3718 3393 3789 γράφουσι
3440 3718 3674 3779 fortasse

2090 3789 2271 3856 aptius
2322 3787 2576 3858 redderes
2617 3789 2943 3858 utrobique,
3008 3787 3235 3858 ﬁngunt.
3276 3791 3367 3844 Sic
3415 3790 3674 3847 Israelita:

2092 3858 2259 3913 Exodi
2285 3872 2431 3912 χχιιι
2459 3899 2473 3919 ,
2500 3856 2552 3918 8,
2577 3856 2876 3912 idololatria
2898 3858 3024 3911 facti
3052 3856 3180 3912 sunt
3205 3861 3439 3915 conflato
3469 3862 3667 3918 vitulo.

2092 3927 2171 3984 De
2200 3927 2509 3981 Minotauro
2543 3924 2805 3996 Virgilius
2853 3943 2904 3981 νι
2946 3926 3162 3982 Αὲηεὶά.
3193 3943 3213 3980 :

2293 4035 2625 4099 Mixtumque
2653 4037 3115 4108 genusprolesque
3140 4037 3385 4107 biformis

2194 4107 2531 4161 Minotaurus
2565 4107 2717 4161 inest.

2160 4199 2302 4254 Ibid.
2337 4198 2397 4252 Β.
2432 4198 2606 4265 Quam
2638 4199 2684 4251 si
2720 4198 2908 4254 hostis.
2942 4198 3353 4256 lmmutavimus
3382 4200 3547 4256 verba
3578 4202 3663 4256 in-

2088 4270 2361 4350 terpretis,
2393 4285 2553 4350 quam
2575 4269 2621 4350 si
2658 4284 2778 4349 cum
2809 4270 3060 4350 adversus
3076 4269 3524 4350 postilenhaciem
3549 4287 3665 4350 ,ρει-

2082 4340 2350 4409 gnandum
2373 4338 2463 4397 sit.
2495 4348 2549 4391 tu
2582 4348 2631 4391 te
2652 4339 2759 4403 ipse
2787 4338 3052 4409 concidas.
3076 4338 3273 4394 Postea
3315 4340 3659 4409 Margunium

2083 4408 2453 4479 Comperimus
2471 4409 2781 4477 scripsisse,
2814 4408 2946 4479 nihil
2986 4409 3133 4461 aliud
3160 4419 3243 4479 est
3272 4408 3447 4479 quam
3465 4412 3519 4463 in
3559 4412 3665 4463 ini-

2083 4479 2209 4533 mici
2237 4478 2476 4532 ordinem
2522 4479 2694 4546 ipsum
2753 4478 2824 4530 ad
2856 4480 3085 4545 seipsum
3131 4478 3378 4533 discindi.
3416 4478 3665 4548 Sequen—

2083 4558 2189 4603 tem
2216 4563 2434 4619 quoque
2456 4548 2737 4618 periodum
2760 4549 3009 4603 eumdem
3044 4548 3099 4602 in
3131 4563 3349 4604 sensum
3376 4551 3663 4605 nobiscum

2080 4619 2340 4673 restituit.

2151 4686 2269 4742 Col.
2315 4688 2421 4742 259
2454 4687 2517 4739 A.
2554 4686 2721 4752 Quem
2744 4688 2923 4741 series.
2956 4686 3127 4741 Antea
3161 4695 3301 4751 erat,
3350 4704 3501 4757 quem
3542 4690 3663 4757 ipsa

2080 4758 2341 4813 memoria
2375 4759 2607 4826 suggerit
2635 4758 2838 4827 ,rquasi
2876 4758 3140 4827 scriptum
3175 4766 3322 4813 esset
3353 4758 3549 4827 μνῆσις
3582 4761 3661 4812 vel

2082 4830 2268 4913 μνήμη
2336 4825 3255 4913 ραι-ολάιπαρίθμησιςιῌΜονειιιιίιιε
3304 4825 3534 4913 unoque
3581 4829 3663 4884 sic

2082 4898 2263 4962 vertit,
2297 4898 2613 4966 principium
2642 4912 2824 4951 eorum
2849 4911 2965 4964 qua:
2982 4898 3282 4950 memoriter
3299 4906 3552 4960 tenemus,
3577 4914 3663 4949 or-

2078 4968 2167 5021 do.
2198 4968 2401 5021 Citavit
2436 4975 2595 5019 antea
2641 4982 2706 5020 ex
2750 4967 3035 5033 Apostolo,
3076 4966 3359 5021 Christum
3404 4982 3528 5021 esse
3565 4966 3659 5021 Dei

2082 5038 2337 5093 virtutem
2368 5044 2422 5092 et
2456 5037 2803 5106 sapientiam,
2841 5034 2862 5087 l
2894 5036 3020 5090 Cor.
3055 5051 3094 5099 ι,
3127 5036 3198 5090 24
3223 5055 3238 5104 ;
3263 5038 3479 5107 singula
3511 5053 3661 5092 nunc

2082 5116 2409 5231 ϐχίέίιῗιῖϐἳ
2433 5175 2492 5227 Α.
2510 5144 2580 5229 ‘Si
2606 5191 2696 5243 per
2711 5192 2825 5227 eam
2849 5191 3050 5242 pacem.
3086 5178 3201 5230 Hoc
3222 5176 3524 5229 membrum
3555 5176 3657 5229 ad-

2080 5247 2287 5316 jectum
2308 5253 2393 5300 est
2424 5260 2455 5300 e
2487 5243 2675 5316 Graeco
2709 5244 3078 5314 Lugdunensi,
3113 5247 3257 5315 quod
3284 5260 3408 5316 cum
3441 5247 3658 5299 abesset

2087 5315 2155 5371 ab
2189 5317 2478 5384 utriusque
2524 5315 2835 5384 interpretis
2895 5323 3064 5376 textu,
3121 5315 3446 5370 sententiam
3500 5317 3657 5383 plane

2078 5395 2328 5441 truncam
2360 5396 2415 5455 et
2460 5384 2752 5440 obscuram
2792 5384 3073 5440 reddebat.
3108 5384 3287 5442 Locus
3321 5392 3406 5439 est
3450 5384 3652 5455 Eplies.

2075 5457 2321 5578 "’l'b‘i’d‘.3t
2337 5453 2545 5578 .uno
2588 5523 2814 5594 nomine.
2843 5522 3091 5580 Addebat
3114 5524 3396 5594 interpres
3418 5565 3433 5587 ,
3470 5522 3538 5576 ad
3568 5539 3650 5576 rc-

2072 5595 2495 5650 conciliationem
2579 5593 2857 5657 bonorum,
2925 5611 3025 5647 non
3074 5611 3161 5648 eos
3232 5593 3466 5648 videlicet
3526 5602 3649 5645 tan-

2073 5678 2204 5728 tum,
2227 5674 2358 5727 ctc.,
2381 5665 2536 5734 quasi
2575 5665 2791 5733 legisset
2820 5667 3005 5719 καινὸν
3030 5664 3314 5734 ἄνθρωπον
3341 5666 3420 5725 είς
3455 5662 3649 5716 καταλ-

2070 5736 2238 5806 λαγὰς
2262 5732 2502 5806 ἀγαθῶν,
2523 5732 2745 5791 οιιιὲεεὶε
2765 5732 3490 5805 iutcrmcdiis.'Margunium
3514 5748 3648 5805 quo-
