4092 6378
300 383 325 434 1
345 379 450 438 139¹

299 498 403 567 μὲν
432 496 626 559 κακίας
707 495 997 567 ὑπερϐολὴ,
1021 497 1113 568 καί
1134 499 1166 565 ὴ
1191 497 1425 564 ἔλλειψις
1449 513 1461 527 ’
1485 497 1582 567 τῆς
1607 497 1664 549 δὲ
1685 497 1884 568 ἀρετῆς

293 571 334 690 2
372 569 623 637 μεσότης.
655 567 919 621 Excdssus
940 576 989 620 et
1012 567 1246 636 defectus
1270 569 1382 621 vitii
1411 576 1508 634 est,
1533 567 1742 621 virtutis
1774 583 1884 620 nte-

341 639 575 690 iocritas.

341 639 575 692 iocritas.

373 707 490 762 Col.
515 706 620 776 555
644 705 705 761 C.
739 700 1100 775 Διαχεῖσθαι.
1138 705 1332 760 Verior
1357 717 1442 762 est
1477 707 1642 761 lectio
1670 707 1885 776 vulgata

293 786 352 832 et
388 792 493 830 ms.
523 775 692 847 Mor”
727 792 890 845 quant
915 780 1084 829 altera
1119 777 1360 830 Vaticani
1401 789 1453 832 et
1492 777 1643 847 Regii
1677 775 1886 832 codicis

293 846 651 917 Giaxeicbat,
676 847 751 899 Ita
798 847 937 917 dixit
977 856 1134 899 antea
1181 847 1285 902 sub
1317 847 1479 902 linem
1520 846 1640 916 cap.
1693 849 1726 902 6
1751 888 1766 912 ,
1804 850 1886 910 είς

295 914 473 970 ’πολλὰ
513 919 579 986 τῇ
633 914 1255 987 διανοίᾳῌδιαχεόμενον·
1309 919 1400 986 qui
1437 914 1760 987 mentémﬂin
1805 925 1886 970 res

297 988 500 1058 multas
543 983 1129 1058 e'ﬂ'undathaue'di'ci
1163 983 1342 1058 solent
1369 985 1800 1058 διασκορὴίζειν,
1835 996 1883 1039 et

297 1057 565 1124 dissipare
621 1056 757 1110 bona
794 1071 890 1109 sua
920 1056 1150 1125 prodigi,
1184 1056 1344 1110 Lucas
1373 1074 1461 1120 xv,
1493 1056 1581 1121 l3,
1627 1058 1723 1110 καὶ
1771 1058 1888 1110 ἐκεῖ

297 1125 647 1197 διεσκόρπισε
668 1127 770 1197 τὴν
801 1125 989 1197 οὐσίαν
1020 1127 1186 1179 αὑτοῦ
1221 1125 1330 1192 ζῶν
1356 1127 1603 1197 ἀσώτως.

374 1194 498 1252 Col;
534 1197 638 1250 556
687 1194 753 1251 Α.
809 1194 1067 1264 Δένδρον
1117 1198 1326 1250 κακόν.
1374 1196 1611 1252 Matthmi
1664 1194 1884 1265 quidem

299 1282 423 1334 cap.
457 1283 554 1327 vn,
595 1267 677 1329 18,
715 1266 912 1336 legitur
946 1285 958 1318 :
997 1265 1132 1319 Οὐδὲ
1159 1267 1374 1337 δένδρον
1401 1266 1609 1336 σαπρὸν
1639 1267 1886 1337 καρποὺς

300 1337 498 1406 καλοὺς
516 1337 711 1400 ποιεῖν,
739 1351 900 1404 neque
925 1342 1085 1389 arbor
1101 1338 1245 1390 mala
1274 1337 1433 1391 bonos
1459 1337 1662 1406 fructus
1692 1341 1883 1406 facere,

300 1419 355 1488 _et
402 1403 666 1488 Lucaa_v1,
703 1407 794 1469 4'5,
816 1403 1035 1488 ίκαρτεὸν
1068 1407 1250 1488 καᾏόν..
1283 1403 1552 1488 Quocirca
1584 1403 1885 1488 notandum

304 1477 407 1532 lioc
433 1479 551 1531 loco
573 1477 887 1547 Nyssenum
902 1474 1403 1546 interpretationem
1431 1475 1668 1547 Vulgata
1681 1474 1888 1530 Latinae

304 1550 548 1602 auctoris
575 1546 631 1601 et
651 1546 913 1602 Galesinii
939 1549 1284 1618 conﬁrmare,
1313 1547 1406 1614 qui
1439 1546 1653 1618 σαπρὸν
1685 1547 1886 1618 malum

300 1628 545 1680 vertunt,
575 1619 777 1672 rectius
805 1630 970 1686 quam
992 1615 1271 1673 Livineius
1298 1615 1582 1682 vitiosum,
1619 1627 1714 1671 aut
1743 1615 1886 1670 Beza

300 1698 530 1754 putrem,
591 1696 752 1754 prout
788 1694 946 1755 antea
977 1688 1363 1742 annotavimus
1397 1702 1563 1755 supra
1599 1687 1664 1740 ad
1700 1689 1882 1741 locum

307 1756 506 1827 Epltes.
558 1775 632 1820 iv,
676 1757 768 1812 29.
803 1754 1071 1811 Caeterum
1107 1758 1270 1826 paulo
1308 1765 1429 1827 post
1468 1754 1674 1827 rectius
1716 1757 1887 1812 edidit

302 1826 634 1892 Galesinius,
668 1829 720 1880 in
752 1827 1148 1880 matrimonium
1166 1826 1402 1882 convicia
1427 1826 1639 1896 conjicit
1667 1865 1682 1889 ,
1717 1841 1884 1896 quam

302 1896 601 1961 Livineius,
622 1897 950 1951 matrimonii
973 1898 1275 1964 ignominia:
1300 1899 1354 1951 in
1384 1913 1501 1950 eum
1531 1899 1618 1966 qui
1650 1905 1884 1966 procreet

302 1968 628 2030 redundent,
661 1969 817 2037 quasi
846 1969 874 2020 ὁ
918 1967 1211 2037 προφέρων
1267 1968 1338 2021 sit
1393 1967 1536 2022 Deus
1580 1970 1663 2022 vel
1697 1967 1881 2032 homo,

300 2039 392 2110 qui
421 2050 668 2110 procreet
699 2057 710 2091 :
741 2052 866 2091 cum
897 2038 1124 2110 proprie
1139 2037 1314 2110 ὀνείδη
1341 2037 1637 2110 προφέρειν
1659 2037 1886 2110 si_t_pro-

301 2105 728 2178 lira'objicere,
787 2116 845 2161 ut
895 2105 1038 2178 apud
1081 2105 1646 2173 l-lonieruin"l.1td6.,
1701 2105 1769 2177 β’,
1806 2107 1885 2162 ait

300 2170 568 2233 Thersitae
611 2177 835 2248 Ulysses
869 2195 882 2231 :

301 2292 412 2346 Kal
436 2304 586 2362 σφιν
608 2289 840 2344 ὀνείδεά
858 2306 922 2344 τε
946 2288 1283 2360 προφέροις,
1303 2291 1530 2347 νόστον
1553 2307 1617 2346 τε
1643 2290 1882 2433 spintria-

1633 2376 1775 2427 σοις.

1633 2376 1775 2427 σοις.

299 2450 536 2524 Et__ipsis
561 2452 794 2524 congicia
816 2453 1045 2524 inferas,
1083 2451 1410 2524 reditumque
1438 2469 1631 2510 serves.

368 2521 484 2574 Col.
521 2522 625 2575 555
652 2521 711 2574 Β.
747 2521 825 2574 Ad
854 2538 1036 2576 unum.
1084 2521 1412 2590 Adjecinius
1454 2539 1641 2580 vocem
1676 2541 1840 2580 unum
1865 2568 1878 2588 ,

297 2608 420 2660 qum
447 2593 511 2645 ad
541 2593 932 2647 continentiam
963 2593 1313 2648 indicandam
1347 2593 1656 2660 pertinebat
1684 2617 1695 2651 :
1735 2597 1882 2650 unde

296 2656 460 2715 etiam
492 2663 787 2730 Apostolus
815 2662 881 2716 ad
904 2661 1180 2716 Romanos
1204 2677 1279 2724 ix,
1307 2656 1372 2715 Η)
1397 2682 1409 2716 :
1444 2656 1547 2717 Sed
1576 2675 1624 2718 et
1651 2666 1880 2721 Rebecca

294 2747 361 2784 ea:
387 2748 488 2785 uno
514 2733 794 2786 concubitu
827 2731 1022 2786 habens
1051 2731 1210 2786 Isaac
1242 2733 1411 2800 patris
1433 2737 1620 2788 nostri.
1650 2735 1880 2790 Eodem-

297 2817 405 2876 que
451 2801 613 2876 modo
661 2812 848 2876 noster
881 2813 1077 2876 auctor
1103 2817 1225 2871 cap.
1269 2805 1301 2855 υ
1338 2803 1478 2876 (col.
1523 2804 1635 2876 .557
1675 2808 1782 2876 C),
1815 2809 1879 2858 ὲκ

299 2873 429 2941 μιᾶς
461 2870 647 2936 ὠδῖνος
667 2872 949 2940 ἀδελφούς,
985 2888 1092 2926 uno
1119 2870 1277 2941 partu
1308 2873 1486 2926 editos
1517 2871 1714 2931 fratres
1728 2870 1880 2931 'dixit

294 2939 560 3014 gemellos,
603 2958 743 3010 quos
780 2939 1060 3014 perperam
1106 2939 1418 3014 Gales‘inius
1447 2958 1738 3012 germanos
1783 2961 1878 3014 ap-

297 3013 546 3079 pellavit;
595 3010 822 3082 possunt
856 3010 1000 3066 enim
1032 3010 1286 3082 germani
1321 3010 1468 3076 esse,
1495 3015 1586 3082 qui
1626 3033 1732 3070 non
1767 3010 1876 3070 uno

296 3093 454 3149 partu
513 3081 644 3134 editi
695 3082 805 3135 sint
852 3096 1030 3150 neque
1077 3080 1312 3150 gemelli.
1369 3080 1533 3136 Addit
1590 3084 1874 3141 Livineius

294 3151 602 3224 exemplum
635 3150 790 3224 Zethi
822 3158 875 3205 et
903 3150 1229 3224 Amphionis
1266 3151 1408 3221 apud
1462 3151 1752 3211 lloratium
1775 3198 1791 3224 ,
1821 3166 1876 3212 et

297 3218 496 3275 Gencs.
527 3237 652 3282 xxv,
687 3221 832 3275 Esau
856 3232 910 3276 et
941 3218 1128 3277 Iacob.

334 3380 344 3389 _
368 3309 486 3389 Col.
517 3311 622 3364 558
651 3311 715 3365 A.
749 3309 962 3389 Melius.
991 3311 1600 3389 lta_potius_malt_t_in_i_us
1627 3309 1873 3389 cuuiLi-

297 3381 686 3456 viiieiotquam
710 3381 862 3456 quod
883 3392 1039 3456 antea
1053 3382 1393 3456 ‘Galesinius,
1426 3383 1666 3439 Validior
1695 3387 1875 3456 utique

297 3451 378 3516 ﬁt.
420 3453 466 3502 si
504 3451 651 3520 longe
677 3468 730 3504 se
752 3452 926 3519 potius
952 3452 1015 3504 ab
1043 3451 1124 3505 Itis
1152 3454 1306 3508 rebus
1336 3456 1598 3509 contineat
1624 3499 1638 3521 ,
1676 3451 1798 3509 cum
1820 3459 1873 3512 in

303 3530 566 3596 certamen
598 3523 794 3596 viribus
829 3524 940 3596 suis
983 3522 1160 3596 majus
1205 3524 1508 3596 descendat.
1548 3525 1718 3580 Paulo
1751 3537 1874 3596 post

298 3592 592 3666 scripserat
624 3591 786 3652 idem,
820 3593 876 3666 in
900 3594 1187 3666 materiam
1217 3595 1466 3666 profundi
1488 3591 1870 3666 ititpingantur,

295 3660 388 3734 sed
413 3662 642 3734 solerter
657 3661 967 3734 emendavit
988 3660 1262 3734 Livineius
1283 3660 1360 3726 εἰς
1381 3665 1492 3718 ἰλὺν
1518 3660 1614 3734 pro
1631 3660 1783 3734 ἱῗλην,
1806 3660 1870 3722 es

299 3685 388 3712 neu
413 3685 642 3712 sumrtcr
657 3685 967 3715 cutelluavu
988 3685 1262 3717 ulvlltelus
1283 3685 1360 3726 εις
1381 3685 1492 3718 ιΛυν
1518 3685 1614 3734 pl'O
1631 3685 1693 3718 Ui.
1736 3685 1783 3732 ν,
1806 3685 1869 3722 ex

299 3729 417 3782 loco
445 3729 645 3784 Psaliui
675 3747 840 3806 LXV‘lII
859 3769 874 3793 ,
897 3731 960 3795 2,
984 3731 1193 3806 Inﬁxtts
1221 3751 1337 3787 sum
1361 3736 1414 3787 in
1447 3736 1573 3788 limo
1598 3685 1869 3806 proPundi,

296 3806 570 3876 ct_rursus
595 3817 658 3854 ex
683 3803 874 3876 eodem
908 3803 1281 3876 scribendutti,
1315 3803 1730 3876 neqrerumqua’
1752 3824 1872 3876 per-

296 3869 471 3923 missa:
500 3880 623 3924 sunt
651 3871 944 3935 occasione,
979 3873 1145 3926 animi
1169 3875 1310 3928 vitiis
1327 3875 1504 3928 aditus
1525 3869 1762 3946 pateﬁat:

368 3958 509 4014 Ibid.
555 3961 612 4014 Β.
671 3961 824 4015 Nihil
874 3965 1069 4032 reipsa.
1122 3965 1380 4020 Auctoris
1439 3977 1674 4021 mentem
1734 3985 1870 4023 neu-

297 4038 712 4104 [ςπηξιεδθειιῑιιε
757 4039 841 4086 est
889 4032 1158 4104 interpres
1182 4075 1196 4095 ,
1238 4036 1332 4089 sed
1363 4036 1719 4092 doctissimus
1751 4037 1866 4094 Jac.

297 4099 490 4156 Billius
521 4106 593 4154 ita
639 4103 819 4156 locum
866 4104 1013 4158 hunc
1034 4099 1320 4160 recensuit
1355 4107 1448 4160 lib.
1476 4122 1490 4158 l
1520 4146 1534 4160 .
1572 4106 1869 4163 Sacrorum

294 4171 745 4246 Observationum
768 4188 888 4242 cap.
924 4175 950 4227 1
989 4193 1006 4246 ς
1035 4175 1315 4246 Nysscuus
1348 4177 1425 4230 de‘
1449 4178 1499 4229 vi
1529 4193 1592 4230 ac
1625 4181 1865 4245 potentia

294 4243 706 4311 consuetudinis
734 4243 961 4311 loquens
996 4243 1094 4299 his
1111 4247 1290 4300 verbis
1321 4250 1490 4300 utitur
1513 4264 1524 4298 :
1547 4243 1708 4300 Οὐδὲν
1728 4248 1870 4301 οὕτω

291 4310 542 4389 τῇφύσεῌι
577 4310 977 4389 φευκτόνέστιν
998 4313 1162 4389 ᾡς-ὲν
1194 4317 1453 4389 συνηθείᾳ
1480 4317 1773 4389 γενᾴμενον
1809 4337 1864 4389 μ.

293 4381 386 4432 καὶ
420 4397 468 4432 σ.
503 4381 555 4433 ἄ.
599 4384 730 4446 Quae
768 4383 932 4436 verba
965 4383 1032 4435 ad
1082 4383 1228 4436 hunc
1261 4381 1691 4442 itioduui'reddit
1722 4381 1869 4441 Livi-

296 4451 473 4526 "eius,
515 4449 667 4503 Nihil
705 4461 898 4526 natura
929 4461 1037 4526 tam
1075 4453 1380 4526 fugiendum
1413 4468 1522 4526 est,
1565 4473 1870 4526 quamqua:

293 4536 370 4573 res
403 4523 456 4573 in
486 4521 918 4596 consuetudinem
951 4521 1163 4596 abierit,
1196 4541 1311 4596 eam
1336 4525 1513 4580 studio
1542 4521 1870 4596 dignamut-

290 4607 385 4663 que
411 4591 973 4663 amplectendam__non
1003 4592 1187 4647 videri.
1217 4594 1329 4663 Ego
1364 4604 1546 4650 autem
1587 4591 1866 4654 lubentius

291 4661 360 4737 ita
394 4661 765 4737 transtulerint
784 4681 806 4737 _:
834 4661 984 4716 Nihil
1013 4675 1208 4737 natura
1235 4661 1340 4718 tam
1380 4676 1530 4732 turpe
1560 4683 1622 4719 ac
1664 4668 1866 4737 fugien-

288 4729 527 4794 rlnmest,
559 4733 683 4803 quin
705 4734 750 4785 si
777 4734 833 4785 in
861 4735 1288 4788 consuetudinem
1313 4729 1520 4799 abierit,
1547 4729 1865 4803 prwcldrunt

286 4811 329 4850 et
352 4801 706 4873 expetendum,
723 4803 994 4873 videatur.
1025 4803 1149 4858 Haec
1180 4805 1407 4873 Billius;
1450 4818 1502 4860 at
1547 4801 1864 4864 Calcsinius

288 4873 590 4936 scripserat
621 4889 634 4924 :
669 4871 760 4926 Sic
791 4873 1201 4946 fugienduntest
1245 4871 1497 4946 tanquam
1525 4879 1741 4931 assiduo
1767 4896 1864 4933 usu

286 4949 651 5016 comparatum
677 4941 818 5016 quod
850 4941 952 4998 non
978 4945 1121 4997 omni
1160 4941 1580 5015 studio'dignum
1616 4960 1865 5016 expeten-

285 5010 511 5075 tlutnque
535 5010 701 5079 putet,
725 5012 980 5083 hujusque
1003 5018 1274 5070 sententia:
1311 5010 1457 5070 testis
1481 5027 1580 5082 est,
1611 5010 1717 5074 etc.

355 5102 473 5157 Col.
507 5101 612 5174 559
640 5103 982 5174 A._Peneque
1009 5106 1248 5159 illarunt.
1286 5106 1406 5161 Non
1440 5109 1544 5163 hoc
1579 5111 1695 5164 vult
1724 5110 1862 5166 Gre-

290 5174 496 5241 gorius,
523 5173 648 5227 illos
677 5172 1025 5229 all'ectionum
1064 5177 1146 5231 vel
1181 5178 1436 5230 vitiorum
1464 5178 1660 5234 ardore
1688 5178 1861 5237 fuisse

289 5241 578 5315 atelactos,
620 5243 713 5298 sed
746 5244 1100 5314 cupiditatem
1135 5249 1315 5315 potius
1347 5262 1526 5302 rerum
1550 5250 1858 5306 cmlestium

289 5307 488 5389 inillis
522 5307 904 5389 arel'actain'et
935 5307 1263 5389 esstiiic'tam
1297 5331 1439 5389 esse.
1483 5316 1857 5389 Metaplioram

288 5381 429 5460 enim
451 5389 588 5460 esse
628 5385 789 5460 docet
818 5398 847 5436 a
872 5382 1050 5440 ﬂuviis
1083 5395 1357 5460 sumptam
1401 5381 1698 5460 Livineius.
1736 5392 1859 5460 qui-

288 5451 388 5529 b_us
417 5449 523 5529 alio
538 5451 839 5529 derivatis
864 5467 1090 5510 necesse
1126 5449 1474 5526 est—priorem
1524 5449 1733 5529 alveum
1754 5449 1858 5514 ὀχ-

288 5521 503 5599 siccari.
537 5518 629 5574 Sic
661 5537 798 5599 ergo
828 5518 1257 5599 interpretatur,-
1280 5539 1623 5599 aperuerunt.
1675 5528 1858 5599 Itaque

287 5593 452 5642 ontnis
476 5605 655 5667 eorum
681 5593 946 5667 cupiditas
972 5593 1003 5648 2.
1025 5597 1238 5649 sublimi
1272 5593 1463 5665 impetu
1489 5615 1724 5667 repressa
1773 5593 1854 5654 est

288 5668 438 5733 atque
469 5661 738 5733 exsiccata
767 5679 785 5716 :
817 5666 1003 5733 quippe
1041 5676 1151 5720 tota
1181 5667 1248 5720 ad
1283 5661 1554 5722 libidinem
1583 5671 1852 5724 traducta.

286 5728 483 5809 Regius
515 5731 683 5785 codex
722 5728 917 5789 melius
942 5728 1038 5809 iiii.
1067 5737 1134 5790 τὰ
1156 5738 1266 5791 ἄνω
1291 5740 1483 5809 φορᾶς,
1513 5738 1791 5806 Cupiditas
1823 5759 1854 5794 a

285 5799 568 5855 cwlestium
609 5818 784 5855 rerum
821 5805 1140 5872 appetitione
1181 5799 1546 5862 ’νυοὶ-αἰωρεῖ
1586 5799 1636 5862 et
1675 5811 1850 5864 exsic-

1615 367 1981 433 VARIORUM
2031 371 2262 431 ΝΟΤᾸΞ.

3433 376 3570 434 H90

1999 503 2142 570 cata.
2177 493 2253 547 Ex
2274 495 2472 570 eadem
2505 497 2735 555 Livineii
2761 499 3004 555 editione
3029 507 3349 568 sequentem
3387 513 3572 570 perio-

1995 563 2125 617 dum
2158 564 2517 621 restituimus.

1921 642 1987 691 -3-
2068 633 2188 687 Col.
2215 634 2318 687 560
2338 636 2398 688 A.
2428 637 2538 691 Kal
2565 637 2959 692 κινδυνεύειν.
2986 636 3583 699 AnnotavitiLivineius

1995 703 2053 758 in
2084 702 2354 777 Vaticano
2384 707 2578 762 abesse
2600 708 2715 769 καί,
2736 716 2935 776 etpost
2959 707 3427 777 σπουδαζομένων,
3454 710 3581 763 addi

1996 773 2397 855 φρονείςοντες,
2434 777 2488 830 id
2522 787 2627 844 est,
2671 773 2890 855 solliciti
2939 793 3009 855 ne
3037 779 3094 831 in
3137 773 3439 855 perieiilum
3490 795 3583 832 ve-

1995 843 2172 898 niant.
2204 843 2405 916 llegius
2435 843 2618 901 autem
2646 847 2823 901 codex
2853 848 3060 901 rectius
3087 843 3496 916 φροντίζοντας,
3525 858 3585 902 ut

1996 922 2157 986 antea
2184 913 2388 986 dictum
2414 925 2498 972 est
2529 917 2889 986 καταφεύγων
2910 913 3221 978 manu.
3257 915 3585 986 PauloApost

1995 982 2129 1058 illud
2157 985 2494 1058 correitimus
2517 988 2544 1039 ὁ
2564 982 2916 1057 γὰρ’ᾶγαμος
2959 988 3224 1058 μεριμνᾷ,
3259 987 3403 1058 quod
3425 982 3579 1058 Gale-

1995 1053 2175 1109 sinius
2207 1054 2474 1119 ediderat,
2504 1053 2901 1112 matrimonium
2943 1053 3183 1110 enint'ea'
3202 1053 3440 1124 qur—eihi
3461 1066 3585 1109 sunt

1995 1132 2198 1196 curat;
2230 1139 2331 1179 nec
2361 1127 2824 1182 animadverterat
2854 1128 3108 1196 usurpari
3139 1123 3306 1196 verba
3333 1123 3484 1196 Pauli
3516 1141 3582 1180 ex

1995 1195 2017 1246 ι
2049 1195 2115 1248 ad
2141 1192 2268 1264 Cor.
2301 1211 2400 1259 vn,
2432 1196 2502 1250 52
2537 1213 2551 1249 :
2604 1197 2711 1264 Qui
2739 1198 2851 1251 sine
2878 1192 3042 1251 uxore
3072 1205 3170 1264 est,
3204 1195 3467 1251 sollicitus
3505 1204 3584 1250 est

1995 1280 2114 1333 qua:
2135 1263 2351 1318 Domini
2373 1275 2518 1321 sunt.

2069 1332 2202 1406 Col.
2226 1336 2330 1390 559
2358 1336 2416 1391 Β.
2455 1336 2522 1389 Ut
2559 1336 2636 1390 vel
2663 1337 2717 1390 in
2743 1338 2812 1390 iis
2845 1353 2963 1406 qua:
3001 1336 3124 1406 di/f.
3175 1335 3361 1390 Secuti
3389 1350 3583 1390 sumus

1994 1402 2328 1476 Livineium,
2362 1407 2455 1476 qui
2483 1406 2597 1460 haec
2625 1408 2816 1462 retulit
2846 1402 2912 1459 ad
2943 1423 3035 1462 res
3059 1402 3166 1461 non
3198 1407 3262 1476 ad
3290 1420 3581 1476 personas,

1996 1481 2056 1527 ut
2084 1472 2417 1546 Galesiuius,
2448 1485 2504 1529 ut
2536 1476 2614 1530 vel
2639 1477 2706 1546 iis
2739 1477 2830 1545 qui
2859 1493 2913 1531 se
2951 1478 3182 1530 maxime
3217 1474 3454 1546 difﬁciles
3498 1493 3584 1530 os-

1997 1545 2241 1605 tendunt,
2271 1545 2612 1615 voluptatem.
2643 1545 2793 1601 Ferri
2822 1555 3002 1600 tamen
3024 1553 3204 1615 potest
3233 1546 3349 1601 haec
3376 1546 3578 1610 versio,

1995 1619 2057 1668 ut
2080 1599 2708 1686 imminesfastidiosos'
2724 1599 3111 1686 intellirgam‘us
3129 1599 3184 1671 et
3216 1599 3472 1686 morosos

2071 1683 2211 1736 Ibid.
2246 1685 2307 1738 D.
2341 1684 2563 1757 Perinde
2595 1696 2693 1741 est.
2723 1683 3036 1757 Galesinius
3074 1695 3386 1757 perperam,
3433 1685 3581 1752 Quo-

1995 1754 2142 1808 niam
2185 1769 2267 1808 res
2305 1754 2650 1810 admirabiles
2687 1756 2949 1810 orationis
2999 1757 3049 1810 vi
3075 1754 3129 1810 et
3170 1755 3482 1809 imminuere
3530 1766 3581 1809 et

1996 1824 2348 1892 ampliﬁcare,
2381 1825 2477 1880 hoc
2503 1828 2558 1880 in
2593 1843 2779 1880 earum
2804 1842 2983 1879 rerum
3011 1824 3364 1880 similitudine
3385 1827 3581 1880 consti-

1995 1903 2168 1966 tutum
2201 1904 2301 1966 est,
2333 1912 2449 1965 qua:
2480 1912 2637 1950 sensu
2665 1913 2770 1950 non
2800 1896 3169 1964 percipiuntur
3193 1913 3213 1951 :
3246 1895 3410 1966 paulo
3451 1905 3580 1966 post

1995 1963 2207 2036 abortu
2241 1963 2482 2036 intellige
2525 1982 2556 2020 a
2586 1966 2762 2036 prima
2790 1963 3073 2021 nativitate
3102 1981 3221 2021 sua.
3248 1965 3422 2036 Recte
3445 1963 3578 2020 sus-

1999 2035 2151 2106 tulit_
2174 2034 2434 2089 mendum
2456 2034 2760 2106 Livineius,
2786 2036 2934 2106 quod
2958 2037 3126 2106 etiam
3153 2037 3207 2090 iu
3237 2051 3337 2106 ms.
3376 2035 3447 2088 M.
3482 2053 3580 2090 cu-

1993 2104 2106 2176 bat,
2140 2104 2326 2176 legetis
2353 2105 2694 2176 ἀναισθήτως
2723 2104 3202 2176 ρι’όίάναισθήτων
3233 2104 3490 2175 ἐχόντων,
3523 2113 3579 2159 et

1993 2174 2474 2245 il|i_ei_nendatioiii
2507 2174 2916 2245 lte‘gius’codex
2941 2174 3290 2245 astipulatur.

2063 2243 2182 2298 Col.
2217 2244 2322 2299 562
2350 2245 2416 2299 Α.
2442 2244 2572 2309 Quae
2593 2243 2688 2300 sub
2719 2255 3007 2314 aspectum.
3038 2243 3428 2314 Reponendum
3456 2260 3580 2300 esse

1992 2329 2310 2369 monuerain
2343 2330 2408 2369 ex
2449 2315 2731 2376 Livineio,
2777 2332 2934 2384 quant
2967 2315 3211 2384 consequi
3252 2314 3422 2368 verbis
3473 2333 3577 2368 non

1991 2387 2180 2456 possit,
2240 2384 2292 2438 id
2349 2385 2497 2456 enim
2530 2393 2644 2456 est
2689 2387 3000 2456 ίᾷφραστον,
3042 2385 3439 2456 ηοηίὰόρατον.
3470 2385 3578 2456 δίο

1993 2452 2469 2526 paulopostidixit
2491 2454 2588 2526 τὴν
2617 2454 2712 2508 τοῦ
2746 2452 3024 2526 sepem»
3043 2455 3219 2525 φωτὸς
3248 2452 3570 2526 ἑρμηνείαν,

1992 2523 2282 2595 inellabilis
2312 2523 3100 2595 luminisinterpretationem.

2060 2593 2202 2646 Ibid.
2241 2593 2305 2648 C.
2327 2595 2486 2666 οὐχί
2512 2592 2592 2660 τῷ
2611 2592 2834 2666 μιοίεῖν.
2871 2594 2936 2666 1ηῄ
2957 2594 3208 2666 Vaticau.
3233 2601 3320 2666 est
3347 2595 3468 2664 οὐχὶ
3495 2595 3575 2666 τῷ

1992 2664 2137 2787 ἓίσει
2161 2666 2260 2734 τῆς
2289 2663 2567 2734 ἀληθείας,
2593 2665 2726 2718 ἀλλὰ
2755 2667 2820 2735 τῇ
2844 2664 3098 2736 ἀσθενείᾳ
3125 2666 3222 2747 τῆς
3245 2663 3569 2735 διηγήσεωέ.

2034 2748 2203 2787 eusus
2225 2743 2332 2787 est.
2359 2750 2477 2787 eum
2508 2735 2813 2787 mendacem
2837 2750 2950 2787 esse
2979 2751 3085 2787 non
3109 2735 3318 2787 quidem
3341 2744 3480 2787 certe
3509 2752 3569 2787 ea

2005 2732 2332 2798 Seiisuscst,
2359 2732 2477 2788 eum
2508 2732 2819 2789 mendacem
2837 2750 2950 2789 esse
2979 2732 3085 2788 non
3109 2732 3480 2802 quident'certe
3509 2752 3573 2788 ea

1990 2805 2232 2867 ratione,
2266 2805 2418 2872 quasi
2472 2805 2748 2858 veritatem
2799 2806 3007 2868 oderit,
3057 2807 3148 2872 qui
3192 2804 3406 2858 demum
3455 2820 3575 2858 vero

1987 2872 2218 2926 mendax
2245 2883 2360 2936 est,
2396 2873 2486 2926 sed
2521 2876 2662 2941 quod
2707 2872 2929 2926 dicendo
2966 2875 3215 2942 consequi
3265 2891 3369 2928 non
3400 2876 3574 2942 possit

1985 2942 2400 3066 p'ulchritttdinis
2450 2944 2596 3024 illius
2643 2944 3049 3023 explicationem
3091 2961 3247 3013 quant
3275 2945 3570 3024 .incteptet.

2037 3029 2114 3066 sec
2145 3011 2459 3066 Livineius.
2500 3013 2701 3066 auibus
2731 3013 2872 3066 addo
2914 3013 3142 3066 Beatum
3167 3014 3413 3066 codicem
3445 3030 3570 3066 cum

2037 3029 2114 3067 eec
2145 3011 2459 3076 Livineius,
2500 3011 2872 3082 quibusraddo
2914 3011 3142 3084 Regium
3167 3013 3413 3068 codicem
3445 3030 3574 3070 cum

1990 3082 2240 3139 Romano
2263 3084 2598 3138 consentire.

2063 3154 2185 3207 Col.
2226 3153 2333 3208 56⁸5
2367 3155 2432 3206 A.
2468 3153 2574 3218 Qui
2607 3155 2915 3207 exteriores.
2954 3154 3011 3206 ln
3047 3168 3252 3208 excuso
3284 3161 3404 3207 crat
3433 3161 3575 3210 utet

1985 3224 2039 3295 in
2071 3239 2173 3295 ms.
2206 3224 2343 3277 Mor.
2379 3225 2426 3276 oi
2471 3223 2936 3295 ἐπιπολεώτερονο
2980 3224 3034 3295 iii
3081 3221 3344 3295 Vaticano
3373 3225 3570 3295 ἐπιπε-

1988 3293 2292 3364 λαιότερον,
2325 3301 2475 3364 rccte
2503 3293 2788 3364 Livineius
2811 3292 3128 3364 emendavit
3163 3302 3222 3346 ut
3255 3292 3412 3348 nobis
3443 3294 3577 3347 scri.

1984 3372 2135 3433 ptum
2155 3361 2401 3418 exhibuit
2422 3365 2592 3434 codex
2619 3361 2820 3434 Regius
2843 3363 3304 3434 ἐπιπολαιότερον,
3327 3370 3379 3416 et
3402 3364 3572 3419 inter-

2027 3443 2234 3488 retatus
2275 3443 2394 3494 est,
2427 3442 2483 3485 ut
2526 3433 2822 3488 edidimus.
2875 3433 3187 3488 Galcsinius
3221 3435 3380 3486 vertit
3412 3435 3570 3502 quasi

2003 3504 2223 3573 egisset,
2255 3505 2302 3556 οἱ
2323 3503 2417 3555 ἐπὶ
2444 3503 2670 3564 πόλεων,
2703 3505 2785 3558 vel
2811 3506 2867 3556 ὲν
2896 3506 3015 3566 ταῖς
3043 3503 3254 3556 πόλεσι.
3280 3503 3385 3568 Qui
3411 3504 3464 3556 in
3492 3505 3570 3556 ci-

1983 3574 2234 3627 vitatibus
2257 3573 2404 3626 nullo
2441 3574 2605 3626 animi
2618 3573 2827 3641 judicio
2857 3589 2936 3626 res
2972 3574 3264 3626 intuentur.
3298 3575 3567 3628 Cmterum

1984 3643 2091 3714 hoc
2117 3654 2280 3714 caput
2303 3658 2504 3714 nonum
2538 3644 2896 3698 inclioabatur
2928 3643 2998 3714 in
3023 3644 3213 3714 eodem
3240 3642 3410 3714 Regio
3442 3643 3568 3714 cod.

1985 3721 2044 3766 ut
2084 3713 2136 3766 iii
2169 3712 2298 3768 eilit.
2337 3713 2795 3780 Plantiniau.jam
2829 3716 2897 3766 ab
2925 3713 3033 3768 illis
3056 3713 3260 3778 verbis,
3283 3713 3364 3766 δεῖ
3387 3712 3567 3768 τοίνυν

1980 3783 2080 3848 τῆς
2107 3783 2389 3845 ἀσθενείας
2415 3783 2620 3846 ἕνεκεν,
2663 3784 2766 3838 sub
2800 3782 2960 3837 linem
3005 3785 3384 3852 praecedentis.
3423 3781 3568 3837 Rur-

1983 3868 2078 3908 sus
2093 3853 2347 3908 admonet
2366 3852 2649 3906 Livineius
2665 3853 2718 3906 in
2739 3853 3376 3923 margine,fragmentum
3394 3854 3566 3922 quod-

1981 3925 2108 3976 dam
2141 3923 2265 3977 libri
2299 3923 2462 3990 hujus
2485 3933 2652 3991 caput
2684 3922 2826 3975 istud
2858 3925 2963 3976 hoc
2997 3922 3162 3976 modo
3197 3923 3467 3990 incipere,
3509 3926 3560 3976 οἱ

1980 3992 2444 4062 ὲπιπελαιότερον,
2479 3993 2702 4048 omissis
2747 3993 2938 4062 ὥσπερ
2972 3991 3153 4045 τοίνυν
3183 4000 3236 4046 et
3283 3993 3401 4062 μέν,
3457 4009 3562 4047 nec

1982 4062 2142 4116 aliter
2182 4079 2286 4118 ms.
2320 4062 2456 4116 Mor.

2052 4129 2171 4187 Col.
2197 4134 2300 4187 566
2331 4133 2389 4186 Β.
2418 4131 2550 4187 Cum
2585 4132 2722 4185 enim
2749 4133 2978 4186 animus.
3008 4129 3385 4199 Expunximus
3419 4131 3561 4186 lianc

1979 4202 2236 4257 Galesiuii
2275 4203 2579 4258 versionem
2606 4239 2621 4267 ,
2659 4200 2793 4256 Cum
2821 4203 2960 4256 enim
2992 4203 3202 4254 animus
3233 4201 3307 4253 ita
3326 4219 3380 4254 se
3421 4203 3562 4256 rela-

1978 4282 2094 4338 xat,
2123 4282 2277 4342 atque
2312 4274 2489 4326 omnia
2518 4287 2836 4341 quacunque
2866 4273 3159 4339 occupavit,
3189 4287 3251 4324 ea
3279 4272 3549 4337 relinquit,

1979 4343 2136 4408 quasi
2169 4345 2376 4396 minora
2418 4343 2525 4396 sint
2569 4358 2628 4395 eo
2666 4343 2805 4412 quod
2847 4343 3125 4412 quaeritur,
3179 4349 3288 4393 tum
3316 4344 3370 4393 in
3411 4342 3557 4396 illius

1980 4413 2386 4482 magniﬁcentiae
2409 4413 2844 4482 contemplatione
2871 4428 2926 4482 se
2950 4420 3210 4482 exerceat,
3245 4427 3360 4479 qure
3383 4412 3460 4464 vel
3487 4413 3555 4464 ad

1978 4498 2212 4537 summos
2248 4485 2401 4536 caelos

1978 4553 2226 4621 Optantis
2273 4566 2357 4607 est
2402 4551 2621 4607 Psaliiio
2665 4568 2776 4616 Liv,
2817 4553 2872 4621 7.
2911 4553 2966 4605 iu

1979 4620 2093 4677 rius
2129 4623 2274 4692 apud
2309 4622 2698 4692 Hieronymum
2735 4640 2748 4674 :
2778 4620 3035 4692 Columba
3079 4621 3306 4690 simplex
3351 4622 3557 4675 animal

1975 4701 2073 4753 est,
2104 4691 2298 4762 absque
2325 4692 2468 4762 felle,
2496 4691 2546 4746 et
2571 4708 2606 4762 ᾳ
2642 4692 2853 4762 malitia
2884 4691 3026 4762 fellis
3061 4692 3312 4744 alienum.
3368 4692 3555 4762 Augu-

1976 4762 2154 4817 stinus
2195 4760 2358 4818 tract.
2400 4763 2434 4817 6
2475 4763 2528 4816 in
2562 4760 2721 4816 Joan.
2763 4783 2775 4816 :
2814 4761 3071 4818 Columba
3103 4762 3178 4829 fel
3226 4778 3328 4814 non
3372 4761 3550 4826 habet,

1975 4831 2161 4885 Simon
2191 4833 2415 4887 habebat
2449 4846 2468 4884 .'
2503 4832 2621 4886 ideo
2649 4843 2926 4901 separatus
2958 4841 3082 4901 erat,
3117 4849 3149 4883 a
3191 4831 3448 4901 columba:
3483 4836 3552 4884 vi-

1975 4905 2232 4974 sceribus.
2254 4903 2561 4974 Cyprianus
2589 4904 2680 4957 lib.
2705 4898 2790 4974 De
2807 4906 3006 4957 unitate
3038 4900 3238 4954 Eccles.
3270 4917 3286 4954 :
3317 4898 3549 4974 Simplex

1975 4973 2178 5026 animal
2204 4983 2253 5026 et
2280 4973 2460 5028 laetum
2490 4983 2589 5036 est,
2626 4987 2730 5026 non
2752 4973 2876 5040 felle
2910 4988 3155 5026 amarum
3178 5011 3193 5035 ,
3227 4987 3330 5024 non
3357 4973 3548 5023 morsi-

1973 5041 2069 5112 _bus
2123 5060 2352 5107 swvum,
2412 5060 2515 5096 non
2561 5043 2815 5112 unguium
2875 5043 3194 5096 laceratione
3239 5041 3544 5112 violentum.

1973 5108 2118 5165 Idem
2144 5114 2306 5166 etiam
2333 5112 2476 5167 Beda
2503 5120 2556 5165 et
2579 5108 2722 5166 Oi'us
2745 5113 2938 5182 Apollo
2963 5112 3226 5182 tradunt;
3245 5111 3338 5166 sed
3369 5111 3545 5166 eidem

1974 5186 2155 5235 tamen
2193 5182 2260 5236 Icl
2293 5183 2544 5237 tribuunt
2573 5180 2908 5237 Aristoteles
2947 5182 3042 5236 lib.
3083 5197 3121 5235 ii
3170 5180 3380 5236 Histor.
3427 5182 3546 5234 ani-

1970 5250 2100 5303 mal.
2135 5267 2184 5306 c.
2217 5253 2304 5316 15,
2337 5263 2388 5306 et
2413 5251 2624 5305 Plinius
2681 5252 2775 5305 lih.
2810 5268 2865 5314 ι,
2899 5267 3024 5320 cap.
3059 5252 3164 5317 48;
3207 5253 3370 5318 idque
3407 5252 3544 5306 inte-

1972 5321 2122 5391 stino
2140 5322 2410 5390 junctum.
2429 5321 2668 5375 Galenus
2684 5324 2847 5376 etiam
2872 5322 3135 5375 ridiculos
3155 5338 3251 5377 eos
3274 5321 3427 5386 dicit,
3446 5325 3542 5391 qui

1969 5389 2022 5462 id
2046 5389 2294 5462 asserere
2314 5393 2550 5446 audeant
2578 5409 2589 5443 :
2619 5391 2834 5462 tametsi
2859 5401 2914 5446 et
2934 5392 3049 5462 ipse
3068 5392 3284 5445 interim
3307 5389 3542 5462 vesicam

1968 5460 2168 5531 habere
2200 5462 2342 5514 illam
2369 5469 2565 5531 negat,
2590 5477 2698 5531 qua
2733 5461 2803 5517 l‘el
2833 5460 3164 5527 continetur,
3200 5462 3296 5516 lib.
3327 5461 3401 5516 De
3424 5471 3540 5515 atra

1965 5527 2094 5592 bile,
2129 5532 2232 5584 sub
2265 5531 2444 5584 ﬁnem.

2038 5599 2180 5654 Ibid.
2208 5600 2457 5673 DLQuos
2485 5603 2755 5656 micantes.
2795 5601 3101 5673 Legebatur
3135 5609 3290 5654 antea
3321 5600 3539 5673 διατάτ-

1964 5687 2166 5734 τοντες,
2205 5672 2256 5724 in
2287 5669 2546 5738 Plantiu.,
2583 5679 2636 5726 et
2670 5687 2774 5730 uis.
2810 5669 2944 5728 Mor.
2969 5690 2982 5738 ;
3010 5674 3102 5728 sed
3140 5671 3538 5726 emendandum

1963 5757 2086 5812 esse
2110 5742 2244 5794 vidit
2266 5741 2540 5798 Livineius
2563 5742 2893 5806 διάττοντας,
2918 5744 3061 5812 quod
3096 5741 3426 5812 Aristoteles
3442 5739 3537 5794 lib.

1967 5829 1981 5866 ι
2018 5811 2381 5882 Meteurolog.,
2406 5828 2525 5882 cap.
2553 5814 2606 5880 4,
2653 5821 2811 5869 vocet
2841 5811 2966 5878 τοὺς
2987 5812 3272 5875 δοκιῡντας
3302 5811 3538 5880 ἀστέρι-ας

3007 4564 3167 4620 quem
3207 4551 3557 4605 Commenta-

2441 4480 2629 4550 fertur.
2671 4481 2850 4536 Locus
2887 4480 3106 4535 Davidis
3137 4483 3252 4535 alas
3288 4482 3556 4536 columba:
3651 4482 3655 4486 ⁴
