4092 6378
332 320 480 378 *1197

410 434 555 493 Ibid.
590 432 651 487 I).
680 431 877 487 Bardis
909 430 1146 500 objisiat.
1177 430 1269 485 Sic
1286 430 1468 484 malim
1491 446 1613 484 cum
1644 428 1911 490 Livineio,

330 504 842 578 quamadbestias,
874 518 998 578 cum
1034 501 1333 578 Galesinio.
1369 502 1643 578 siquidem
1659 500 1915 578 homines

341 571 524 632 minus
566 574 934 642 obsequentes
978 572 1168 642 lumini
1217 572 1446 625 rationis
1506 571 1811 642 signiﬁcat,
1861 575 1916 622 et

352 653 568 714 isurpat
622 641 866 711 Apestoli
898 642 1083 714 verba
1131 641 1295 714 llebr_.
1346 658 1421 705 vn,
1481 642 1535 705 8,
1585 641 1737 714 cujus
1793 653 1918 714 con-

349 708 626 768 iunnnatio
665 708 720 766 in
770 713 1198 766 combustianem.
1257 711 1526 766 Cteterum
1571 709 1815 764 eamdem
1849 708 1917 762 de

341 786 619 851 voluptate
651 782 958 835 doctrinam
999 782 1221 835 haurire
1256 784 1431 850 potuit
1468 796 1535 834 ex
1583 780 1738 851 libris
1792 778 1915 851 tile-

342 847 543 908 mentis
589 851 890 922 Nyssenus,
939 861 996 904 ut
1044 867 1106 905 ex
1138 853 1232 922 lib.
1258 847 1316 904 ἰι
1352 851 1583 922 Ptedag.
1616 866 1668 905 c.
1711 850 1762 912 1,
1793 847 1918 901 οὔτε

340 924 449 992 γὰρ
484 920 801 993 ἔργονήμϊν
824 923 857 991 ἡ
905 922 1100 991 τροφὴ,
1135 920 1256 974 οὔτε
1304 921 1503 984 σκοπὸς
1531 921 1688 990 ἡδονή
1714 935 1741 993 ’ξ
1760 934 1919 987 neque

341 991 481 1046 enim
516 991 667 1060 opus
702 1000 939 1045 nostrum
985 1002 1063 1045 est
1111 993 1357 1056 nutritio,
1401 1008 1563 1060 neque
1613 991 1919 1060 institutum

343 1058 592 1131 scopusve
649 1071 827 1115 noster
884 1062 1168 1126 voluptas;
1197 1070 1249 1116 et
1302 1077 1336 1114 ιι
1388 1058 1588 1115 δινέοηι.
1621 1077 1638 1114 :
1672 1058 1918 1131 Καθόλου

342 1127 451 1202 γὰρ
476 1135 575 1185 οὐκ
622 1133 917 1198 ἀναγκαῖον
949 1132 1008 1183 τὸ
1041 1132 1141 1201 τῆς
1163 1132 1361 1201 ἡδονῆς
1398 1127 1916 1202 πάθος,γέπακολούο

344 1199 494 1273 θημα
535 1204 611 1273 δξ-
633 1202 853 1271 χρείαις
881 1202 991 1253 τισὶ
1046 1199 1326 1268 φυσικαῖς,
1360 1203 1542 1273 πείνῃ,
1568 1201 1730 1273 δίψει,
1756 1199 1919 1273 ῥίγει,

561 1245 786 1325 Νοῗεει
818 1245 1031 1342 bntnino
1050 1245 1358 1325 itecessaria
1401 1245 1610 1339 ιιπέίείἱο
1624 1245 1920 1342 Yvolu'ptittis

342 1340 433 1396 sed
479 1340 717 1395 accessio
738 1340 1001 1411 quaedam,
1037 1351 1085 1393 et
1110 1344 1369 1408 appendix
1395 1342 1575 1396 usibus
1605 1340 1921 1409 quibusdam

344 1411 679 1467 naturalibus
719 1412 1002 1481 adjuncta,
1045 1412 1196 1479 fami,
1224 1414 1334 1476 siti,
1368 1412 1588 1483 frigori,
1640 1411 1920 1464 matrimo-

345 1500 453 1536 ιιιο.

410 1551 532 1608 Col.
583 1550 689 1606 404
740 1550 805 1604 Δ.
845 1551 954 1615 Τὰς
982 1552 1050 1616 ἐξ
1095 1551 1407 1620 ἑκατέρων.
1458 1550 1515 1606 In
1575 1550 1918 1607 l’lantiniaua

343 1623 474 1677 edit.
509 1622 789 1693 legebatur
837 1623 935 1684 τὰς
987 1623 1046 1686 ἐξ
1078 1622 1290 1693 μὲτέρων
1320 1661 1335 1686 ,
1389 1622 1486 1693 sed
1518 1624 1917 1678 emendandum

343 1701 533 1749 censet
567 1688 865 1745 Livineius
929 1688 1242 1762 ἑκατέρωνο
1302 1688 1445 1761 quod
1508 1708 1602 1746 eas
1654 1694 1921 1747 editiones

343 1763 466 1817 libri
534 1778 813 1833 manusc.
851 1778 1245 1829 nonnunquam
1293 1771 1619 1833 permutem.
1676 1764 1917 1833 Exempli

343 1848 534 1895 causa,
568 1831 755 1886 Basilii
787 1832 884 1887 lib.
919 1850 935 1886 1
978 1833 1239 1886 Adversus
1287 1831 1611 1886 Eunomium
1642 1833 1756 1887 haec
1790 1831 1920 1888 sunt

342 1904 508 1957 verba
542 1921 554 1956 :
589 1904 655 1974 δι’
686 1904 887 1974 εἰκόνος
916 1905 947 1972 ἠ
999 1902 1196 1974 γνῶσις
1231 1903 1324 1956 τοῦ
1347 1903 1657 1974 ἀρχετύπου
1687 1896 1915 1970 γίνεται,

345 1973 745 2045 συγκρινόντων
769 1973 937 2045 ἡμῶν
973 1972 1213 2045 δηλονότι.
1238 1974 1338 2044 τὴν
1366 1972 1699 2043 ἔν’ἑκατέρῳ
1726 1975 1919 2025 ταυτό-

342 2043 503 2111 τητα,
529 2043 618 2097 uhi
651 2044 820 2096 codex
859 2043 1070 2096 calamo
1108 2043 1447 2112 descriptus,
1487 2059 1597 2112 quo
1625 2045 1919 2111 aliquando

346 2115 430 2166 usi
462 2129 675 2179 sumus,
700 2114 838 2183 male
868 2114 1031 2167 habet
1053 2113 1242 2183 ἑτέρῳ,
1286 2115 1487 2179 alioqui
1525 2113 1752 2167 inﬁnitis
1782 2114 1919 2169 locis

342 2183 702 2255 emendatior.
728 2182 969 2255 llaaciille
999 2201 1012 2237 :
1049 2193 1103 2236 at
1136 2182 1188 2236 in
1223 2185 1327 2238 hoc
1363 2183 1593 2255 Nysseni
1625 2185 1745 2255 loco
1776 2194 1920 2255 ute_r-

347 2269 455 2321 que
496 2270 603 2308 ms.
650 2254 714 2305 ll.
758 2263 810 2307 et
847 2253 915 2306 M.
957 2262 1271 2308 constanter
1304 2253 1468 2309 habet
1516 2253 1810 2322 ἑκατέρων.
1844 2253 1919 2307 Ex

344 2323 538 2378 iisdem
570 2324 739 2377 habes
761 2323 1080 2393 deprompta
1119 2325 1352 2392 plurima
1386 2325 1453 2379 ab
1480 2325 1590 2378 illis
1613 2324 1793 2378 verbis
1827 2322 1919 2376 καί

342 2410 469 2464 τινι
499 2392 843 2464 λεπτουργίᾳί
879 2393 1122 2464 τοιαύτῃ,
1154 2404 1286 2457 etc.,
1314 2410 1436 2463 quae
1469 2395 1521 2447 in
1573 2393 1920 2447 Plantiniana

344 2463 585 2518 editione
624 2463 1097 2524 desiderabantur,
1131 2464 1257 2517 licet
1301 2480 1364 2519 ea
1406 2464 1717 2519 Galesinius
1739 2473 1919 2517 verte-

344 2534 438 2598 rit,
474 2533 568 2587 sed
604 2534 657 2586 in
714 2549 777 2587 eo
818 2534 1078 2587 mutanda
1131 2532 1351 2588 fuerunt
1389 2535 1479 2587 illa
1532 2550 1650 2587 cum
1705 2534 1920 2587 humore

345 2604 635 2672 ardoreque
669 2604 1008 2659 cohaereant:
1042 2619 1147 2656 non
1196 2605 1344 2658 enim
1373 2605 1443 2659 ab
1474 2604 1700 2669 arendo,
1734 2605 1829 2658 sed
1854 2604 1921 2657 ab

346 2673 587 2727 ardendo
617 2675 778 2727 ardor
817 2673 1124 2728 deducitur.

422 2742 557 2797 Ibid.
601 2743 663 2796 D.
730 2741 1131 2811 Ἐπισπέρχει.
1173 2742 1381 2799 Vitiose
1416 2742 1653 2799 Plantin.
1696 2745 1923 2797 ἐπισπέ-

385 2831 450 2875 ει,
498 2825 551 2868 et
579 2822 805 2868 annotat
832 2813 1132 2875 Livineius,
1164 2831 1269 2868 vox
1318 2824 1405 2869 est
1465 2822 1725 2883 corrupta
1765 2833 1777 2868 :
1821 2830 1921 2883 ego

385 2832 450 2875 ει,
498 2832 551 2868 ΘΙ.
579 2832 805 2868 ιιιιιιοιιιι
832 2832 1132 2875 ιλιγιιιθιυε,
1164 2832 1269 2868 νοι
1318 2832 1405 2869 631.
1465 2832 1725 2883 corrupta
1765 2833 1777 2868 ε
1821 2832 1919 2883 ego

346 2832 632 2953 regendum
683 2899 882 2938 censeo
918 2902 931 2937 :
971 2898 1096 2937 nam
1122 2886 1319 2939 melius
1346 2899 1454 2938 non
1482 2886 1765 2953 occurrit:
1799 2884 1919 2935 ὲπι-

347 2952 587 3024 στρέφει,
623 2969 784 3024 neque
821 2954 1022 3006 scutica
1076 2969 1249 3006 acrem
1305 2955 1553 3024 castigat.
1580 2952 1770 3024 Iacob.
1806 2953 1921 3024 Bil—

345 3022 454 3078 lius
483 3025 581 3077 lib.
646 3038 661 3075 ι
700 3022 989 3078 Οὐδενυαι.
1040 3032 1266 3092 sacrat.,
1299 3039 1420 3092 cap.
1449 3024 1509 3085 1,
1542 3023 1660 3077 ιιωο
1692 3022 1922 3077 Livineii

345 3092 500 3148 Notis
531 3093 675 3146 addit
715 3113 727 3147 :
772 3092 922 3147 Recte
955 3091 1162 3161 quidem
1191 3091 1444 3160 interpres
1482 3093 1724 3145 mendum
1754 3094 1924 3146 inesse

345 3165 565 3221 stituit:
588 3164 675 3217 sed
704 3162 840 3232 quod
863 3178 957 3233 pro
998 3162 1305 3233 ἐπισπέρει,
1352 3164 1666 3233 ἐπιστρέφει
1695 3168 1920 3233 reponit,

346 3251 449 3288 non
473 3233 757 3287 admodum
779 3232 904 3285 mihi
929 3232 1209 3300 probatur,
1232 3232 1601 3301 legendumque
1620 3232 1792 3299 potius
1812 3249 1926 3286 cen-

348 3308 543 3373 suerint
581 3305 922 3373 ἐπισπέρχει,
970 3301 1025 3373 id
1065 3312 1163 3367 est,
1205 3303 1538 3371 ἐπιταχύνει,
1584 3302 1920 3368 κατεπείγει.

346 3372 606 3443 Loquitur
646 3374 782 3426 enim
811 3372 873 3425 de
905 3372 1111 3442 auriga,
1155 3374 1243 3441 qui
1290 3374 1548 3443 pernicem
1585 3389 1924 3443 equumiscu-

351 3442 457 3496 tico
496 3444 748 3513 adurgere
782 3459 886 3496 non
920 3445 1073 3513 solet.
1109 3445 1411 3513 Continuat
1447 3442 1750 3513 doctissimi
1782 3442 1923 3513 Βιιιιι

349 3512 721 3583 conjecturam
747 3529 848 3567 ms.
886 3512 954 3565 M.
984 3513 1077 3583 qui
1111 3512 1372 3581 scriptum
1399 3512 1588 3583 habuit
1609 3512 1924 3583 ὲπιεπερχει

349 3582 463 3652 pro
505 3585 825 3652 ἐπισπέρχει
858 3600 871 3613 ο
902 3592 955 3637 ει
984 3582 1245 3637 Galesinii
1288 3582 1489 3647 versio,
1522 3598 1681 3652 neque
1706 3582 1925 3635 celerem

349 3653 643 3706 verberibus
705 3654 891 3706 incitat
935 3690 951 3706 .
1012 3652 1217 3722 Regius
1275 3660 1456 3707 tamen
1496 3653 1623 3723 legit
1663 3652 1926 3705 ἐπισπεύ-

348 3724 447 3780 ιῖει.
483 3725 671 3777 eodem
697 3739 882 3777 sensu.

421 3792 537 3865 Col.
566 3793 672 3865 406
701 3795 763 3865 ΑΔ.
799 3792 1003 3865 Nequi
1032 3791 1274 3845 multum.
1306 3791 1587 3865 Livineius
1614 3792 1805 3856 edidit,
1823 3796 1926 3865 μή·

350 3880 410 3914 τε
447 3866 474 3916 ὁ
500 3863 677 3929 ὀλίγον
710 3861 1002 3915 ἐλαττώσει
1031 3879 1045 3892 ·
1078 3878 1183 3931 qua
1225 3862 1435 3916 ratione
1464 3863 1531 3931 in,
1547 3871 1784 3931 utroque
1825 3861 1927 3918 no-

351 3941 467 3985 atro
508 3950 609 3987 ms.
646 3934 922 4000 legebatur
954 3951 965 3985 :
1011 3939 1065 3984 at
1095 3929 1185 3987 ille
1214 3932 1479 3996 vertebat,
1510 3929 1925 4000 Neque—copioso

355 4002 554 4071 aliquid
611 4000 788 4063 addet,
821 4018 981 4070 neque
1021 4003 1206 4071 exiguo
1237 4002 1498 4054 detrahet.
1536 4000 1715 4055 Minus
1747 4013 1869 4071 apte
1908 4023 1921 4058 :

353 4089 477 4124 nam
515 4073 773 4125 alluditur
803 4073 868 4125 ad
899 4071 1029 4125 illud
1065 4072 1235 4125 Exodi
1268 4089 1376 4131 xVI,
1407 4071 1490 4134 18,
1526 4072 1640 4123 Οὐκ
1671 4072 1927 4125 ἐπλεόνα-

355 4158 447 4193 σεν
467 4144 493 4194 ὁ
522 4142 753 4211 τὸπολὺ.
778 4144 872 4195 καὶ
899 4142 963 4194 δι’
1000 4140 1218 4194 ἔλαττον
1238 4184 1250 4200 ,
1284 4142 1385 4193 οὐκ
1409 4141 1769 4211 ἠλαττόνησεν
1800 4143 1927 4196 ἕκα-

354 4228 475 4273 στος
504 4228 517 4239 θ
555 4210 673 4263 Non
710 4212 1014 4276 abundavit,
1048 4213 1135 4280 qui
1165 4212 1386 4263 multum
1421 4210 1740 4279 (colligit'ex
1770 4228 1926 4265 man-

352 4296 444 4342 na,
479 4281 733 4348 scilicet),
761 4294 808 4333 et
839 4283 927 4347 qui
956 4282 1152 4346 minus,
1190 4298 1291 4333 non
1341 4282 1517 4333 minus
1545 4280 1747 4333 habuit.
1781 4283 1922 4349 Apo-

354 4352 529 4404 stolus
556 4366 682 4405 vero
710 4351 945 4419 idipsum
974 4352 1153 4403 citans
1182 4349 1223 4401 Il
1252 4350 1661 4403 Corinthiorum
1693 4366 1809 4412 VIII,
1838 4352 1924 4414 15,

355 4420 563 4484 scribit,
614 4421 707 4472 καὶ
746 4422 773 4472 ὁ
802 4420 861 4471 τὸ
903 4420 1081 4487 ὀλίγον
1127 4419 1226 4471 οὐκ
1254 4420 1605 4489 ἡλαττόνησε,
1650 4428 1813 4489 atque
1861 4438 1927 4476 ex

355 4437 563 4484 SCI‘IUII,
614 4437 707 4472 και
746 4437 773 4472 0
802 4437 861 4471 το
903 4437 1081 4487 οΑιγον
1127 4437 1226 4471 ουκ
1254 4437 1605 4541 ηΛαττονῧσε,
1650 4437 1813 4489 atque
1861 4438 1926 4476 ex

355 4502 587 4558 utroque
642 4490 875 4560 fortasse
938 4489 1292 4559 corrigendus
1346 4499 1431 4544 est
1531 4495 1926 4560 ysseniitextus

356 4576 480 4613 cum
540 4560 593 4612 in
639 4559 831 4627 Latina
884 4560 1369 4628 interpretatione,
1426 4559 1542 4613 tum
1600 4562 1652 4612 in
1712 4559 1922 4615 Graeco.

358 4629 819 4701 scribendumque
868 4632 1002 4699 μήτε
1044 4630 1161 4701 ότὸ
1212 4630 1389 4696 ὀλίγον
1442 4631 1771 4701 ἐλαττονήσῃ
1805 4647 1818 4660 ·
1871 4642 1927 4683 ιιι

358 4714 519 4768 neque
546 4700 633 4760 qui
664 4700 867 4752 nullum
902 4700 1126 4753 abundet
1153 4742 1167 4765 ,
1199 4717 1359 4768 neque
1389 4703 1477 4767 qui
1507 4700 1791 4762 modicum,
1824 4704 1895 4754 mi
1908 4732 1925 4741 -

356 4785 455 4820 nus
488 4767 695 4839 habeat.
741 4768 1017 4839 Siquidem
1043 4767 1294 4823 ἐλαττοῦν
1322 4779 1405 4823 est
1436 4773 1776 4833 imminuere,
1819 4788 1925 4824 nnn

359 4839 544 4890 minus
594 4838 754 4900 ferre,
785 4838 845 4893 ut
888 4839 1260 4895 Erclesiastici
1300 4841 1598 4902 xxxix,23,
1635 4841 1734 4892 οὑκ
1782 4840 1928 4893 ἐστιν

357 4906 729 4981 ὃς-ὲλαττώσει
769 4910 836 4981 τὸ
870 4910 1134 4981 σωτήριον
1162 4910 1481 4981 αύτοῦῃιοιι
1506 4919 1582 4962 est
1607 4911 1929 4981 quiminuat

358 4978 703 5050 saluationem
727 4979 863 5047 ejus,
899 4978 1169 5043 etcfxul,
1190 4981 1279 5043 29,
1312 4978 1431 5031 οὒτε
1464 4978 1785 5050 προσετέθη,
1808 4980 1929 5034 οὔτε

357 5046 639 5119 ἠλαττῴθη
679 5046 906 5119 '_neque
934 5060 1119 5101 auctus
1140 5060 1238 5109 est,
1278 5065 1439 5117 neque
1460 5046 1777 5101 diminutas.

437 5115 579 5170 Ibid.
611 5115 670 5171 (Σ.
702 5116 766 5171 Ει
796 5115 845 5172 in
879 5120 1145 5187 prtesenti.
1178 5119 1258 5172 Ad
1289 5115 1510 5172 verbum
1560 5119 1754 5170 extulit
1784 5118 1931 5173 Livi-

362 5188 539 5249 neius,
568 5186 656 5239 sed
698 5205 765 5242 ea
793 5186 896 5253 res,
924 5190 1099 5257 inquit
1145 5189 1459 5256 Apostolus,
1491 5188 1727 5257 proxime
1759 5198 1806 5241 te
1829 5199 1929 5253 est,

360 5271 408 5311 et
437 5257 572 5310 velut
602 5257 949 5312 domesticum
970 5255 1063 5310 hoc
1091 5255 1299 5311 munus.
1328 5257 1394 5310 At
1420 5258 1473 5310 in
1512 5255 1681 5326 Epist.
1723 5259 1789 5311 ad
1824 5257 1932 5311 llo-

364 5340 555 5380 manos
601 5343 656 5387 ιι.
696 5328 762 5391 8,
802 5335 856 5382 et
891 5328 1184 5383 Deuteron.
1223 5344 1326 5381 xxx
1355 5365 1370 5391 ,
1403 5327 1468 5381 M
1492 5364 1506 5388 ,
1536 5328 1701 5381 vertit
1743 5340 1934 5381 auctor

364 5397 631 5468 vulgatae.
663 5399 860 5464 Ἐγγύς
892 5415 983 5451 σου
1014 5399 1073 5468 τὸ
1099 5400 1251 5468 ῥῆμά
1281 5400 1424 5468 ἐστιῄ
1451 5397 1529 5466 τῷ
1555 5396 1782 5465 στόματί
1814 5414 1928 5459 σου,

364 5467 457 5519 καὶ¹
484 5468 544 5518 ὲν
565 5467 631 5539 τῇ
655 5468 849 5539 καρδίᾳ
868 5482 993 5539 σουο
1019 5466 1187 5535 Prope
1217 5479 1291 5522 est
1323 5466 1531 5521 verbum
1556 5468 1609 5519 in
1642 5483 1729 5520 ore
1751 5478 1861 5531 tuo,
1883 5480 1931 5522 et

365 5539 419 5590 in
452 5535 607 5605 corde
636 5546 747 5605 tuo,
778 5535 1007 5605 et'juxta
1027 5549 1103 5591 est
1132 5555 1318 5591 sermo.

436 5604 579 5659 Ibid.
624 5604 879 5676 Insignis.
913 5608 1233 5676 Addendutn
1267 5624 1333 5662 ex
1366 5605 1606 5661 Plantin.
1636 5615 1687 5659 et
1715 5607 1929 5674 eﬂicax,

365 5687 415 5731 et
461 5687 605 5731 motu
643 5675 917 5744 prteditus.
946 5675 1255 5733 Galesinius
1290 5678 1406 5732 haec
1449 5676 1523 5731 ita
1563 5684 1931 5736 converterat,

363 5747 758 5825 pulchritudine
779 5746 996 5816 insignis
1020 5748 1107 5807 qui
1130 5750 1285 5814 vivat,
1306 5756 1512 5817 agat,“
1533 5756 1819 5815 moveatur,
1844 5748 1931 5815 qui

1676 311 2041 371 VARIOBUM
2075 312 2303 374 ΝΟΤιΕ.

3471 314 3608 371 “98

2020 444 2086 482 ea:
2129 432 2391 495 oratione,
2430 444 2547 500 qua
2588 430 2839 499 loquitur,
2892 430 3195 499 virginitate
3235 428 3463 497 ﬂorebit.
3497 428 3610 486 Nos

2022 515 2145 567 qua:
2210 512 2519 569 sequuntur
2569 500 2800 555 Livineii
2828 501 3011 553 verbis
3067 500 3464 568 expressimus,
3510 502 3606 570 qui

2025 571 2234 625 litteras
2290 571 2628 640 Scripturam
2668 571 2922 638 appellat.
2954 577 3009 623 et
3039 576 3265 622 annotat
3310 570 3610 640 intelligen-

2023 640 2151 692 dum
2183 658 2304 696 esse
2336 643 2403 695 de
2427 657 2493 695 eo
2523 641 2664 711 quod
2690 640 2953 693 Proverb.
2994 654 3075 711 ιτα,
3104 640 3159 699 8,
3187 640 3277 709 Μὴ
3321 640 3611 709 ἐγκαταλί-

2024 727 2132 779 πῃς
2158 712 2348 781 αὐτὴν.
2380 712 2474 764 καὶ
2496 708 2778 781 ἀνθέξεταί
2805 726 2897 781 σου
2927 726 2953 781 '_
2985 708 3067 763 Ne
3103 708 3341 781 dimittm
3364 708 3487 764 eam
3508 751 3524 776 ,
3558 721 3610 764 et

2023 778 2300 848 prehendet
2326 790 2393 835 te.
2417 781 2476 835 ln
2500 797 2633 837 mss.
2663 780 2729 836 R.
2757 789 2811 834 et
2845 778 2912 833 M.
2941 778 3062 849 lego
3075 795 3183 835 non
3209 780 3301 832 τὸν
3326 781 3607 848 μέλλοντα,

2026 851 2119 903 sed
2154 852 2232 921 τῷ
2263 853 2521 921 μέλλοντι
2535 853 2675 905 κατὰ
2703 852 2795 903 τὸν
2821 848 3202 921 ἐροῦνταυνει
3226 850 3492 921 αἱροῦντα
3520 850 3611 921 λό-

2025 937 2140 986 γον.
2170 919 2244 974 lia
2259 919 2444 991 postea
2464 923 2682 977 loeutus
2699 930 2784 976 est
2804 920 3069 991 (col.7408
3088 919 3173 989 Β).
3187 919 3612 991 τῆςίπαρθενίας

2026 990 2535 1061 ἀντιλαμϐάνονται,
2552 992 2713 1045 τοῦτο
2743 990 2851 1060 πρὸ
2883 990 3099 1044 πάντων
3127 991 3311 1051 αὐτοῖς
3327 990 3611 1061 ἐπιτηδευ-

2026 1060 2147 1113 τέον
2163 1060 2343 1130 ἂνεῖη.
2365 1061 2475 1130 Ego
2487 1077 2616 1116 vero
2630 1062 2842 1115 mallem
2859 1075 3140 1131 arcessere
3152 1076 3325 1131 genus
3342 1061 3445 1115 hoc
3461 1060 3613 1115 locu-

2029 1131 2195 1186 tionis
2223 1147 2252 1185 a
2280 1132 2541 1186 Proverb.
2570 1148 2653 1195 ιιι,
2694 1134 2779 1193 l8,
2815 1130 2972 1195 ξύλον
2999 1130 3317 1201 ζωῆςεστι
3336 1132 3471 1184 πᾶσι
3498 1134 3610 1194 τοῖς

2031 1201 2411 1273 ᾁντεχομένοις
2437 1202 2626 1272 αὐτῆς·
2659 1204 2858 1273 lignum
2894 1202 3013 1254 vita:
3042 1199 3119 1273 est
3154 1199 3395 1273 omnibus
3424 1216 3614 1273 appre-

2029 1270 2372 1327 hendentibus
2410 1289 2525 1326 eam
2548 1270 2572 1325 .-‘
2596 1270 2721 1327 cuni
2759 1272 2827 1326 de
2865 1286 2930 1326 eo
2962 1272 3054 1341 qui
3103 1272 3428 1340 sapientiam
3463 1270 3614 1325 Salo-

2032 1356 2179 1412 mon,
2241 1344 2308 1396 de
2353 1357 2421 1397 eo
2457 1344 2550 1411 qui
2601 1343 2965 1412 virginitatem
3006 1342 3387 1412 apprehendat
3438 1343 3609 1395 verba

2031 1409 2198 1482 faciat
2223 1409 2545 1482 Gregorius.

2099 1480 2214 1539 Cat.
2244 1480 2359 1537 408‘
2385 1484 2450 1538 A.
2474 1484 2558 1536 Οὐ
2595 1481 2704 1552 γὰρ
2744 1483 3010 1552 ἐναργές.
3039 1481 3321 1538 Obscurus
3354 1490 3409 1538 et
3442 1481 3613 1537 muti-

2028 1550 2115 1623 lus
2152 1554 2205 1606 in
2238 1561 2470 1622 utroque
2516 1550 2677 1607 textu
2700 1563 2811 1607 erat
2841 1550 3011 1619 locus,
3040 1553 3340 1623 eodemque
3373 1555 3506 1608 vitio
3535 1554 3617 1606 la-

2029 1621 2254 1677 borabat
2277 1621 2537 1693 Galesinii
2560 1624 2731 1677 codex
2756 1639 2866 1693 quo
2886 1621 3295 1693 manuscriptus
3327 1623 3397 1676 Μ.
3425 1625 3478 1677 in
3501 1636 3613 1693 quo

2030 1693 2110 1765 sic
2146 1691 2369 1765 elTertur
2398 1708 2412 1747 :
2438 1695 2512 1747 Οὐ
2542 1693 2651 1762 γὰρ
2697 1695 2754 1745 ἐν
2773 1691 2997 1765 ίᾴρχαῑς
3026 1696 3141 1765 ὲστι
3170 1691 3238 1746 es
3275 1691 3615 1765 ἐπιτήδευμα

2028 1763 2205 1825 τοῦτο,
2237 1764 2447 1835 ἀνάγκη
2480 1766 2722 1825 ἑαυτοῖς·
2760 1763 2882 1818 Non
2920 1765 3059 1818 enim
3096 1764 3151 1816 in
3173 1763 3433 1833 primitiis
3461 1765 3617 1817 insti-

2030 1836 2163 1904 tutio
2191 1834 2300 1887 hazr
2328 1834 2445 1893 est,
2471 1844 2529 1887 ut
2562 1835 2869 1888 necessitate
2919 1835 3034 1904 quis
3068 1850 3170 1896 res,
3206 1851 3272 1886 an
3304 1836 3457 1888 utiles
3483 1837 3612 1904 sint,

2029 1903 2099 1956 ad
2127 1921 2279 1958 suum
2295 1905 2560 1972 judicium
2600 1905 2820 1973 deferat.
2876 1901 2939 1958 ln‘
2971 1903 3315 1957 Plantiniana
3351 1920 3501 1968 vero,
3551 1901 3613 1962 οὗ

2029 1973 2138 2044 γὰρ
2166 1975 2393 2045 ἐναργές
2416 1976 2530 2027 ἐστι
2552 1975 2613 2045 τὸ
2646 1975 2898 2045 ὲπιτήδευ
2910 1993 3003 2045 μα.
3041 1974 3285 2045 Quorum
3319 1976 3611 2031 verborum

2030 2043 2277 2109 sensum,
2323 2046 2501 2114 inquit
2539 2043 2657 2099 Jac.
2703 2043 3035 2099 Billius'lib.
3083 2059 3097 2097 ι
3144 2043 3612 2109 Observationum.

2029 2129 2079 2167 c.
2120 2116 2170 2179 l,
2207 2115 2471 2183 particula
2500 2116 2744 2183 negativa
2776 2116 2856 2179 ού,
2892 2130 3054 2184 quam
3089 2114 3395 2184 addendam
3425 2125 3617 2173 censet

2029 2182 2341 2254 interpres,
2391 2182 2618 2254 prorsus
2693 2182 3014 2254 corrumpit.
3083 2182 3175 2237 Sic
3208 2185 3352 2238 enim
3405 2188 3611 2242 vertit:

2033 2252 2176 2307 Nam
2198 2254 2287 2307 ubi
2314 2252 2552 2308 studium
2604 2255 2700 2308 hoc
2728 2252 2953 2318 illustre,
2986 2264 3035 2308 et
3070 2264 3321 2323 tanquam
3348 2256 3403 2308 in
3440 2257 3613 2311 medio

2028 2327 2255 2397 positum
2309 2342 2411 2397 non
2447 2335 2547 2386 est,
2604 2342 2868 2379 necessum
2912 2328 2980 2378 sit
3026 2324 3282 2387 iudicium
3322 2326 3436 2394 ejus
3477 2328 3616 2397 quod

2029 2396 2270 2461 expediat
2295 2396 2443 2449 nobis
2466 2397 2784 2463 permittere.
2829 2397 2987 2461 Atqui
3024 2398 3362 2449 contrarium
3386 2396 3616 2457 omnino

2029 2467 2146 2518 vult
2195 2464 2513 2534 Gregorius,
2543 2481 2739 2535 nempe
2780 2467 2832 2517 in
2873 2465 3270 2535 rebus_arduis
3313 2465 3509 2521 ducem
3549 2482 3617 2522 ac

2029 2532 2420 2605 praeceptorem
2475 2532 2840 2590 adhibendum
2865 2552 3008 2589 esse.
3046 2532 3323 2605 Egoisane
3353 2537 3500 2590 hunc
3533 2537 3615 2591 lo-

2028 2604 2153 2659 cum
2178 2605 2251 2658 ita
2289 2606 2500 2677 restitui
2531 2620 2688 2674 posse
2706 2615 2870 2677 pulo,
2906 2608 2950 2659 si
2985 2620 3083 2675 pro
3105 2604 3281 2668 τοῦτο,
3318 2607 3439 2677 τότε
3472 2608 3619 2677 lega-

2030 2690 2177 2738 mus,
2210 2685 2267 2728 ut
2301 2675 2373 2729 sit
2406 2691 2603 2730 sensus
2637 2693 2651 2728 :
2684 2674 2817 2729 Cum
2848 2674 3180 2743 perspicuum
3208 2686 3285 2729 est
3314 2674 3616 2730 institutum

2031 2745 2184 2802 illud.
2215 2746 2353 2813 quod
2410 2747 2697 2813 sequimur,
2736 2754 2844 2797 tum
2867 2762 2985 2798 vero
3023 2761 3226 2808 eorum,
3272 2762 3389 2814 qua:
3420 2746 3475 2799 in
3504 2764 3614 2801 rem

2031 2815 2217 2882 futura
2258 2814 2687 2882 sunt,judicium
2733 2814 2880 2867 nobis
2910 2816 3211 2882 permittere
3236 2815 3502 2869 debemus.
3545 2820 3615 2870 At

2032 2899 2150 2935 cum
2180 2900 2353 2937 rerum
2385 2884 2533 2936 nobis
2561 2884 2858 2952 ignotarum
2910 2885 3231 2951 experientia
3256 2886 3489 2952 periculo
3510 2904 3613 2939 non

2032 2963 2197 3017 caret,
2254 2963 2366 3007 tum
2405 2969 2524 3007 vero
2576 2953 2761 3006 ducem
2813 2971 2876 3006 ac
2928 2965 3298 3022 praceptorem
3369 2956 3615 3011 adhibere

2031 3025 2286 3077 convenit.
2332 3025 2462 3077 Haec
2497 3031 2678 3077 autem
2714 3033 2984 3089 postrema
3016 3026 3183 3077 verba
3228 3027 3308 3079 vel
3345 3026 3397 3078 in
3424 3024 3613 3082 Graeco

2032 3094 2438 3156 desiderantur,
2486 3093 2581 3163 vel
2624 3101 2771 3147 certe
2812 3093 3001 3148 eadem
3047 3094 3220 3162 ﬁgura
3263 3095 3611 3163 subauditur,

2031 3180 2136 3230 qua
2174 3176 2295 3233 post
2321 3162 2639 3235 lisec__l.uc:e
2674 3164 2857 3235 verba,
2895 3174 2943 3217 et
2978 3164 3241 3235 siquidem,
3262 3166 3442 3234 fecerit
3492 3162 3612 3235 frué

2032 3244 2194 3296 ctum,
2260 3233 2619 3292 subauditur,
2674 3234 2949 3301 relinques
3011 3248 3154 3288 eam.
3200 3233 3326 3289 llaec
3380 3233 3610 3292 doctiss.

2032 3305 2225 3357 llillius
2252 3322 2265 3357 :
2306 3314 2361 3357 at
2384 3318 2486 3373 ego
2517 3303 2651 3373 nihil
2679 3318 2817 3371 opus
2847 3318 2969 3358 esse
3004 3303 3243 3373 arbitror
3276 3305 3345 3359 ad
3377 3306 3616 3362 reticen-

2033 3377 2164 3427 tiam
2210 3375 2369 3427 istam
2421 3371 2739 3447 coufiigerie,
2774 3373 2848 3447 _si
2893 3371 3058 3427 modo
3108 3374 3239 3447 i_ll_ud
3275 3375 3343 3447 tv
3390 3376 3611 3447 ἀρχαῖς,

2038 3458 2409 3513 expurgamus
2436 3458 2467 3497 e
2496 3441 2664 3512 Regio
2688 3442 2898 3507 codice,
2922 3451 2977 3513 et
3004 3458 3068 3495 ex
3110 3441 3616 3502 Planliniano'sub-

2034 3512 2329 3569 stituamus
2359 3512 2610 3582 ἐναργές,
2656 3513 2737 3566 sic
2765 3513 2908 3565 enim
2935 3512 3111 3566 locum
3146 3514 3419 3582 integrum
3455 3518 3613 3571 exhi-

2033 3585 2123 3639 bet
2154 3603 2173 3653 γε
2201 3583 2275 3636 Ob
2298 3583 2407 3653 γὰρ
2436 3582 2662 3651 ἐναργές
2684 3584 2797 3633 ἐστι
2828 3583 2889 3634 τὸ
2910 3582 3246 3653 ἐπιτήδευμα
3270 3583 3450 3645 τοῦτο.
3472 3586 3615 3641 ὥστε

2033 3652 2177 3708 κατὰ
2209 3654 2453 3722 ἀνάγκην
2485 3653 2696 3714 ἑαυτοῖς
2729 3652 3065 3722 ἐπιτρέπειν.
3110 3654 3175 3706 Ει
3208 3654 3334 3708 huic
3361 3658 3615 3718 emenda-

2034 3724 2170 3777 tioni
2202 3725 2504 3776 versionem
2540 3730 2783 3776 nostram
2821 3723 3153 3790 aptavimus.

2107 3792 2251 3845 Ibid.
2283 3791 2362 3863 Β.Δ
2405 3790 2707 3863 "Egnati?
2731 3791 2860 3859 γάρ.
2894 3791 2957 3844 Et
2984 3794 3068 3846 hic
3097 3793 3249 3847 locus
3272 3793 3470 3863 partim
3504 3811 3617 3848 mu-

2035 3864 2184 3926 tilus,
2216 3861 2393 3930 inquit
2421 3860 2721 3922 Livineius,
2759 3863 2956 3931 partim
2990 3860 3286 3931 corruptus
3319 3874 3476 3917 erat:
3514 3866 3613 3919 sed

2037 3934 2179 3985 unde
2211 3929 2554 4000 restituerint
2592 3931 2865 3984 iudicabo.
2910 3929 3104 3999 Reperi
3145 3929 3276 4000 ergo
3306 3933 3360 3985 in
3388 3934 3616 3989 Antonii

2036 4001 2288 4055 monachi
2315 3999 2612 4054 Sententiis
2642 4001 2715 4052 ita
2738 4002 2964 4053 citatum
2989 4016 3157 4054 serm.
3183 3999 3253 4054 20
3276 4019 3288 4053 :
3331 4002 3455 4055 Ἐπὶ
3470 4020 3613 4056 παν-

2032 4074 2146 4135 τὸς,
2177 4071 2251 4133 ὡς
2274 4072 2370 4144 ἐπὶ.
2392 4070 2550 4144 πολὺ,
2569 4070 2894 4144 πράγματος
2924 4070 3550 4144 ὲπισφαλὴςᾼσύμὸουλος
3578 4075 3614 4144 ὴ

2034 4144 2241 4210 νεότης.
2291 4140 2384 4212 καὶ
2415 4140 2518 4212 ob}
2560 4138 2737 4212 ἄνεις
2778 4138 2939 4212 ἐὖροι
2968 4138 3366 4212 κατορθωθέντι
3413 4138 3613 4212 ρᾳδίωξ

2034 4212 2141 4284 τῶν
2170 4202 2410 4284 σπουδῆς
2434 4208 2617 4284 ἀξίων,
2656 4202 2805 4284 μὴ
2850 4202 2954 4261 ’καὶ
2970 4202 3145 4284 πολι-ἆ-
3177 4202 3610 4284 συμπαρ-ἐ-λήφθη

2035 4281 2171 4351 πρὸς
2196 4279 2479 4332 κοινωνίαν
2498 4277 2593 4330 τοῦ
2629 4277 2964 4351 σκέμματος.
2995 4278 3185 4351 Sedit:
3212 4277 3613 4351 Abbae'Ma'ximi

2035 4348 2307 4419 capitibus
2355 4365 2462 4403 ser.
2501 4363 2609 4407 xu.
2654 4348 2815 4419 paulo
2866 4350 3024 4419 aliter
3054 4367 3078 4419 :A
3111 4349 3237 4419 'Ent
3278 4352 3498 4419 παντὸς,
3537 4352 3616 4417 ὡς

2034 4417 2127 4473 ἐπὶ
2158 4418 2312 4492 πολὺ,
2338 4420 2662 4492 πράχματος
2689 4417 2991 4492 ἐπισφαλὴς
3020 4417 3376 4492 σύμϐουλος-ἠ
3402 4417 3617 4492 νεότης,

2034 4492 2129 4545 καὶ
2153 4491 2252 4543 οὐκ
2280 4490 2346 4559 ay
2375 4485 2569 4559 ῥᾳδίως
2600 4485 2924 4559 κατώρθωσέ
2953 4485 3132 4559 τιτῶν
3160 4506 3251 4541 σπ.
3284 4485 3375 4553 de.
3400 4485 3618 4556 Elegau.

2034 4569 2117 4616 ter
2133 4560 2275 4630 apud
2301 4556 2615 4630 Homerum,
2652 4556 2858 4609 Ἰλιάδ.
2884 4564 2951 4625 γ’,
2973 4556 3268 4625 Menelaus,
3292 4563 3438 4629 quod
3470 4562 3615 4617 hunc

2038 4628 2214 4684 locum
2242 4629 2489 4681 nonnihil
2520 4628 2754 4681 illustrat
2790 4645 2801 4679 :

2036 4703 2156 4768 Αίεὶ
2195 4701 2239 4753 δ’
2273 4699 2578 4768 ὁπλοτέρων
2607 4694 2814 4765 ἀνδρῶν
2842 4696 3035 4767 φρένες
3059 4697 3394 4766 ἠερέθονται.

2037 4765 2131 4833 οἷς
2166 4769 2210 4822 δ’
2263 4772 2292 4822 ὁ
2318 4765 2491 4837 γέρων
2545 4768 2833 4838 μετέῃσιν,
2857 4765 2860 4766 ⁷
2883 4765 2998 4838 ἅμα
3032 4765 3255 4837 πρόσσω
3288 4769 3380 4822 καὶ
3404 4770 3616 4823 ὀπίσσω

2037 4840 2287 4899 Λεύσσει.
2320 4841 2466 4900 ὅπως
2495 4838 2574 4906 ὅχ’
2598 4837 2795 4909 ἄριστα
2826 4837 3333 4909 μετ’γάμφοτέροισι
3366 4839 3613 4909 γένηται.

2039 4909 2246 4964 Versus
2274 4908 2672 4977 pulcherrimos
2704 4909 2785 4961 sic
2825 4908 2962 4961 verti
2988 4926 3001 4959 :

2041 4980 2298 5045 Quwlibet
2328 4994 2390 5031 ac
2420 4977 2595 5030 dubiis
2616 4977 2869 5044 juvenum
2914 4993 3057 5029 mens
3083 4978 3303 5030 vertitur
3321 4994 3468 5033 auris
3487 5017 3501 5032 .

2044 5049 2255 5103 Callida
2269 5049 2407 5117 quod
2429 5062 2656 5113 puesens
2673 5045 2930 5117 quodque,
2947 5047 3091 5117 ultra
3115 5059 3215 5111 est,
3230 5064 3365 5101 cana
3378 5060 3616 5103 senectus

2049 5115 2330 5187 Prospicit,
2361 5119 2608 5187 utrinque
2626 5116 2677 5167 in
2706 5116 2934 5187 medium
2959 5125 3007 5168 et
3032 5115 3159 5169 Jove
3187 5118 3415 5171 consulit
3440 5134 3610 5187 (equo.

2047 5185 2515 5241 Harc'Livineins.
2579 5185 2965 5250 Coiljecwram
3017 5189 3346 5241 continuant
3391 5185 3614 5242 codices

2046 5259 2220 5311 nostri
2250 5256 2316 5309 [ἰ.
2360 5267 2413 5310 et
2439 5255 2509 5308 Μ.
2544 5266 2596 5309 et
2631 5254 3029 5325 κατορθωθέντι
3079 5272 3204 5310 ευιιι
3252 5258 3494 5311 Antonio
3538 5258 3616 5312 lc-

2079 5335 2194 5380 unt.

2041 5344 2227 5452 δυὲζί.
2264 5394 2369 5449 MO
2406 5396 2470 5448 A.
2507 5394 2611 5459 Qui
2641 5394 2735 5446 Dei
2768 5395 2871 5447 via.
2912 5392 3152 5451 Fidelius
3197 5395 3497 5461 Livineius,
3523 5399 3614 5465 qui

2042 5482 2250 5538 sacram
2282 5468 2417 5538 viam
2446 5464 2653 5538 insidiis
2690 5473 2879 5538 teneat,
2914 5480 3010 5538 seu
3056 5466 3237 5538 malis,
3258 5468 3347 5538 qui
3375 5466 3470 5538 Dei
3504 5464 3617 5519 vias

2042 5536 2252 5589 insidiis
2303 5534 2551 5606 infestet._
2587 5533 2722 5587 Illud
2770 5536 2921 5606 item,
2974 5535 3059 5590 γω
3110 5537 3210 5590 soli
3259 5533 3468 5606 quando
3522 5551 3618 5606 ca-

2041 5607 2141 5668 dit,
2176 5614 2305 5666 etc.,
2344 5605 2408 5657 ad
2444 5603 2665 5657 verbum
2689 5605 2816 5669 erit,
2862 5603 2947 5658 Vw
2991 5607 3106 5671 uni,
3155 5603 3281 5661 cum'
3318 5604 3613 5660 ceciderit:

2044 5677 2167 5746 quia
2200 5692 2301 5746 non
2341 5673 2499 5746 habet
2533 5675 2622 5746 qui
2640 5676 2828 5746 erigat,
2860 5676 3004 5743 quod
3032 5684 3117 5732 est
3159 5676 3615 5746 Ecclesiastpnv.

2046 5739 2132 5812 i0,
2161 5745 2270 5798 Kal.
2302 5744 2423 5798 οὐαὶ
2443 5739 2591 5814 αὐτῷ
2616 5745 2691 5815 τῷ
2718 5739 2821 5811 Ivi,
2854 5739 2983 5801 ὅταν
3006 5747 3167 5820 πέσῃ,
3208 5745 3301 5799 καὶ
3348 5744 3425 5815 μὴ
3498 5743 3639 5797 δεύσ
