4092 6378
398 309 534 364 1217

396 426 510 496 ejus
543 435 757 496 mortem
799 428 1080 489 recitavit;
1115 426 1254 481 idem
1281 437 1335 480 et
1367 425 1709 484 Sozomenus
1748 428 1846 485 lib.
1886 446 1984 492 vn,

395 495 447 550 c.
495 497 629 550 lOct
663 495 1000 564 Nicephorius
1032 498 1122 550 lib.
1155 514 1214 558 ιι,
1247 515 1297 554 (ι.
1329 498 1416 552 ‘29.

467 565 714 620 (201.855
744 567 798 618 Β.
855 565 1036 637 Neque
1086 569 1253 620 auris.
1298 567 1410 621 lloc
1464 573 1773 622 membrum
1815 585 1844 622 a
1879 585 1982 624 no-

396 635 483 691 bis
521 637 768 689 additum
791 645 877 690 est
902 635 966 690 ex
989 645 1226 706 utroque
1250 653 1390 704 ins.;
1427 647 1482 691 at
1506 638 1560 691 in
1593 639 1766 693 altero
1785 639 1984 695 Cante-

397 706 444 758 ri
483 706 746 792 mendose
783 707 945 774 paulo
978 707 1397 792 'post'scriptunl
1432 707 1536 760 fuit
1558 708 1859 762 ἀναὸιῶσαι
1881 710 1982 792 τὴν

398 776 684 846 συμφοράν
717 792 732 806 ·
758 775 1217 843 quemadmodum
1248 775 1306 830 et
1353 778 1406 830 in
1448 793 1514 830 eo
1542 793 1651 846 quo
1685 795 1819 833 usus
1879 775 1982 834 fuit

397 844 668 918 interpres
703 855 939 918 vertens,
982 845 1050 918 ad
1086 846 1511 918 resuscitandum
1544 844 1979 918 etredintegran-

397 917 521 967 dum
553 917 957 990 _calamitatem.
993 914 1129 990 Vera
1159 919 1330 990 lectio
1372 916 1562 971 Morel.
1625 927 1711 973 est
1743 914 1981 990 ᾁνᾶὄοῆ-

398 1001 487 1036 σαι
514 984 611 1058 τῂν
647 1002 774 1054 συμ.
800 985 999 1038 Ibidem
1017 987 1119 1058 τῆς
1140 987 1395 1058 οὐρανίου
1421 991 1625 1058 τροφῆς
1649 984 1975 1057 scripsimus

394 1070 518 1126 cum
550 1055 708 1114 Mor.,
737 1071 844 1108 non
869 1056 1077 1126 τρυφῆς
1103 1055 1226 1109 cum
1250 1055 1497 1118 CantcrL,
1525 1055 1595 1111 ω’
1621 1073 1730 1126 quo
1754 1055 1974 1116 Silanus

393 1125 553 1198 plena
605 1126 894 1178 ca’lestium
947 1125 1279 1198 deliciarum.
1333 1127 1499 1180 David
1542 1125 1752 1181 idcirco
1777 1146 1971 1198 panem

395 1196 713 1263 angelorum
770 1209 969 1248 utanua
1026 1205 1182 1250 vocat
1226 1195 1370 1250 Psal.
1410 1198 1732 1260 Lxxvu,24,
1777 1195 1834 1252 et
1873 1199 1973 1251 Sa-

396 1265 614 1337 pientiae
643 1264 958 1337 Salomonis
991 1264 1059 1337 de
1089 1266 1279 1337 eodem
1317 1268 1518 1320 dicitur
1558 1283 1677 1337 cap.
1719 1285 1829 1330 xvi,
1858 1268 1966 1324 20:

394 1333 596 1387 Panem
619 1334 683 1388 de
711 1335 838 1388 caelo
863 1336 1162 1400 prtvstitisti
1194 1336 1306 1389 illis
1327 1338 1439 1389 sine
1471 1333 1671 1402 labore,
1698 1355 1849 1392 omne
1875 1338 1969 1392 de-

394 1405 761 1460 lectamentum
785 1406 839 1457 in
856 1421 912 1458 se
940 1405 1230 1459 habentem.

465 1475 581 1528 Col.
635 1476 740 1529 858
784 1477 846 1527 Α.
899 1473 1080 1547 Nolite
1130 1476 1459 1531 contendere.
1506 1475 1779 1547 lnterprcs
1823 1477 1968 1532 seri-

393 1554 596 1612 pserat,
621 1562 683 1598 ne
710 1545 1043 1613 praevalentis
1068 1555 1116 1598 et
1143 1547 1447 1606 obtineatis,
1493 1557 1550 1599 ut
1589 1545 1927 1601 consolemini
1947 1565 1965 1601 :

394 1630 496 1668 nos
525 1631 707 1669 veram
740 1615 1242 1683 interpretationem
1273 1618 1661 1672 substituimus
1691 1619 1790 1670 loci
1816 1619 1964 1671 illius

393 1683 543 1757 Isaiae
570 1684 712 1757 apud
751 1684 908 1746 LXX,
933 1700 1052 1757 cap.
1080 1703 1215 1747 xxii,
1257 1686 1418 1757 4,_p.‘i}
1465 1687 1829 1757 κατισχύσητε
1863 1688 1968 1757 (sic

393 1755 536 1807 enim
569 1755 654 1809 hic
681 1770 899 1826 quoque
921 1756 1202 1824 legebatur
1227 1757 1281 1808 in
1307 1755 1549 1818 Carnem,
1575 1755 1679 1810 non
1717 1755 1973 1826 κατισχύ-

396 1841 554 1898 aptati
597 1833 655 1876 ut
699 1825 751 1898 in
791 1824 960 1898 Mor.)
991 1827 1329 1898 πᾳρακαλεῖν
1371 1845 1435 1896 με
1462 1829 1554 1880 ἐπὶ
1576 1827 1634 1880 τὸ
1663 1824 1979 1898 σύντριμμα.

390 1896 490 1963 τῆς
513 1894 782 1966 θυγατροξ
807 1894 901 1947 τοῦ
950 1894 1082 1948 λαοῦ
1103 1914 1204 1964 μου
1231 1915 1245 1928 ο
1268 1894 1428 1965 quem
1470 1899 1541 1950 ita
1579 1894 1815 1949 vertitS'.
1853 1894 1980 1951 Hie-

392 1979 654 2033 ronymus
676 1963 700 2018 ι’
723 1963 901 2018 Nolite
919 1963 1242 2026 contendere,
1263 1963 1318 2018 ut
1352 1982 1432 2018 me
1451 1967 1792 2020 consolemini
1824 1981 1979 2034 super

392 2035 714 2088 contritione
759 2036 888 2102 ﬁlia:
935 2038 1140 2105 generis
1168 2038 1289 2090 mei.
1326 2035 1556 2104 Vulgata
1589 2037 1707 2090 Lat.
1743 2055 1757 2090 :
1795 2035 1982 2091 Nolite

393 2104 713 2165 incumbere,
741 2115 797 2157 ut
820 2104 1168 2159 consoletnini
1195 2124 1293 2158 nte.
1326 2107 1465 2160 Illud
1496 2122 1623 2162 vero
1652 2108 1718 2161 de
1736 2107 1979 2163 Rachele

393 2181 477 2226 est
497 2174 695 2227 .Irrenu.
726 2191 874 2237 xui,
905 2176 989 2227 15.

467 2243 681 2315 Ibid.B.
717 2243 931 2298 Faciem
973 2246 1124 2299 vidit.
1159 2244 1406 2308 Silanus,
1449 2245 1640 2315 faciem
1679 2246 1748 2299 ad
1786 2248 1980 2315 integi-

394 2329 510 2385 nem
557 2313 681 2376 Dei,
731 2317 942 2385 omisso
1000 2316 1168 2370 verbo
1195 2324 1256 2385 et
1290 2313 1584 2378 adverbio,
1628 2317 1773 2385 quod
1826 2313 1982 2370 men-

392 2384 524 2437 dose
573 2399 890 2452 expressum
926 2384 1025 2438 l‘uit
1060 2386 1110 2437 in
1154 2384 1356 2445 Morel,
1409 2385 1622 2449 ἁλιέως,
1653 2384 1972 2454 piscatoris,

395 2454 536 2507 unde
566 2454 981 2538 suspicabamur
1017 2464 1182 2538 antea
1227 2456 1611 2538 corrigendum
1650 2455 1858 2538 ἱερέως,
1884 2456 1980 2538 sed

393 2525 898 2595 \'eram_let;tionem
958 2525 1327 2593 suppeditavit
1371 2527 1621 2584 ﬂantem,
1658 2525 1876 2595 ἀληθῶς
1918 2527 1976 2577 ὲν

391 2593 728 2655 εἰκόνιθεοῠ,
757 2595 945 2662 faciem
975 2595 1104 2647 vidit
1129 2611 1243 2648 vere
1263 2595 1331 2648 ad
1354 2596 1634 2665 imaginem
1663 2593 1758 2648 Dei
1778 2595 1980 2663 forma-

392 2675 524 2716 tam.

462 2732 579 2786 Col.
621 2733 724 2787 859
748 2732 808 2787 C.
836 2735 1032 2788 Audite
1068 2751 1134 2789 ea:
1184 2733 1438 2789 Ieremia.
1485 2737 1762 2804 lnterpres
1795 2734 1980 2790 edide-

391 2814 474 2854 rat
507 2805 744 2858 Audistis
768 2820 832 2858 επ
852 2805 1104 2870 Jerentitt,
1126 2805 1416 2859 lectionem
1439 2805 1749 2872 exprimens
1777 2804 1979 2859 Caute-

396 2874 534 2925 riani
573 2875 780 2928 codicis
807 2875 1080 2942 ὴκούσατε
1113 2895 1125 2906 ·
1155 2883 1210 2926 at
1234 2891 1336 2928 nos
1362 2889 1757 2928 monueramus
1780 2875 1833 2926 in
1873 2873 1980 2929 Mo-

394 2945 492 2995 rel.
552 2944 725 2997 fuisse
758 2945 988 3014 ἥκουσα,
1021 2945 1202 2997 audivi
1234 2943 1484 2997 Ieremia:
1519 2960 1664 2997 voces
1709 2960 1727 2996 :
1771 2953 1824 2996 at
1850 2960 1974 2996 cor-

392 3020 574 3066 rector
606 3015 1030 3082 typograpbicus
1076 3015 1290 3067 tertiam
1344 3014 1634 3066 lectionem
1666 3014 1972 3076 substituit,

391 3084 549 3149 quasi
583 3093 729 3138 esset
757 3084 1026 3136 ἀκούσατε
1078 3101 1089 3114 ·
1125 3083 1500 3138 restituendus
1540 3091 1719 3137 tatnen
1760 3084 1976 3137 videtur

391 3153 548 3206 locus
577 3168 644 3223 ex
683 3152 869 3206 Morel.
911 3155 1178 3223 utinagis
1213 3155 1504 3223 conveniat
1533 3169 1656 3206 cum
1695 3153 1978 3223 sequenti-

390 3223 515 3288 bus,
544 3219 674 3275 Οἷδά
701 3240 820 3274 τινα
841 3222 934 3275 τοῦ
978 3219 1240 3294 Ἱερεμίου
1270 3222 1452 3292 ἄλλην.

1709 308 2015 366 νΑιιιοιιυ
2026 310 2071 364 Μ
2109 311 2338 371 ΝΟΤᾹῖῗ.

3534 324 3670 380 1218

2163 433 2305 507 Ibid.
2358 432 2419 507 DA.
2455 449 2886 507 serednamque.
2925 437 3332 491 Admonueratn
3377 437 3432 492 in
3479 436 3668 492 Morel.

2090 505 2354 576 scriptum
2392 503 2561 558 fuisse
2609 503 2916 576 ὄντιυς’γὰρ
2947 507 3081 570 ὶτέα,
3131 524 3244 561 vere
3277 524 3498 576 namque
3529 509 3672 562 satia:

2087 583 2164 647 e_st
2215 575 2365 647 vita;
2412 578 2782 647 typograplms
2826 575 3006 647 autem
3059 578 3344 632 lectionem
3399 575 3672 647 expressit

2087 645 2308 716 Canter,
2341 645 2399 696 ἐν
2426 645 2618 709 ἱτέαις,
2645 663 2707 716 ex
2741 661 2849 714 qua
2873 645 3114 706 Silanus.
3140 648 3296 716 plane
3331 645 3550 702 enim’in
3587 664 3648 700 sa

2087 713 2408 787 licibusvita
2440 715 2706 787 consistit.
2737 717 2902 784 Atqui
2955 713 3151 770 deinde
3189 718 3321 772 dicit
3371 717 3670 787 Gregorius

2083 800 2184 857 nos
2216 785 2416 857 salices
2455 785 2656 857 factos.
2681 801 2786 838 non
2822 789 2966 840 inter
2999 788 3198 842 salices
3222 788 3420 857 degere
3451 805 3464 842 :
3490 785 3670 843 verior

2084 854 2258 925 igitur
2286 854 2447 909 lectio
2473 853 2777 909 Morelliani
2805 857 3033 911 codicis.

2150 943 2262 1000 Col.
2315 946 2419 1000 862
2446 945 2506 1000 Β.
2549 945 2808 1014 Ruptnra.
2858 947 3103 1006 Silanus.
3135 957 3358 1014 ruptura
3419 950 3673 1002 membro-

2080 1033 2196 1069 rum
2225 1027 2324 1075 est,
2357 1033 2421 1069 ex
2448 1017 2637 1070 codice
2667 1019 2922 1070 nimirum
2954 1021 3136 1081 vertit,
3170 1019 3260 1087 qui
3292 1019 3670 1072 consentiebat

2078 1103 2199 1157 cum
2232 1087 2583 1149 Canteriano,
2611 1088 2702 1141 sed
2740 1086 2926 1140 Morel.
2977 1086 3201 1142 rectius,
3238 1088 3396 1157 ῥῆξίς
3435 1091 3551 1140 ἐστι
3585 1088 3671 1140 δε-

2078 1156 2257 1278 σξλῶνὶ
2287 1157 2616 1210 vinculorum
2646 1166 2870 1226 ruptura
2892 1175 2911 1221 ;
2935 1159 3078 1212 unde
3107 1156 3380 1227 sequitur,
3412 1159 3671 1226 Dirnpisti

2080 1243 2231 1278 vtncn
2261 1244 2292 1278 a
2317 1243 2452 1278 mea.

2080 1243 2292 1279 vtncnta
2317 1243 2452 1279 mea.

2147 1316 2287 1370 Ibid.
2313 1317 2373 1369 C.
2397 1317 2647 1383 Reliquit.
2670 1319 2726 1370 In
2745 1317 2930 1372 Morel.
2956 1318 3219 1387 scriptum
3241 1317 3483 1385 erantin;
3505 1317 3673 1384 Αἴγυ-

2071 1404 2202 1440 πτον
2231 1387 2258 1440 ὁ
2287 1389 2508 1456 Μωσῆς.
2530 1389 2738 1458 Μωσῆς
2763 1389 2852 1458 τον
2877 1389 3067 1457 ἰλυώδη
3092 1389 3201 1458 βίον
3220 1389 3504 1458 ἐπέρασεν,
3534 1387 3672 1441 Reli-

2069 1460 2177 1526 quit
2205 1458 2494 1527 Afgyptum
2518 1456 2749 1527 Moyses,
2782 1456 2990 1526 Moyses
3018 1456 3259 1511 lunas-am
3284 1456 3444 1511 vitam
3470 1461 3668 1511 transi-

2072 1531 2160 1586 vit,
2187 1545 2290 1581 non
2319 1530 2556 1582 rubrum.
2582 1528 2743 1582 Certe
2773 1537 3011 1581 ut'antea
3041 1528 3352 1582 Simeonem
3377 1529 3672 1596 appellavit

2075 1596 2374 1658 Meletium,
2419 1600 2489 1650 ita
2525 1599 2916 1653 convenienter
2964 1598 3069 1653 hoc
3105 1599 3230 1653 loco
3258 1597 3480 1668 Moysen
3505 1599 3661 1651 illum

2083 1669 2273 1738 potuit,
2292 1668 2500 1738 dicere.

2154 1735 2294 1790 Ibid.
2339 1737 2401 1792 D.
2432 1738 2589 1792 Circa
2649 1737 3065 1791 tabernaculum.
3108 1737 3310 1792 Omisit
3369 1737 3668 1805 interpres,

2081 1809 2229 1877 quod
2262 1809 2427 1862 etiam
2479 1810 2530 1861 in
2559 1807 2782 1861 Camer.
2825 1807 3260 1866 desiderabatur,
3308 1824 3417 1860 non
3461 1808 3516 1860 in
3551 1806 3668 1859 Mo-

2083 1879 2205 1941 t'el.,
2230 1877 2323 1930 καὶ
2375 1879 2431 1948 εν
2465 1877 2695 1948 χείλεσιν
2719 1877 3036 1948 ἑτέροιςκρι
3087 1878 3210 1929 aliis
3233 1878 3422 1948 labiis;
3472 1892 3669 1948 nempe

2083 1963 2150 2001 ex
2177 1947 2441 2016 Apostolo
2465 1945 2746 2000 "citantur
2778 1945 2892 2001 biec
2953 1945 2970 1998 Ι
3005 1947 3133 2001 Cor.
3162 1963 3275 2010 xiv,
3301 1947 3392 2013 2|,
3424 1955 3479 2000 et
3513 1945 3668 2001 Isaiae

2083 2034 2280 2082 xvvm,
2316 2034 2366 2071 ν.
2399 2018 2481 2070 11.
2525 2018 2696 2070 Porro
2751 2017 2950 2086 σκῆνος
2979 2016 3068 2069 hic
3096 2018 3345 2086 accipere
3380 2025 3534 2084 potes
3568 2032 3668 2085 pro

2083 2103 2312 2156 corpore
2363 2089 2476 2142 sive
2523 2087 2808 2148 cadavere,
2863 2088 2976 2156 sive
3011 2088 3179 2140 certis
3217 2087 3464 2156 reliquiis
3491 2089 3668 2141 sancti

2081 2155 2270 2212 Melitii
2297 2158 2661 2221 deluncti;ut
2690 2157 2828 2225 apud
2880 2155 3161 2210 Platonem
3195 2155 3356 2210 etiam
3403 2159 3458 2208 in
3504 2158 3669 2210 Axio-

2081 2228 2176 2279 e/to
2238 2242 2441 2295 corpus
2497 2228 2794 2280 humanum
2833 2243 2940 2280 non
2993 2228 3170 2280 solum
3226 2228 3369 2295 apud
3435 2225 3668 2280 Paulum

2081 2296 2125 2350 ll
2159 2297 2287 2352 Cor.
2316 2313 2401 2357 ιιι,
2435 2298 2630 2367 σκῆνος
2655 2297 2981 2366 appellatur.

2153 2387 2271 2443 Col.
2307 2387 2411 2443 865
2441 2389 2506 2440 Α.
2542 2388 2698 2442 Vobis
2727 2397 2921 2440 autent.
2965 2386 3018 2440 In
3050 2403 3153 2440 ms.
3183 2387 3320 2441 Hor.
3358 2387 3499 2458 πρὸς
3524 2387 3670 2456 ὑμᾶς

2080 2459 2136 2512 δὲ
2159 2459 2313 2512 τοῦτο
2359 2458 2502 2526 λέγω
2551 2459 2679 2520 τούς
2710 2475 2724 2488 ο
2768 2468 2820 2510 at
2866 2459 2918 2510 in
2951 2458 3169 2510 Canter.
3208 2460 3415 2512 rectius
3470 2458 3671 2526 legitur

2084 2530 2218 2597 πρὸς
2272 2530 2416 2597 ὑμᾶς
2457 2527 2614 2582 τοῦτο
2663 2528 2857 2595 λέγων.
2903 2528 3270 2591 Quamobrem
3327 2526 3666 2581 restituenda

2081 2607 2166 2654 est
2207 2598 2809 2668 Silaniinterpretatio,
2848 2599 3024 2668 vinum
3072 2597 3316 2668 prteberi.
3363 2597 3431 2650 ad
3466 2613 3553 2650 vos
3579 2597 3670 2667 qui

2083 2671 2247 2723 vincte
2279 2670 2514 2735 operarii
2539 2666 2690 2730 estis,
2723 2667 2820 2721 hoc
2865 2666 3064 2730 dicens,
3087 2676 3140 2721 et
3180 2668 3237 2720 in
3271 2667 3458 2722 Graeco
3482 2666 3669 2719 emen-

2081 2738 2320 2792 dandum
2345 2739 2644 2808 ὑμετέρων.
2689 2736 2868 2808 Locus
2889 2745 2974 2808 est
2996 2736 3255 2808 Proverb.
3281 2737 3517 2808 urnis.
3540 2736 3668 2789 Δότε

2083 2809 2255 2878 μέθην
2286 2803 2396 2870 τοίξ
2418 2810 2474 2860 ὲν
2502 2803 2719 2870 λύπαις,
2745 2806 2839 2878 καὶ
2861 2803 3000 2858 οἶνον
3019 2805 3190 2878 πίνειν
3207 2809 3320 2869 τοῖς
3343 2807 3399 2878 ὲν
3431 2806 3665 2878 ὸδῷνᾳις.

2086 2875 2223 2931 Date
2243 2894 2440 2930 merum
2458 2878 2537 2930 his
2557 2878 2647 2947 qui
2669 2888 2792 2930 sunt
2818 2877 2873 2928 in
2896 2876 3228 2947 nigroribus,
3242 2887 3290 2930 et
3303 2877 3478 2928 vinum
3497 2875 3668 2947 bibere

2093 2947 2197 3012 Itis,
2233 2949 2324 3016 qui
2355 2957 2477 3000 sunt
2522 2945 2576 2999 in
2603 2947 2896 3000 doloribus.
2928 2945 3188 3016 Clausula
3208 2961 3371 3014 porro
3395 2946 3666 3016 sermonis

2074 3017 2130 3071 in
2180 3014 2412 3087 utroque
2462 3033 2564 3070 ms.
2598 3025 2714 3087 erat
2759 3018 2894 3087 haec,
2947 3015 3130 3087 χάριτι
3163 3016 3257 3087 τοῦ
3305 3014 3664 3087 Μονογενοῦς,

2075 3097 2207 3156 etc.,
2245 3083 2352 3140 non
2388 3096 2448 3140 ut
2494 3087 2636 3156 apud
2687 3083 2980 3149 Silanum,
3021 3083 3126 3139 Per
3169 3085 3438 3140 Christum
3483 3083 3667 3138 Jesum

2078 3155 2369 3211 Dominum
2397 3155 2658 3210 nostrum.

1271 3631 1396 3718 ΙΝ
1520 3627 1880 3720 ORAT.
1985 3626 2134 3715 DE
2239 3624 2809 3716 PLACILLA

1731 3813 2048 3872 EJUSDEM
2076 3812 2310 3871 NOTAE.

467 4132 678 4188 Laudat
698 4131 805 4186 bac
842 4130 1091 4185 oratione
1124 4126 1635 4182 funebriPlacillam
1664 4128 1965 4196 Augustam

395 4202 690 4258 Theodosii
739 4201 977 4256 senioris
1034 4214 1261 4253 uxorem
1323 4199 1585 4264 priorem.
1630 4212 1753 4265 qua:
1787 4207 1966 4249 morte

393 4275 662 4328 exstincta
709 4279 794 4326 est
859 4271 1005 4324 circa
1054 4284 1258 4322 annum
1291 4267 1496 4321 Christi
1535 4267 1659 4320 585.
1693 4266 1757 4319 Et
1795 4265 1967 4319 codex

395 4360 498 4398 IIIS.
519 4343 655 4395 Mor.
679 4339 1085 4409 inscriptionem
1112 4340 1270 4409 istam
1295 4337 1568 4409 praeﬁxam
1595 4336 1836 4409 esbibet,
1861 4334 1966 4387 Τοῦ

393 4413 558 4467 αὐτοῦ
602 4404 915 4478 Ἐπιτάφιος
964 4409 1045 4478 εἰς
1073 4404 1484 4478 Πλακίδάνέτὴν
1524 4404 1845 4478 βασίλισσᾳν
1865 4420 1878 4435 ·
1915 4415 1970 4459 at

395 4500 498 4538 ms.
527 4483 684 4534 Cant.
713 4474 1152 4542 Ειςπλάκιλλαν.
1180 4478 1335 4545 Apud
1359 4474 1764 4528 Tlieodoretum
1793 4474 1884 4526 lib.
1915 4491 1966 4540 v,

394 4569 446 4608 c.
489 4553 574 4617 18,
610 4551 894 4604 Socratem
929 4548 1021 4600 lib.
1069 4564 1118 4608 v,
1143 4563 1192 4600 c.
1238 4547 1338 4617 12,
1365 4556 1417 4600 et
1454 4545 1730 4617 Zosimum
1763 4546 1856 4617 lib.
1895 4561 1966 4611 iv,

395 4623 456 4676 ﬁt
484 4614 694 4677 mentio
723 4618 1029 4688 Πλακίλλης
1051 4616 1330 4688 τῆςγαύτῴ
1361 4615 1688 4688 γημαμένης
1725 4629 1738 4643 ·
1765 4614 1969 4688 [’laeil-

397 4693 483 4753 lie,
525 4707 640 4760 qua:
697 4706 814 4743 cum
865 4705 925 4742 eo
962 4684 1118 4754 prius
1152 4684 1326 4760 fuerat
1371 4684 1714 4760 matrimonio
1753 4684 1965 4760 juncta.

395 4755 577 4816 Latini
609 4773 788 4817 tamen
817 4768 1067 4811 auctores
1100 4759 1299 4826 quibus
1331 4758 1512 4825 potius
1548 4771 1734 4826 quam_
1764 4755 1970 4826 Graecis

395 4831 806 4886 assentiendum
833 4830 885 4881 in
926 4823 1222 4882 assereinlo
1270 4823 1400 4880 vero
1433 4823 1653 4879 nomine
1703 4823 1970 4878 Occiden-

395 4903 522 4955 talis
559 4899 947 4972 itnperatricis,
986 4913 1120 4972 n_on_
1155 4896 1457 4972 Placillam,
1512 4897 1606 4972 sed
1644 4894 1970 4972 _Flacc_i_llam

395 4987 516 5024 eam
562 4963 866 5029 nominant,
899 4977 957 5022 ut
1002 4966 1326 5020 Ambrosius
1353 4966 1405 5018 in
1434 4965 1766 5020 Laudatione
1799 4963 1975 5018 Theo-

397 5041 574 5106 dosii,
624 5049 798 5111 prout,
827 5038 1047 5111 codices
1065 5037 1799 5111 emendatiorestesgmtur,
1835 5049 1972 5111 quo:

397 5126 520 5164 rum
562 5103 829 5167 meminit
880 5108 1159 5162 illustriss.
1219 5107 1527 5160 (lardinalis
1585 5104 1854 5159 Baronius
1907 5103 1989 5156 adv

399 5197 527 5234 ann.
573 5180 776 5236 Christi
813 5179 939 5240 585,
990 5194 1046 5233 ιι.
1072 5179 1161 5237 ³515,
1189 5177 1334 5246 quod
1369 5186 1423 5230 et
1469 5174 1622 5231 Pauli
1661 5173 1894 5246 Diaconi
1920 5181 1974 5228 et

397 5263 638 5305 veterum
657 5251 1042 5304 numismatum
1057 5243 1319 5316 suﬂ‘ragio
1337 5248 1626 5300 conﬁrmat
1641 5243 1974 5316 Claudianus

401 5319 476 5372 De
511 5321 673 5374 laude
722 5322 960 5378 Sereme,
997 5326 1052 5372 et
1104 5313 1400 5370 Faustinus
1432 5317 1722 5385 episcopus
1765 5313 1859 5385 qui
1910 5313 1976 5366 li-

399 5389 561 5442 brum
613 5405 772 5444 suum
831 5387 897 5442 de
925 5386 1029 5442 lidc
1085 5388 1150 5440 ad
1205 5383 1517 5441 Flaccillain
1573 5383 1972 5455 imperatricem

402 5460 574 5511 misit.

475 5527 664 5580 Cordis
715 5528 965 5582 ltetantis.
993 5526 1111 5580 Non
1135 5525 1480 5582 Ecclesiastze
1513 5540 1608 5587 vn,
1645 5532 1705 5577 ut
1751 5528 1982 5577 annota-

406 5606 536 5652 runt
585 5596 828 5666 quidam,
887 5598 982 5651 sed
1017 5597 1275 5650 Proverb.
1326 5613 1413 5657 xv,
1447 5597 1532 5655 15,
1585 5594 1857 5666 reperitur
1889 5592 1979 5666 bic

408 5668 581 5729 locus,
603 5661 777 5736 quem
817 5661 1021 5721 rectius
1053 5668 1212 5720 vertit
1234 5669 1507 5736 interpres
1530 5661 1692 5736 quam
1723 5661 1980 5736 Complu-

406 5738 579 5792 tensis
609 5732 659 5792 οι
696 5737 1042 5791 l‘lantiniana
1081 5737 1268 5800 editio,
1299 5732 1471 5792 Corde
1520 5732 1780 5806 gaudente
1809 5732 1973 5801 facies

2076 4126 2224 4186 viret,
2260 4124 2314 4176 in
2350 4137 2481 4177 casu
2510 4122 2784 4187 absoluto.
2809 4120 3094 4182 Vaticana,
3124 4119 3318 4174 Coi-dis
3353 4120 3464 4173 la'ti
3499 4121 3662 4187 facies

2074 4184 2246 4264 ﬂoret.
2285 4196 2469 4264 itaque
2503 4184 2757 4260 Origenis
2798 4193 3068 4264 interpres
3098 4191 3289 4243 bomil.
3321 4191 3442 4264 4_in
3471 4184 3662 4264 Canti-

2075 4257 2222 4324 cum,
2255 4257 2400 4332 quod
2436 4269 2490 4316 et
2519 4257 2808 4332 conlirmat
2859 4257 3187 4332 auctoritate
3225 4274 3323 4313 sua
3360 4257 3664 4332 Gregorius

2080 4337 2181 4387 hoc
2229 4328 2369 4395 loco,
2415 4346 2542 4386 cum
2586 4331 2738 4384 addit
2769 4333 2866 4401 τῆς
2896 4331 2953 4382 δὲ
2981 4332 3052 4401 ἐν
3099 4328 3299 4401 nam;
3344 4328 3665 4400 σκυθρωπά-

2077 4403 2177 4467 ζει,
2206 4404 2320 4472 ejus
2383 4418 2500 4456 vero
2530 4400 2667 4471 quod
2711 4412 2788 4454 est
2824 4399 3082 4455 tristitia:
3135 4400 3409 4468 affectum,
3440 4399 3657 4456 nt’wstus

2077 4483 2180 4528 est.

2148 4543 2264 4598 Col.
2325 4542 2431 4596 885
2473 4542 2537 4595 Α.
2574 4541 2618 4596 0
2654 4540 2842 4606 infelix
2898 4544 3178 4610 prtedium.
3211 4540 3500 4594 Consentit
3535 4555 3662 4596 cum

2079 4614 2398 4679 interpretis
2422 4612 2612 4666 codice
2657 4612 2877 4664 Canter.
2912 4627 3038 4671 ms..
3086 4624 3141 4667 at
3178 4610 3528 4666 Morellianus
3558 4611 3665 4664 hoc

2087 4692 2301 4736 tantum
2356 4682 2567 4746 habuit,
2627 4680 2687 4732 τὸ
2719 4680 2978 4750 δυστυχὲς
3007 4683 3158 4746 ἔθνος
3186 4699 3200 4714 ο
3239 4697 3268 4734 o
3300 4680 3489 4748 infelix
3517 4680 3663 4734 natio

2077 4753 2318 4807 cladibus
2364 4753 2519 4816 nihil,
2560 4759 2615 4804 et
2642 4752 2788 4816 quod
2830 4755 3078 4819 sequitur
3107 4750 3362 4806 διωθεῖσα
3414 4750 3663 4806 referen-

2078 4825 2206 4877 dum
2281 4829 2366 4877 est
2421 4822 2486 4876 ad
2553 4821 2773 4892 Θρᾴκην
2811 4838 2825 4852 ο
2889 4825 3144 4891 quocirca
3222 4821 3405 4875 minus
3466 4836 3668 4874 conve-

2080 4895 2292 4946 nienter
2317 4892 2752 4962 _intersereretu_r
2786 4905 2886 4944 vox
2931 4893 3130 4962 χωρίον
3155 4905 3276 4960 quae
3307 4899 3506 4962 postea
3540 4903 3665 4962 pro-

2088 4964 2260 5016 fertur
2283 4981 2296 5016 :
2316 4957 2385 5013 Ὦ
2413 4961 2611 5031 χωρίον
2635 4962 2692 5012 ἐν
2716 4953 2760 5027 ᾧ
2787 4963 2848 5031 τὸ
2866 4953 3036 5024 πάίθοξ
3062 4953 3274 5031 ἐγένετο
3301 4953 3390 5031 διὰ
3413 4953 3665 5031 τὸᾼπᾶθος

2077 5033 2312 5103 τάχαίτῇ
2343 5029 2656 5103 esseopem
2690 5029 2981 5099 ἐπώνυμον
3010 5048 3023 5061 ·
3063 5030 3108 5084 0
3158 5029 3436 5103 castellum
3466 5029 3523 5082 in
3560 5045 3664 5097 quo

2080 5099 2310 5164 accidit,"
2361 5101 2426 5152 ab
2475 5099 2702 5154 obscura
2749 5111 2896 5154 nocte
2943 5111 3152 5168 propter
3222 5099 3426 5152 cladem
3477 5115 3664 5154 nomen

2092 5172 2320 5241 fortasse
2349 5171 2619 5224 sortitum.
2657 5171 2834 5241 Audio
2870 5172 3008 5225 enim
3048 5171 3229 5241 patria
3264 5171 3500 5241 ipsorum
3533 5168 3665 5241 Alin-

2079 5239 2183 5312 gua
2233 5241 2512 5312 Scammel:
2576 5241 2747 5312 locum
2772 5240 2949 5312 illum
2983 5309 2993 5312 Α
3021 5239 3296 5312 appellari.
3326 5239 3664 5312 lucentium

2083 5309 2228 5365 enim
2259 5310 2426 5364 Morel
2489 5310 2658 5365 codex
2695 5311 2879 5371 habet,
2907 5309 3068 5378 cujus
3091 5309 3182 5364 bic
3213 5310 3503 5365 lectionem
3535 5324 3664 5379 pro-

2085 5383 2336 5443 tulimus,
2368 5389 2428 5450 ut
2456 5381 2512 5434 in
2563 5395 2767 5435 excuso
2795 5379 3009 5435 Cameri
3052 5381 3179 5450 libr.
3209 5381 3479 5450 expressit
3503 5391 3662 5450 typo-

2086 5451 2347 5519 graphus.
2373 5449 2662 5505 Scotusam
2695 5451 2838 5504 inter
2859 5451 3109 5506 civitates
3131 5449 3380 5519 Thracia:
3409 5449 3663 5503 numerat

2084 5518 2296 5574 Plinius
2355 5520 2450 5574 lib.
2509 5536 2582 5581 Iv,
2645 5535 2696 5573 c.
2727 5520 2785 5572 11
2817 5521 2978 5590 {sed
3011 5521 3153 5590 apud
3211 5518 3434 5590 Graecos
3479 5532 3666 5590 auom-

2127 5590 2230 5660 ήνη
2287 5605 2460 5660 quam
2504 5590 2781 5660 obscuram
2838 5587 3063 5643 Lunani
3115 5589 3280 5644 vertit
3324 5587 3666 5660 Augustinus

2125 5655 2320 5714 s'almo’
2345 5674 2400 5722 κ,
2435 5657 2503 5723 2,
2536 5659 2718 5715 Suida:
2759 5670 2844 5715 est
2895 5660 2993 5725 νὺξ
3040 5660 3298 5729 ἁσέληνος
3325 5655 3664 5729 ιιραζᾼίιιωιὶσ

2077 5739 2126 5785 et
2150 5729 2391 5795 obscura,
2413 5730 2558 5784 unde
2587 5730 2651 5785 ad
2689 5744 2872 5788 vocem
2897 5726 3395 5798 Scotumes'oppidi
3419 5726 3667 5782 Thracia:
