4092 6378
348 326 488 382 1223

348 438 627 507 exemplar
643 438 868 491 viderat.
893 438 1008 492 Cur
1040 447 1101 491 tu
1137 438 1385 508 praeteris
1404 437 1544 492 illud
1597 438 1733 507 forte
1773 437 1917 502 quod

349 510 709 564 assertionem
743 509 1026 579 restringit
1058 524 1122 562 ac
1163 510 1396 562 limitat?
1425 508 1589 563 Forte
1621 510 1743 562 ideo
1777 509 1921 560 hanc

352 581 607 635 Voculam
639 578 970 646 pra‘teriisti,
1031 586 1090 633 ut
1144 581 1198 631 in
1252 579 1373 647 ipso
1423 580 1609 632 statim
1668 586 1917 647 notarum

352 648 627 704 vestibulo
653 648 952 701 mentiendi
990 649 1248 703 materies
1280 646 1377 702 tibi
1402 658 1734 717 suppeteret.
1794 646 1917 699 Pri-

352 736 445 773 mo
481 719 610 771 huic
644 726 740 771 tuo
790 718 1091 778 mendacio,
1145 734 1212 771 ne
1264 719 1571 772 solitarium
1641 718 1734 776 sit.
1794 732 1919 771 mox

355 788 609 857 adjnngis
653 788 903 841 socium:
943 804 1138 858 nempe
1186 786 1650 841 Bellarminumet
1698 786 1914 840 Hie/teo-

352 876 497 911 mum
538 856 639 909 hoc
671 872 857 925 negare
888 856 1032 909 mitto
1060 856 1169 911 otio
1223 868 1549 928 argumento,
1590 857 1920 928 quamquia

356 930 434 982 sic
473 937 701 982 censent.
736 932 816 978 An
850 928 1060 979 nnllmn
1085 926 1467 996 argumentum
1500 935 1603 990 est,
1641 926 1777 995 quod
1817 942 1918 979 non

352 1001 423 1051 sit
456 999 509 1050 in
532 996 764 1066 Nysseni
791 998 1051 1063 operitus,
1106 997 1243 1066 quod
1276 998 1487 1066 ignotus
1541 996 1819 1063 interpres,
1864 1006 1919 1049 et

348 1066 492 1133 quod
536 1063 673 1135 forte
713 1066 871 1118 etiam
914 1082 1015 1119 non
1051 1063 1347 1120 inueniatur
1390 1063 1571 1119 Grtrce
1606 1068 1635 1119 ἱ)
1675 1067 1757 1119 An
1807 1082 1917 1120 non

354 1138 469 1190 hzec
503 1138 607 1189 tria
645 1144 965 1203 argumenta
992 1138 1176 1189 attulit
1208 1145 1260 1189 et
1288 1136 1468 1205 attigit
1514 1135 1919 1205 Bellarminus?

354 1210 415 1260 Si
451 1206 587 1260 falsa
614 1205 897 1268 censebas,
931 1221 1033 1259 cur
1089 1222 1197 1259 non
1253 1204 1550 1275 refutasti?
1586 1204 1641 1259 Si
1681 1205 1916 1275 Nysseni

354 1287 459 1337 est,
490 1292 589 1328 cur
620 1291 726 1328 non
756 1283 843 1345 est
899 1282 1115 1343 recepta
1145 1276 1317 1345 inter
1369 1274 1491 1343 ejus
1523 1291 1711 1345 opera,
1734 1274 1917 1330 toties

353 1345 586 1400 Parisiis
615 1353 670 1399 et
698 1343 826 1397 alibi
855 1345 1098 1414 excusa?
1127 1344 1269 1400 Ante
1321 1345 1527 1413 aliquot
1557 1343 1731 1401 annos
1790 1361 1918 1414 pro-

357 1417 575 1469 dierunt
610 1430 675 1468 ex
703 1414 871 1484 variis
913 1413 1262 1469 Bibliothecis
1289 1415 1438 1467 varia
1470 1415 1733 1484 opuscula
1778 1415 1918 1484 Nys-

350 1486 512 1548 seni;
548 1499 613 1540 ea
643 1482 829 1536 statim
887 1494 1204 1552 repererunt
1240 1482 1604 1538 stationemin
1642 1482 1918 1539 volumine

353 1571 583 1624 operum
608 1552 861 1623 Nysscni,
892 1568 997 1606 non
1030 1554 1105 1624 ita
1135 1554 1341 1623 pridem
1360 1553 1582 1609 Parisiis
1615 1555 1911 1622 publicata.

351 1623 459 1691 Qui
495 1628 572 1694 fit,
605 1624 750 1692 quod
779 1625 847 1674 ab
886 1637 1031 1676 anno
1067 1623 1278 1694 Domini
1311 1624 1470 1689 1551,
1497 1640 1606 1691 quo
1636 1624 1755 1678 haec
1797 1624 1915 1694 epi-

350 1695 494 1751 stola
530 1693 760 1747 Parisiis
790 1694 934 1762 typis
971 1700 1055 1746 est
1089 1693 1380 1762 impressa,
1418 1694 1572 1747 nullo
1598 1694 1720 1746 loco
1775 1693 1915 1748 inter

351 1779 519 1835 opera
546 1762 1003 1835 Nysseniyonata
1034 1762 1197 1835 fuerit
1215 1763 1242 1816 2

426 1834 481 1886 Si
535 1830 710 1894 dicas,
778 1830 1051 1886 Editioues
1109 1833 1236 1887 itlas
1292 1832 1456 1902 fuisse
1514 1831 1827 1901 Pontiﬁcius
1859 1841 1914 1887 et

353 1903 783 1972 Ponti/iciorum,
851 1903 941 1971 qui
986 1902 1264 1972 epistolam
1327 1903 1462 1955 lianc
1510 1903 1915 1956 exterminatam

349 1970 589 2041 cupiant,
633 1970 974 2042 respondeo:
1010 1970 1071 2025 Si
1127 1972 1241 2027 hac
1289 1984 1375 2027 est
1413 1972 1664 2042 legitima
1722 1986 1912 2042 causa,

355 2053 578 2165 propter
602 2040 766 2111 quam
801 2057 907 2096 non
942 2052 1255 2111 compareat
1280 2043 1334 2096 in
1359 2041 1694 2096 editionibus
1719 2040 1919 2094 Catho-

377 2112 582 2165 ieorum
624 2112 871 2165 urbium.
924 2125 1026 2164 cur
1077 2112 1293 2165 exsulat
1343 2113 1419 2164 ab
1471 2112 1708 2165 editione
1761 2110 1914 2164 Basi-

377 2110 582 2167 icornm
622 2110 871 2174 urbium,
924 2125 1026 2164 cur
1077 2110 1293 2165 exsulat
1343 2113 1419 2164 ab
1471 2112 1708 2166 editione
1761 2110 1914 2164 Basi-

353 2183 525 2237 leensi
554 2183 683 2235 anni
711 2181 870 2243 1562,
899 2182 1149 2234 undecim
1177 2183 1337 2236 armis
1358 2181 1428 2233 ab
1454 2181 1691 2234 editione
1722 2179 1914 2235 Morel-

352 2252 501 2305 liana
540 2251 853 2320 publicata!
888 2250 1334 2320 Nam_exsulare,
1389 2250 1552 2304 fidem
1604 2250 1736 2303 mihi
1789 2250 1915 2303 facit

352 2317 604 2390 Epitome
633 2320 981 2390 Bibliotheca:
1009 2317 1380 2390 Gesnerianae.
1426 2336 1550 2388 qua:
1594 2320 1913 2389 Gatalogum

356 2389 489 2444 texit
517 2391 762 2444 omnium
793 2389 940 2443 illius
978 2389 1233 2444 editionis
1267 2405 1493 2459 operum
1547 2399 1601 2443 et
1627 2391 1917 2457 Opuseulo-

357 2476 501 2524 rum,
534 2475 635 2514 nec
663 2468 846 2514 tamen
896 2459 1040 2511 inter
1092 2459 1181 2512 illa
1236 2458 1354 2513 huic
1404 2458 1634 2528 epistola
1682 2473 1915 2526 nsquam

355 2530 573 2584 visitur.
609 2530 745 2594 Quae
773 2543 963 2591 causa,
995 2543 1095 2580 cur
1134 2543 1318 2598 neque
1362 2528 1603 2582 haeretici
1660 2535 1917 2598 typogra-

397 2599 447 2651 lii
480 2610 532 2653 et
556 2598 862 2668 bibliopolae.
892 2599 1019 2650 huic
1041 2597 1283 2666 epistolze
1308 2597 1489 2668 locum
1554 2597 1695 2651 inter
1748 2610 1915 2665 opera

404 2669 585 2739 ysseni
618 2667 941 2733 tribuerint;
990 2681 1116 2739 nam
1154 2668 1353 2727 editam
1400 2667 1604 2739 fuisse,
1659 2667 1916 2739 ignorare

353 2736 465 2809 non
496 2744 809 2809 potuerunt,
841 2752 965 2791 cum
996 2736 1185 2809 eodem
1214 2751 1357 2809 anno
1391 2736 1529 2809 1562
1558 2751 1757 2809 excusa
1796 2737 1913 2809 fue-

353 2808 430 2861 rit
450 2804 671 2863 Basileae
700 2810 753 2861 in
780 2816 976 2875 quarta
1015 2804 1584 2876 ΔΜίιειιιξὶιιιιῈθιιειξιιιιι
1630 2804 1912 2876 Centuria.

426 2878 627 2932 Deinde
651 2894 758 2931 non
787 2873 977 2946 omnes
1008 2873 1276 2929 Pontiﬁcii
1316 2873 1436 2929 eam
1465 2874 1713 2946 Nysseno
1760 2874 1915 2946 abju—

355 2947 560 3000 dicant.
606 2946 739 3000 Nam
780 2945 1083 2998 Morellium
1135 2946 1370 3013 prinnnn
1426 2944 1915 3013 editorem_l'nisse

352 3016 724 3079 Pontilicium,
756 3016 942 3069 nullus
964 3011 1170 3067 dubito.
1215 3013 1320 3069 Sed
1352 3022 1406 3069 et
1429 3015 1684 3083 Aloysius
1710 3011 1913 3082 Lippo-

356 3103 552 3141 manus
581 3086 903 3140 Pontiﬁcius
967 3084 1087 3145 fuit,
1128 3093 1181 3137 et
1213 3093 1390 3136 tamen
1432 3083 1572 3137 hanc
1623 3083 1910 3151 epistolam

352 3168 504 3211 tonio
548 3156 791 3211 secundo
852 3153 925 3206 De
981 3151 1115 3205 Vitis
1180 3163 1503 3213 sanctorum,
1541 3153 1644 3207 stili
1694 3152 1914 3205 nomine

352 3225 607 3296 Nysseni,
637 3224 889 3296 intexuit,
924 3223 984 3296 si
1019 3232 1073 3274 ιιι
1118 3238 1245 3296 vera
1305 3222 1525 3296 Stttjliis.
1555 3220 1722 3296 _Fuit_
1747 3221 1911 3296 etiam

352 3290 766 3349 iliustrissimns
792 3293 1075 3345 Annalium
1113 3294 1348 3361 scriptor
1373 3292 1660 3353 Baronins,
1690 3290 1914 3361 Pontili-

352 3366 495 3427 i-ius,
536 3373 589 3419 et
620 3365 837 3432 quidem
862 3378 1024 3431 quam
1058 3360 1323 3427 maxime;
1356 3370 1681 3432 tamen_n0n
1728 3360 1913 3432 dillite-

350 3442 444 3487 tur
482 3428 674 3487 Annali
702 3428 920 3503 quarto,
956 3433 1096 3503 hanc
1121 3432 1415 3503 epistolam
1432 3446 1497 3485 ex
1526 3429 1752 3503 Nysseni
1790 3428 1913 3503 oili-

349 3506 475 3557 cina
512 3504 682 3558 fuisse
704 3498 1022 3571 profectam.
1046 3498 1253 3566 Qnilit,
1276 3501 1419 3571 quod
1446 3515 1552 3554 non
1567 3498 1911 3571 obstantibus

355 3575 549 3626 horum
581 3569 831 3643 judiciis,
859 3573 1130 3643 hactenus
1151 3572 1379 3638 epistola
1409 3570 1524 3643 haac
1550 3573 1725 3643 locum
1771 3569 1913 3622 inter

352 3638 597 3697 exteras
612 3643 845 3713 Nysseni
865 3640 1272 3713 lucubrationes
1298 3656 1405 3692 non
1440 3638 1682 3713 invenit?
1704 3641 1782 3713 an
1804 3652 1911 3713 non

350 3714 458 3767 hoc
489 3708 811 3781 argumento
857 3720 938 3764 est
975 3711 1268 3778 plurimum
1318 3724 1484 3781 super
1518 3710 1619 3762 hac
1642 3777 1652 3781 Α
1679 3708 1911 3781 epistola

351 3776 576 3835 sensum
599 3796 726 3834 vero
758 3776 1065 3850 propiorem
1094 3795 1248 3850 esse;
1289 3789 1343 3831 et
1374 3776 1831 3850 hineaecidisse,
1852 3785 1911 3829 ut

350 3853 420 3903 ad
451 3852 593 3904 hune
627 3848 800 3920 usque
824 3853 964 3905 diem
1005 3866 1038 3920 ιι
1090 3849 1316 3916 reliquis
1358 3848 1616 3920 operibus
1661 3855 1911 3912 sejuneta

352 3923 548 3985 fuerit;
610 3917 859 3989 quamvis
889 3919 1045 3989 pauci
1104 3934 1167 3971 ex
1200 3917 1624 3989 orthodoxorum
1660 3930 1909 3989 numero,

348 4007 544 4044 omnes
572 3987 699 4044 vero
736 4006 799 4043 ex
830 3987 1186 4045 sectariormn
1234 4002 1393 4055 grege
1420 3988 1545 4039 odio
1600 3987 1913 4055 peregrina-

356 4062 586 4120 tionum,
618 4075 737 4113 eam
758 4058 1003 4129 Nysseuo
1026 4056 1362 4129 adjndicent.
1583 4125 1594 4129 _
1688 4088 1696 4094 -

424 4130 580 4195 Quod
603 4131 669 4183 ad
696 4123 1039 4197 interpretem
1080 4123 1291 4187 attinet,
1314 4141 1488 4194 neque
1514 4125 1725 4195 primus
1738 4123 1913 4178 editor

356 4198 650 4262 Morellius,
687 4196 861 4262 neque
897 4199 1138 4267 lllyricus
1173 4198 1226 4249 in
1260 4198 1518 4267 Catalogo
1547 4204 1605 4267 et
1631 4196 1684 4248 iii
1721 4206 1911 4267 quarta

353 4269 657 4331 Centuria,
726 4264 970 4320 iudicare
1039 4267 1210 4335 potuit
1263 4266 1537 4335 quodnam
1597 4264 1911 4335 interpretis

352 4338 502 4391 illius
529 4352 722 4389 nomen
761 4345 925 4395 esset,
958 4332 1130 4403 neque
1156 4344 1210 4387 tu
1242 4332 1414 4404 potes.
1447 4334 1629 4386 Dices:
1662 4332 1912 4404 Nonesse

352 4406 638 4459 admodum
669 4407 880 4473 [irinum
904 4403 1285 4473 arguritentum,
1310 4415 1668 4473 sumptiones:
1698 4403 1910 4470 ecquod

352 4480 609 4543 interpres
663 4472 730 4527 sit
781 4472 1009 4541 ignotus.
1048 4473 1338 4525 Multarum
1385 4476 1523 4526 enim
1571 4472 1911 4524 [lautitiarum

354 4546 414 4599 S.
482 4546 839 4614 (J/irysostomi
924 4546 1223 4611 interpretes
1294 4559 1405 4595 esse
1469 4545 1741 4614 incertos,
1820 4558 1911 4595 nec

355 4629 527 4669 tamen
565 4611 627 4666 ub
651 4616 986 4679 interpretum
1011 4614 1423 4665 incertitudinem
1444 4612 1677 4664 dubitari
1710 4611 1774 4665 de
1796 4628 1913 4665 cer-

356 4688 580 4737 titttdine
616 4695 666 4737 et
709 4686 1059 4753 germanitate
1132 4684 1484 4735 liomiliurum.
1564 4682 1909 4751 Respondet),

357 4763 415 4808 ut
443 4757 543 4807 hoc
569 4757 639 4807 ita
671 4757 777 4807 sit:
834 4763 1075 4806 attamen
1105 4754 1308 4819 aliquid
1365 4754 1551 4805 saltem
1604 4753 1908 4821 argumenti

351 4826 424 4877 ab
448 4827 746 4890 interprete
779 4826 959 4891 ignoto
983 4824 1237 4875 ducitur:
1275 4824 1572 4890 praesertim
1626 4820 1748 4873 cum
1798 4820 1913 4874 fere

353 4895 422 4948 de
448 4896 700 4947 omnibus
726 4894 848 4945 aliis
890 4891 1117 4961 NysSI-ui
1165 4894 1421 4961 operibus
1458 4892 1685 4959 liqueat,
1708 4907 1737 4942 a
1784 4894 1910 4961 qui-

357 4964 456 5017 bus
484 4962 774 5015 Latinitate
800 4958 997 5015 donata
1039 4958 1257 5015 fuerint.
1291 4958 1353 5011 Et
1381 4962 1425 5013 si
1457 4958 1578 5029 quae
1622 4976 1760 5013 nova
1802 4958 1911 5014 non

354 5033 427 5084 ita
454 5034 660 5101 pridem
687 5033 960 5090 exierunt,
991 5031 1190 5101 quibus
1221 5031 1427 5101 nullum
1459 5032 1767 5101 interpretis
1813 5048 1912 5083 no-

357 5096 477 5155 men
532 5102 853 5170 ascriptum,
898 5108 955 5151 ιιι
1001 5096 1108 5170 est
1138 5099 1353 5170 libellus
1391 5099 1455 5153 de
1500 5096 1676 5170 Fato,
1732 5106 1911 5153 oratio

352 5182 537 5223 contra
586 5168 983 5231 Fwiieratores,
1040 5168 1383 5237 mihitamen
1414 5169 1753 5237 esploratum
1803 5177 1910 5229 est,

353 5242 478 5307 quis
500 5249 793 5309 utrumque
820 5239 1141 5307 opusculum
1173 5236 1364 5291 Latine
1398 5236 1637 5309 verterit.
1671 5237 1809 5290 Num
1855 5249 1910 5290 tu

355 5312 519 5374 nosti,
569 5307 783 5379 quts‘sit
820 5316 1022 5379 auctor»
1062 5310 1332 5379 tierstoiiis
1392 5307 1618 5379 Latium,
1677 5323 1798 5378 qua:
1854 5312 1911 5362 iit

353 5395 546 5447 quarta
587 5376 835 5431 centuria
871 5376 1285 5447 Magdeburgiea
1313 5377 1561 5430 exsistit?

424 5448 665 5503 Tettium
700 5447 1011 5501 Bellarinini
1038 5446 1443 5514 argumentum,
1491 5446 1634 5515 quod
1669 5447 1781 5499 huic
1805 5447 1915 5515 epi-

353 5520 488 5571 stola
521 5519 834 5570 fortcetiam
862 5518 1047 5570 Grzece
1084 5533 1189 5568 non
1218 5517 1507 5568 invenitur.
1546 5515 1660 5569 Non
1683 5516 1913 5569 allirmat

353 5588 691 5654 snnpliciter,
716 5602 823 5639 non
848 5586 1107 5647 inveniri,
1132 5585 1224 5637 sed
1256 5587 1330 5637 ait
1352 5604 1363 5637 :
1385 5586 1539 5651 forte,
1568 5586 1691 5654 quia
1720 5586 1916 5638 Bellar-

355 5659 532 5709 ininus
560 5658 852 5708 editionem
894 5654 1263 5707 Morellianam
1325 5671 1429 5707 non
1490 5656 1733 5709 viderat:
1807 5672 1908 5709 nec

351 5725 549 5795 injuria
576 5726 843 5793 suSpieari
873 5726 996 5793 quis
1027 5732 1229 5793 posset,
1270 5724 1441 5792 ipsam
1496 5741 1712 5795 quoque
1761 5723 1909 5779 Grat-

631 5824 899 5882 ΡΔτιιοι.
945 5821 1059 5877 (in.
1092 5819 1305 5878 XLVI.

1681 320 2042 381 VARIORUM
2101 323 2331 380 ΝΟΤᾸΞ.

3449 331 3587 387 i935

2027 455 2145 493 eam
2184 439 2635 507 compositionem
2670 456 2792 495 esse
2821 455 2852 493 a
2890 438 3195 495 recentiore,
3235 440 3410 504 fabro,
3462 460 3586 497 eum

2026 511 2195 581 viain
2231 511 2580 563 Bibliotheeis
2620 512 2947 581 reperiatur.
2998 512 3052 563 lu
3082 511 3398 579 Augnsuma
3441 522 3589 567 certe

2024 589 2077 633 et
2102 579 2383 639 Bavarica.
2412 597 2533 649 qna-
2559 579 2814 650 pleraque
2840 579 3071 650 Nysseni
3092 596 3254 647 opera
3281 582 3585 643 continent,

2027 665 2132 705 non
2159 660 2478 718 comparet:
2516 660 2575 704 ut
2612 666 2710 703 nec
2755 652 2807 704 in
2873 652 3102 702 aliarum
3126 650 3584 705 Bibliotheearum

2026 720 2313 788 indicibus,
2343 736 2481 788 quos
2506 720 2573 773 ad
2602 721 2806 773 calcem
2834 721 2917 774 sui
2950 720 3255 787 Apparatus
3279 720 3479 787 adjecit
3521 721 3583 776 P.

2024 787 2397 844 Posserinus:
2440 806 2564 843 nam
2599 792 2742 857 quod
2776 788 3131 844 Calviniamts
3174 789 3274 842 iste
3318 791 3417 845 ait.
3463 805 3584 845 eam

2027 860 2252 930 reperiri
2277 858 2503 930 l’arisiis
2539 860 2592 912 in
2628 859 2793 930 Regia
2830 858 3176 930 bibliotheca,
3205 859 3390 930 nch
3407 861 3584 930 ﬁnem,

2024 914 2114 981 ιεὶι
2171 928 2341 982 medio
2367 930 2580 998 corpori
2612 914 2890 990 insertam,
2935 929 2987 982 id
3043 914 3176 981 non,
3204 914 3327 983 idco
3382 914 3585 984 ένίιιειί

2023 1012 2142 1068 eam
2164 1014 2286 1068 esse
2310 998 2555 1068 Gregorii
2584 998 2843 1066 Nysseui:
2878 1013 3000 1068 nam
3026 998 3187 1068 etdiu
3210 999 3404 1052 codire
3451 1016 3585 1068 quo.

2024 1067 2147 1119 dam
2188 1066 2473 1128 Bavarieo.
2509 1070 2695 1136 inquo
2748 1067 3030 1137 complura
3084 1066 3313 1137 Nysseni
3369 1066 3581 1131 insunt,

2023 1146 2206 1208 exstat
2234 1141 2413 1191 oratio
2442 1153 2537 1193 seu
2594 1139 2813 1192 hemilia
2843 1138 2909 1192 de
2956 1136 3374 1198 Melchisedech,
3419 1154 3582 1208 quam

2023 1208 2115 1274 qui
2152 1206 2378 1276 Nysseni
2401 1224 2523 1264 esse
2551 1209 2858 1278 pertendat,
2884 1207 2929 1262 is
2951 1208 3150 1276 dignus
3200 1215 3284 1260 est
3327 1206 3585 1278 qui'hir-

2022 1291 2118 1328 cos
2164 1277 2419 1398 Illitlﬁcal,
2479 1276 2710 1332 Molineo
2766 1279 3009 1331 cribrmn
3057 1286 3414 1345 supponente.
3474 1276 3587 1332 Nec

2024 1344 2229 1398 iudicat
2311 1350 2540 1398 olinens-
2581 1358 2760 1398 nti-nm
2798 1346 2997 1398 Regius
3025 1346 3111 1398 ille
3140 1350 3307 1398 eiulex
3343 1355 3581 1398 tantum-

2024 1344 2229 1416 indieat
2252 1344 2540 1416 Molineus.
2581 1358 2760 1401 utrum
2798 1346 2997 1416 Regius
3025 1346 3111 1399 ille
3130 1344 3307 1400 codex
3343 1355 3581 1400 tantum-

2023 1415 2197 1485 modo
2221 1415 2449 1485 Nysseni
2482 1419 2758 1472 orationes
2781 1415 3197 1485 coiitineat;-an
3222 1417 3365 1470 hanc
3407 1416 3582 1470 solam

2022 1485 2126 1555 sub
2160 1484 2382 1554 Nysseni
2406 1490 2625 1542 nomine
2645 1527 2666 1550 η
2692 1504 2759 1541 an
2785 1488 2969 1555 plures
2994 1484 3266 1555 alias.Nec
3296 1488 3409 1555 ipse
3424 1487 3581 1548 vidit,

2022 1554 2118 1608 sed
2149 1570 2212 1608 ex
2246 1558 2469 1612 alterius
2493 1559 2755 1612 relatione
2776 1554 2830 1609 id
2864 1556 3050 1609 refert.
3088 1554 3221 1621 Quis
3261 1554 3367 1609 non
3418 1558 3585 1610 mire-

2022 1631 2112 1677 tur
2142 1622 2359 1697 Μιιιίιιεί
2408 1628 2703 1697 ignaviam,
2750 1627 2849 1697 qui
2897 1641 3091 1697 novam
3126 1625 3292 1693 hujus
3335 1625 3587 1697 epistolae

2022 1695 2463 1758 translationem}
2484 1699 2538 1749 in
2559 1712 2677 1750 eam
2701 1695 2915 1752 scholia
2935 1696 3224 1755 meditans,
3258 1710 3362 1748 non
3389 1695 3587 1749 adierit

2022 1764 2407 1836 bibliothecam
2430 1766 2676 1836 Regiam,
2706 1782 2831 1819 cum
2860 1764 3088 1836 Parisiis
3117 1766 3296 1836 degat.
3323 1764 3583 1817 facillimo

2018 1834 2196 1903 aditu,
2234 1833 2872 1890 benelicio'Casanhoni
2928 1833 3348 1895 bibliothecarii,
3418 1850 3581 1903 quem

2024 1902 2113 1957 hic
2134 1904 2433 1975 magniﬁce
2469 1906 2833 1975 depraedieat;
2868 1905 3053 1975 forsan
3073 1913 3137 1975 et
3166 1904 3236 1956 ob
3287 1902 3584 1975 hanccan-

2022 1986 2161 2044 sam,
2187 1972 2330 2044 quod
2363 1977 2434 2031 sit
2468 1972 2553 2029 de‘
2572 1989 2733 2044 grege
2762 1973 3002 2027 Molinei.
3047 1972 3117 2044 At
3144 1974 3364 2044 epistota
3389 1972 3583 2044 faterin

2020 2041 2192 2095 medio
2221 2043 2434 2099 Codice.
2466 2041 2609 2111 Quid
2647 2041 2804 2097 tum?
2843 2045 2927 2097 An
2981 2041 3159 2097 medio
3217 2042 3405 2096 Codici
3448 2042 3581 2096 nihil

2023 2114 2270 2184 Spurium
2293 2114 2470 2184 inseri
2506 2114 2732 2184 potest?

2095 2179 2257 2250 Urget
2286 2179 2550 2239 Molineiis
2583 2184 2749 2238 etiam
2785 2182 2982 2251 stylum
3021 2197 3138 2235 cum
3167 2180 3403 2249 Gregorii
3442 2181 3582 2251 style

2019 2254 2344 2305 examussim
2370 2256 2750 2308 concinentem.
2784 2252 2903 2318 Qua
2929 2252 2996 2307 de
3022 2267 3186 2305 causa
3211 2252 3234 2303 ?
3265 2252 3401 2317 Quia
3430 2251 3584 2306 vide-

2024 2330 2110 2373 tur
2134 2322 2451 2392 dissuadere
2479 2323 2969 2392 peregrinationem
3007 2320 3582 2391 llierosolymilauam,

2019 2399 2073 2443 et
2100 2391 2205 2443 alia
2237 2391 2496 2445 nonnulla
2524 2410 2537 2451 :
2574 2394 2689 2446 haec
2717 2392 2977 2445 nimirum
3004 2393 3142 2444 tanti
3173 2400 3495 2451 concentus,
3527 2398 3583 2445 et

2021 2468 2185 2529 tautae
2215 2464 2606 2516 convenientia
2651 2462 2790 2514 ratio
2833 2470 2919 2515 est
2959 2475 3024 2515 ac
3053 2460 3227 2529 origo.
3267 2460 3322 2513 Si
3352 2459 3581 2529 epistola

2022 2528 2135 2600 haze
2172 2532 2629 2600 peregrinationes
2670 2538 2779 2583 tam
2810 2540 3007 2600 aperte
3052 2528 3470 2600 comprobaret,
3521 2536 3584 2582 ut

2020 2597 2583 2671 nullatergiversandi
2614 2611 2667 2653 et
2695 2597 2945 2671 eludendi
2971 2597 3474 2671 occasiogseetariis
3504 2614 3585 2652 re-

2020 2668 2378 2739 linqueretur,
2398 2671 2511 2739 jam
2544 2671 2719 2739 stylus
2739 2677 2886 2723 esset
2911 2670 3015 2739 hoc
3042 2669 3583 2739 ipsodissimillimus

2020 2735 2380 2808 Gregoriano;
2401 2735 2585 2808 itaque
2599 2735 2908 2808 quidquam
2931 2735 3181 2808 Gregorii
3198 2738 3403 2808 oleret.
3419 2736 3583 2808 Nunc

2018 2813 2170 2861 totus
2206 2819 2291 2861 est
2313 2806 2705 2876 Gregoi'ianus,
2738 2806 2864 2875 quia
2897 2806 3109 2861 videtur
3136 2806 3343 2874 aliquid
3376 2807 3578 2869 dicere,

2021 2878 2164 2945 quod
2201 2877 2287 2930 isti
2320 2892 2350 2929 a
2384 2876 2648 2942 Gregorio
2689 2877 2894 2930 dictum
2954 2876 3327 2944 si-riptumque
3381 2890 3582 2945 percu-

2020 2947 2197 3015 piunt.
2229 2946 2400 3015 Aptus
2424 2958 2571 3001 certe
2602 2947 2850 3000 minister
2875 2946 2978 2999 iste
3003 2945 3361 3015 Calvinianus
3386 2958 3583 3015 censor

2019 3012 2103 3069 est
2128 3017 2250 3085 styli
2274 3012 2622 3085 Gregoriani:
2648 3017 2739 3085 qui
2763 3024 2959 3085 praeter
2984 3013 3426 3085 hanciepistolain
3450 3012 3584 3085 Gre-

2018 3083 2522 3155 gorio—ascriptam,
2558 3083 2859 3155 non‘unilta
2885 3083 3133 3155 Gregorii
3162 3083 3348 3137 Graece
3382 3083 3583 3152 legisse

2021 3155 2253 3234 videtur,
2275 3154 2398 3208 cum
2435 3170 2605 3234 pauca
2632 3154 2821 3210 Graece
2847 3163 3086 3234 esslent,
3118 3154 3234 3234 ipse
3257 3159 3438 3232 autem
3466 3168 3584 3206 ma-

2020 3222 2701 3292 nuscriptorum‘codicum
2721 3233 2828 3277 tam
2853 3224 3088 3293 diligens
3110 3222 3181 3277 sit
3202 3222 3579 3293 investigator.

2021 3302 2079 3363 ut
2109 3309 2176 3346 ne
2205 3295 2433 3361 Regium
2461 3296 2682 3363 qutdem
2701 3293 2943 3347 codicem
2964 3292 3067 3363 pro
3084 3293 3185 3346 hac
3217 3306 3317 3346 sua
3349 3292 3581 3361 epistola

2019 3362 2319 3432 inspexerit
2343 3406 2358 3427 ,
2404 3362 2513 3433 quo
2541 3366 2849 3434 exploraret
2877 3402 2893 3424 ,
2938 3362 3068 3417 num
3098 3362 3297 3434 veteris
3324 3375 3392 3434 an
3412 3376 3583 3434 novae

2020 3447 2225 3504 manus
2250 3431 2519 3504 scriptura
2550 3431 2725 3499 esset;
2756 3440 2809 3504 et
2850 3448 2981 3486 num
3024 3446 3114 3487 res
3145 3447 3205 3486 se
3228 3432 3298 3484 ita
3336 3431 3579 3494 haberet,

2020 3509 2076 3554 ut
2108 3518 2173 3555 ex
2205 3503 2628 3559 Bibliotheeario
2662 3503 3028 3556 intellexerat.
3580 3526 3583 3527 ν

2090 3568 2258 3641 Urget
2305 3575 2532 3654 insuper
2557 3574 2813 3654 doctrina:
2841 3571 3262 3654 sintitimdiﬁent.
3313 3568 3413 3625 Ubi
3452 3584 3582 3623 vero

2019 3639 2258 3713 unquam
2291 3644 2408 3698 suis
2437 3639 2494 3697 in
2528 3644 2790 3713 operibus
2820 3642 3094 3710 prohibuit
3122 3639 3412 3713 Nyssenus
3434 3654 3584 3713 pere-

2017 3710 2376 3779 grinationes,
2411 3723 2468 3766 ut
2498 3710 2607 3765 tai‘n
2640 3712 2902 3765 audacter
2924 3725 3175 3766 asserere
3201 3710 3381 3779 possis
3402 3711 3457 3763 in
3483 3712 3584 3762 hac

2016 3778 2268 3848 epistola.
2305 3791 2488 3838 vestro
2517 3796 2685 3836 sensu
2720 3790 2773 3836 et
2819 3782 3097 3836 intellectu
3129 3778 3372 3848 accepta,
3403 3778 3585 3833 inesse

2017 3857 2223 3918 tantam
2242 3850 2505 3906 doctrina:
2522 3850 2934 3905 similitudinem
2957 3865 3079 3904 eum
3099 3849 3325 3918 reliquis
3340 3848 3583 3915 ejusdem

2016 3916 2243 3989 Nysseni
2266 3921 2550 3991 operibus?
2567 3919 2801 3991 Tant-im
2825 3922 2999 3982 abest,
3023 3929 3082 3991 ut
3100 3920 3152 3972 in
3178 3916 3300 3991 aliis
3319 3919 3436 3972 suis
3464 3932 3584 3971 mo-

2017 3988 2544 4051 numentis'doceat,
2578 3990 2827 4042 illicitum
2856 4004 2981 4043 esse
3022 3988 3450 4057 Hierosolymam
3476 4000 3582 4057 pe-

2022 4059 2317 4127 regrinari,
2338 4069 2397 4113 ut
2419 4076 2485 4114 ne
2506 4060 2559 4113 in
2581 4061 2682 4114 ista
2705 4059 2924 4128 quidem
2949 4058 3182 4127 epistola
3206 4055 3310 4112 hoc
3324 4055 3586 4128 simplici-

2018 4124 2366 4191 ter'aliirmet,
2392 4139 2449 4183 ut
2474 4130 2695 4197 copiose
2723 4124 3006 4182 ostensum
3038 4128 3090 4180 in
3127 4142 3293 4196 opere
3321 4124 3396 4180 De
3426 4140 3587 4194 pere-

2014 4198 2437 4267 grinaliouibus.

2103 4268 2173 4319 At
2201 4267 2479 4337 Gregorius
2509 4267 2740 4337 meminit
2768 4267 2925 4337 etiam
2956 4267 3009 4318 in
3032 4265 3255 4337 epistola
3293 4265 3364 4337 ad
3400 4263 3585 4337 Olynt-

2016 4340 2161 4409 pium
2195 4335 2535 4406 profectionis
2558 4352 2674 4409 suo!
2706 4336 2758 4388 in
2782 4341 2821 4388 Α
2834 4336 3059 4394 rabiam,
3086 4336 3236 4409 cujus
3255 4345 3313 4409 Aet
3347 4336 3451 4387 ista
3474 4335 3584 4409 epi-

2018 4406 2159 4463 stola
2197 4409 2505 4461 mentionem
2542 4407 2692 4475 facit.
2739 4409 2906 4470 Quasi
2956 4421 3083 4457 vero
3116 4406 3449 4458 architectus
3485 4406 3583 4456 hu-

2000 4474 2108 4548 jus
2140 4480 2384 4547 epistola:
2432 4474 2547 4530 non
2574 4478 2815 4548 potuerit
2860 4475 3058 4548 alienis
3100 4476 3301 4543 plumis
3344 4489 3465 4548 sese
3496 4489 3584 4548 or-

2020 4542 2257 4603 narefet
2293 4548 2437 4617 quod
2476 4548 2543 4600 de
2576 4542 2640 4617 se
2669 4546 2968 4617 scripserat
2992 4542 3268 4617 Nyssenus
3289 4582 3302 4603 .
3348 4545 3451 4617 sibi
3485 4544 3583 4595 tri-

2021 4621 2205 4672 buere.
2241 4613 2375 4671 Num
2418 4618 2569 4672 solus
2597 4613 2878 4684 ,Nyssenus
2913 4615 2967 4667 in
3010 4613 3267 4666 Arabiam
3306 4614 3583 4684 profectus

2017 4688 2143 4742 est?
2179 4685 2526 4755 Evangeliqu
2565 4683 2844 4737 Nicodemi
2893 4700 3018 4755 non
3052 4690 3262 4755 tantum
3314 4683 3582 4755 meminit,

2018 4758 2112 4813 sed
2159 4767 2215 4809 et
2255 4751 2518 4810 describit
2549 4755 2860 4822 passionem
2891 4753 3119 4807 Christi.
3158 4752 3294 4805 Num
3325 4751 3455 4822 ideo
3476 4768 3583 4822 non

2019 4836 2103 4881 est
2139 4820 2718 4895 psendepigraphum?
2760 4822 2948 4891 Neque
2981 4822 3344 4895 Bellarminns
3381 4820 3459 4895 vel
3491 4820 3584 4895 alii

2019 4892 2287 4964 objiciunt
2331 4892 2472 4948 hanc
2510 4892 2798 4963 epistolam
2852 4909 2961 4945 non
2999 4893 3223 4961 reperiri
3262 4892 3314 4942 in
3351 4892 3587 5011 vulgatis

2019 4967 2329 5011 emlieilms:
2360 4965 2453 5011 sed
2488 4965 2661 5011 aiunt.
2696 4978 2801 5011 non
2831 4971 3049 5011 exstare
3082 4965 3220 5011 inter
3242 4974 3406 5011 onera
3495 4974 3585 5011 vs-

2017 4967 2329 5019 codicibns:
2360 4965 2453 5019 sed
2488 4965 2661 5025 aiunt,
2696 4978 2801 5014 non
2831 4971 3049 5016 exstare
3082 4965 3220 5013 inter
3242 4974 3406 5027 opera
3445 4965 3585 5027 Nys-

2019 5036 2135 5091 seni
2182 5050 2349 5089 unum
2394 5035 2448 5088 in
2489 5035 2737 5086 volumen
2774 5043 3062 5099 congesta:
3112 5045 3236 5082 nam
3274 5026 3316 5081 si
3354 5026 3584 5098 Nysseni

2015 5116 2120 5167 est,
2139 5121 2239 5159 cur
2264 5118 2372 5158 non
2399 5119 2522 5156 eum
2548 5102 2763 5155 caneris
2785 5104 3099 5169 copulatur,
3122 5109 3246 5168 post
3279 5107 3357 5151 tot
3390 5114 3584 5169 annos,

2090 5185 2141 5229 st
2186 5188 2350 5243 opera
2382 5172 2612 5244 Nysseni
2650 5172 2810 5224 toties
2843 5166 3007 5244 simul
3040 5166 3242 5244 excusa
3272 5176 3325 5221 et
3357 5166 3589 5244 recusa?

2038 5245 2151 5298 llud
2199 5238 2327 5298 item
2380 5238 2610 5295 mirum:
2665 5257 2775 5292 non
2826 5240 3051 5310 reperiri
3096 5240 3147 5291 in
3198 5238 3589 5310 manuscriplis

2018 5315 2302 5368 codicibus
2348 5311 2551 5365 Graecis
2591 5308 3091 5364 illustrissiinarnm
3136 5320 3185 5360 et
3220 5308 3589 5359 instrui-tissi-

2020 5399 2230 5437 marum
2264 5382 2766 5435 Bibliothecarinn:
2804 5395 2929 5431 cum
2969 5380 3071 5430 alia
3112 5378 3234 5443 ejus
3266 5393 3432 5444 opera
3482 5391 3590 5429 non

2020 5454 2131 5506 sint
2158 5468 2330 5521 usque
2359 5452 2495 5504 adeo
2526 5452 2577 5502 in
2608 5448 2961 5519 Bibliothecis
2989 5446 3380 5521 infrequentia.

2076 5524 2198 5576 'Sed
2233 5517 2347 5574 ais:
2393 5522 2523 5572 Ante
2564 5529 2712 5586 typos
2738 5517 2974 5570 inventos
3008 5518 3165 5586 facile
3202 5517 3366 5581 fuisse
3406 5528 3593 5586 tuonu-

2020 5596 2128 5649 chis
2157 5582 2635 5655 manuscriptorum
2663 5582 3141 5654 “(aedilium-qum
3172 5586 3325 5639 libuit
3355 5582 3590 5655 eradere.

2020 5664 2248 5719 tionfers
2284 5654 2448 5727 igitur
2474 5661 2641 5723 hujus
2671 5660 2914 5710 raritatis
2947 5660 3163 5725 culpam
3189 5658 3242 5727 in
3275 5654 3591 5727 monachos,

2023 5736 2116 5806 qui
2150 5719 2765 5800 expunxerint.'l‘arum
2794 5719 3160 5791 considerate.
3188 5723 3320 5776 Nam
3355 5723 3408 5774 in
3442 5719 3592 5773 codi-

3165 5816 3242 5873 39
