4092 6378
446 362 582 420 1235

440 546 534 616 qui
575 544 768 600 ferreis
804 543 914 599 non
946 546 1121 616 rigeat
1147 543 1501 616 praecordiis,
1536 545 1788 613 ingentes
1823 545 2018 598 stimu-

442 614 526 670 los
571 616 638 669 ad
682 616 806 668 vitae
857 614 1332 678 emendationem,
1373 614 1729 684 divinumque
1773 627 2014 667 amorem

444 689 548 740 sub
571 693 792 754 pectore
819 690 1057 748 vertere,
1091 700 1190 752 per
1218 699 1278 740 se
1292 690 1509 754 gnatum
1530 691 1638 749 est,
1669 691 1722 754 et
1743 689 2016 737 testantur

441 755 538 823 qui
571 751 690 807 'boc
736 755 917 823 ipsum
967 751 1222 823 experti,
1276 751 1344 806 tie
1401 753 1605 822 quibus
1657 753 1797 823 libro
1840 754 2017 821 primo

489 839 520 878 e
553 821 1106 892 peregrinationibus.
1140 822 1373 892 Pulchre
1400 821 1504 879 hac
1540 823 1659 892 ipsa
1693 821 1762 892 dc
1798 836 1855 874 re
1895 823 2017 890 pius

443 891 635 946 ille’et
677 891 932 946 eruditus
973 893 1211 961 scriptor
1251 891 1572 960 Ludolphus
1611 892 1681 946 de
1731 891 2012 961 Sasonia:

441 962 524 1015 Ad
563 971 756 1030 terram
782 971 1044 1024 sanctam,
1071 960 1226 1030 quam
1256 963 1509 1016 uniuersa:
1534 961 1736 1016 Christi
1767 960 2016 1030 Ecclesia:

443 1041 590 1085 nocte
611 1029 794 1100 dieque
837 1033 1042 1086 sociare
1072 1029 1178 1086 non
1210 1031 1455 1086 desinunt
1480 1069 1494 1093 ,
1546 1047 1704 1098 quam
1734 1030 1896 1084 bonus
1927 1029 2018 1082 ille

440 1101 594 1154 Jesus
616 1099 980 1161 inhabitando,
1003 1109 1052 1154 et
1072 1102 1241 1163 verba,
1273 1102 1348 1154 vel
1371 1102 1612 1154 doctrina
1632 1100 2011 1162 illuminanda,

444 1171 803 1240 illuminatam
841 1187 936 1224 suo
979 1172 1345 1224 sacratissimo
1369 1172 1623 1240 sanguine
1662 1171 2015 1230 consecravit,

443 1239 750 1294 delectabile
783 1250 859 1292 est
890 1244 1162 1306 aspirare:
1195 1241 1283 1294 sed
1313 1239 1674 1295 delect’abilius
1704 1257 1820 1294 eam
1849 1239 2015 1292 oculis

442 1310 673 1377 corporis
692 1310 883 1363 intueri
908 1320 955 1362 et
979 1311 1165 1364 mentis
1186 1310 1453 1364 intellectu
1469 1312 1740 1375 revolvere,
1757 1308 2015 1377 quomodo

441 1382 497 1433 in
545 1379 672 1432 locis
732 1379 954 1448 singulis
1004 1381 1058 1432 in
1107 1397 1170 1434 ea
1210 1389 1445 1434 nostram
1502 1382 1724 1434 salutem
1759 1379 2016 1432 Dominus

443 1459 686 1518 operatus
716 1450 805 1502 sit.
836 1449 967 1514 Quis
1000 1450 1137 1502 enim
1168 1466 1417 1503 enarrare
1448 1451 1655 1518 sufﬁcit,
1684 1449 1820 1519 quod
1848 1450 2018 1503 devoti

441 1520 798 1573 discurrentes
839 1534 930 1587 per
957 1519 1071 1571 loca
1114 1519 1320 1588 singula
1345 1559 1358 1580 ,
1402 1522 1456 1571 in
1499 1518 1704 1587 spiritu
1737 1518 2021 1572 vehementi

443 1588 751 1658 osculantur
785 1597 978 1641 terram
1005 1631 1018 1652 ,
1061 1589 1446 1656 amplectuntur
1499 1591 1614 1641 loca
1649 1631 1664 1654 ,
1720 1591 1773 1640 in
1829 1589 2016 1658 quibus

443 1659 653 1711 dulcem
699 1655 883 1711 Jcsum
924 1658 1000 1712 vel
1037 1655 1276 1718 stetisse,
1313 1663 1391 1712 rel
1423 1659 1649 1721 sedisse,
1691 1658 1767 1711 rel
1813 1655 2019 1726 aliquid

441 1728 612 1797 egisse
642 1727 964 1783 audierunt?
1003 1727 1159 1781 Nunc
1183 1728 1405 1781 tundunt
1435 1739 1631 1795 pectus,
1672 1744 1809 1781 nunc
1836 1729 2014 1796 ﬂetus,

443 1813 579 1850 nunc
615 1798 835 1867 gemitus
857 1837 870 1857 .
911 1814 1043 1850 nunc
1080 1800 1310 1866 suspiria
1342 1801 1632 1851 entittentes
1655 1841 1668 1862 ,
1709 1807 1855 1867 gestu
1903 1814 2019 1850 cor-

442 1868 585 1938 poris
607 1865 636 1938 ,ί
654 1878 700 1919 et
732 1865 1038 1938 deuotionis,
1065 1865 1220 1938 quam
1253 1870 1382 1935 foris
1413 1865 1724 1932 ostendunt,
1749 1875 1798 1920 et
1827 1867 2020 1936 absque

443 1935 604 1988 dubio
619 1936 763 2008 intus
791 1935 1001 2000 habent,
1028 1935 1085 2008 in
1109 1939 1372 2008 lacrymas
1396 1947 1701 2008 provocant,
1720 1935 2020 2008 plerumque

444 2005 978 2075 etiamVSarracenos.
1025 2007 1164 2072 Quid
1196 2007 1372 2061 dicam
1397 2005 1460 2062 de
1482 2007 1800 2075 patriarchis
1825 2006 2016 2069 Jacob,

443 2074 636 2143 Joseph
680 2084 729 2128 et
778 2076 1036 2147 fratribus
1071 2078 1222 2145 ejus?
1248 2079 1355 2146 qui.
1389 2074 1511 2147 quia
1534 2079 1631 2131 vivi
1664 2078 1714 2129 in
1746 2083 1886 2129 terra
1911 2092 2021 2128 esse

445 2161 548 2198 non
580 2153 862 2215 potuerunt
884 2185 899 2210 ,
930 2146 1194 2215 elegerunt
1234 2148 1288 2199 in
1328 2146 1407 2201 ea
1436 2148 1629 2200 mortui
1665 2147 2014 2212 sepulturam.

446 2215 586 2279 Quid
601 2215 798 2281 plura?
825 2214 1072 2269 Tarditas
1095 2217 1477 2285 ingemiscenda
1502 2227 1576 2269 est
1595 2215 2020 2269 Christianorum

445 2286 612 2338 nostri
646 2287 917 2352 temporis,
946 2287 1034 2352 qui
1055 2295 1131 2339 tot
1162 2287 1400 2352 exempla
1433 2286 1700 2346 habentes,
1734 2286 1877 2338 tardi
1899 2295 2020 2338 sunt

444 2353 506 2405 de
542 2353 782 2406 manibus
810 2355 1144 2425 inimicorum
1175 2371 1360 2425 eruere
1392 2365 1587 2408 terram
1629 2371 1787 2425 quam
1837 2371 2020 2409 conse-

446 2425 610 2493 crauit
631 2427 883 2493 sanguine
911 2441 1005 2479 suo
1035 2423 1192 2478 Jesus
1221 2423 1481 2478 Christus.

514 2491 806 2564 Movemur,
825 2495 998 2548 nescio
1019 2496 1296 2564 quomodo,
1323 2497 1495 2564 inquit
1524 2493 1666 2562 apud
1696 2493 2015 2548 Ciceronem

445 2562 842 2634 Atticus,locis
875 2562 1106 2634 ipsis,fin
1131 2565 1316 2632 quibus
1347 2562 1526 2617 eorum
1554 2581 1683 2634 quos
1723 2565 2016 2633 diligimus,

447 2639 538 2684 aut
566 2631 933 2696 admiramur,
967 2631 1160 2687 adsunt
1193 2634 1427 2702 vestigia.
1467 2634 1525 2687 Si
1564 2631 1674 2687 hoc
1728 2631 1916 2688 verum
1951 2634 2018 2687 de

446 2702 693 2771 vestigiis
718 2718 1172 2772 quorumcunque
1203 2717 1345 2772 quos
1373 2703 1655 2772 diligimus
1684 2711 1740 2758 et
1780 2705 2017 2772 suspici-

446 2786 598 2840 mus,
647 2781 854 2840 quanto
899 2774 1085 2827 verius
1127 2773 1235 2827 erit
1288 2773 1357 2826 de
1399 2773 1774 2828 monumentis
1813 2772 2016 2828 Christi

450 2839 1081 2927 Redemptoris-nostri"
1117 2858 1227 2924 quo
1257 2843 1533 2927 niludebet
1565 2857 1694 2927 esse
1707 2843 1872 2927 prius
1893 2845 2018 2927 ,unil

455 2911 776 2981 antiquius?
803 2911 891 2966 lle
936 2912 1166 2981 quidem.
1199 2913 1378 2981 inquit
1437 2913 1578 2966 idem
1632 2911 1844 2968 Atticus
1867 2953 1882 2977 ,
1911 2912 2020 2966 illa:

443 2980 812 3053 ipstenostrte
851 2980 1066 3038 Athena:
1113 2999 1214 3034 non
1267 2980 1380 3053 tam
1433 2981 1674 3053 operibus
1723 2983 2018 3053 magnificis

444 3051 819 3122 exquisitisque
868 3054 1203 3122 antiquorum
1255 3052 1460 3106 ortibus
1517 3051 1824 3122 delectant,
1861 3063 2017 3120 quam

444 3120 808 3175 recordatione
836 3120 1160 3175 summorum
1189 3122 1441 3183 virorum.
1477 3121 1565 3173 ubi
1594 3123 1708 3183 quis
1749 3122 2016 3183 habitare,

443 3189 534 3243 ubi
555 3192 751 3258 sedere,
775 3192 865 3245 ubi
885 3190 1154 3260 disputare
1171 3194 1239 3246 sit
1259 3191 1470 3255 solitus,
1490 3189 1822 3258 studioseque
1837 3207 2018 3245 eorum

445 3261 684 3328 sepulcra
701 3265 1040 3329 contemplor.
1068 3262 1126 3315 Si
1156 3263 1257 3315 hoc
1275 3262 1494 3315 Atticus
1514 3260 1746 3314 faciebat
1762 3260 2016 3324 Athenis,

445 3339 652 3400 quanto
682 3333 887 3386 rectius
920 3349 951 3385 a
983 3332 1302 3386 Christiano
1331 3332 1417 3385 liet
1451 3330 1841 3400 Ilierosolymae
1878 3338 1934 3382 et
1965 3331 2020 3382 in

447 3399 737 3455 Palaestina
768 3441 784 3463 ,
835 3416 1000 3470 quam
1051 3401 1339 3470 praesentia
1387 3415 1486 3455 sua
1533 3399 1786 3453 Salvator
1831 3410 2018 3470 noster

445 3484 696 3573 veraeqpc
725 3469 1008 3542 religionis
1036 3469 1310 3525 antistites
1340 3477 1742 3525 consecrarunt
1773 3483 1836 3523 ac
1863 3469 2018 3523 dedi-

445 3548 680 3593 carunt!

529 3607 850 3665 Guilielmus
890 3607 958 3662 de
999 3607 1284 3664 Baldensel
1340 3609 1392 3661 in
1451 3623 1554 3662 suo
1597 3608 1887 3662 ltinerario
1949 3607 2039 3661 ad

447 3686 652 3732 terram
694 3688 940 3733 sanctam
970 3696 985 3730 ι
1026 3677 1094 3730 Et
1133 3681 1248 3748 quis
1275 3678 1428 3732 homo
1456 3679 1591 3731 hunc
1625 3678 1796 3731 locum
1844 3677 2018 3732 videre

448 3751 634 3814 poterit
677 3749 1083 3816 sine‘lacrgmis
1111 3786 1126 3810 ,
1170 3758 1389 3802 tremore
1426 3749 1599 3800 cordis
1628 3788 1642 3808 ,
1686 3748 1799 3799 alta
1841 3764 2021 3816 conso-

449 3819 643 3870 latoria
666 3818 1025 3886 compassione
1047 3819 1274 3872 mentis?
1300 3817 1385 3870 ubi
1411 3816 1749 3884 impassibilis
1779 3817 1980 3884 patitur
1999 3856 2015 3882 ,

453 3887 558 3940 vita
605 3888 859 3952 moritur,
905 3898 954 3940 et
1005 3886 1527 3955 supersubstantialis
1581 3888 2020 3941 communicative

449 3959 653 4026 bonitas
677 3971 774 4024 pro
799 3959 943 4011 nobis
963 3958 1341 4026 peccatoribus,
1364 3972 1481 4026 cum
1514 3957 1688 4024 intpiis
1715 3955 2017 4024 deputatur.

519 4025 665 4082 Idem
691 4025 1015 4083 Guilielmus
1053 4029 1106 4081 in
1141 4028 1330 4082 eodem
1361 4025 1762 4095 Hodteporico:
1801 4026 2018 4092 Confert

452 4111 608 4163 supra
636 4099 848 4150 modum
878 4097 1076 4151 homini
1097 4139 1112 4163 ,
1145 4097 1261 4150 loca
1284 4097 1393 4150 hare
1430 4096 1764 4150 sanctissima
1797 4096 1973 4149 videre
1999 4114 2016 4150 :

451 4167 574 4236 quia
601 4166 806 4222 devotio
835 4169 1119 4230 excitatur,
1143 4179 1190 4221 et
1218 4166 1440 4230 videtur,
1475 4165 1611 4236 quod
1645 4167 1754 4236 vita
1787 4164 2016 4232 Christi,

450 4235 513 4289 ac
544 4237 902 4303 apostolorum
931 4237 1316 4305 quodammodo
1352 4235 1517 4290 oculis
1567 4235 1882 4305 inspiciatur
1908 4251 2018 4287 cor-

446 4307 628 4426 pora;
659 4317 708 4359 et
732 4322 796 4361 ex
820 4309 914 4360 hoc
943 4304 994 4358 in
1027 4307 1183 4361 corde
1215 4306 1611 4373 fundamentum
1650 4304 1775 4374 ﬁdei
1805 4305 2016 4372 ﬁrmius

447 4386 534 4426 δια
569 4393 583 4426 Ι
612 4387 738 4426 itur.

447 4377 738 4432 stabilitur.

517 4444 687 4499 Porro
719 4445 832 4505 sola
869 4445 1171 4499 mutatione
1202 4444 1312 4497 loci
1351 4443 1416 4498 ad
1448 4443 1618 4497 Deum
1655 4459 1763 4497 non
1792 4443 2012 4505 accedi,

449 4516 578 4584 quis
630 4515 878 4583 ignorat?
921 4523 980 4566 ut
1025 4523 1079 4568 et
1120 4513 1292 4577 illud,
1326 4514 1760 4584 dandamﬂpotius
1806 4529 2017 4584 operam

450 4583 506 4638 ut
550 4583 689 4637 Deus
728 4585 784 4637 in
815 4593 1021 4651 pectore
1064 4594 1243 4637 nostro
1286 4583 1506 4636 habitet.
1554 4583 1679 4636 Haec
1719 4591 1773 4637 et
1811 4585 1916 4636 alia
1962 4583 2016 4635 id

447 4668 619 4723 genus
671 4655 740 4707 ab
779 4665 1002 4706 auctore
1042 4653 1206 4721 hujus
1245 4653 1491 4720 epistola:
1534 4654 1662 4723 solis
1699 4653 2017 4723 monastica-

447 4722 568 4801 vita:
601 4723 965 4801 sectatoribus
979 4731 1042 4801 et
1069 4723 1450 4801 sectatricibus
1472 4737 1593 4801 esse
1608 4722 1790 4801 dicta,
1816 4722 2017 4801 fungus

445 4797 519 4848 sit
550 4793 640 4862 qui
673 4808 779 4847 non
823 4793 1154 4845 conliteatur
1187 4792 1536 4846 considerato
1573 4791 1814 4860 epistolae
1848 4791 2015 4846 totius

443 4878 608 4932 scopo
657 4871 711 4917 et
756 4862 1076 4931 proposito:
1121 4864 1340 4915 tametsi
1387 4876 1495 4913 non
1535 4875 1842 4932 negamus,
1885 4862 2013 4932 talia

442 4929 605 4987 etiam
641 4929 1003 4987 saecularibus
1047 4931 1230 4985 occini
1279 4945 1479 4998 posse;
1517 4929 1641 4983 nam
1675 4929 1720 4982 si
1766 4931 1883 4985 sola
1914 4930 2015 4985 hac

443 5003 877 5072 peregrinatione
890 5016 949 5055 se
969 4999 1035 5053 ad
1055 5001 1222 5054 Deum
1242 5009 1636 5072 accessuroset
1652 5009 2015 5072 perventuros

443 5069 829 5133 considerent,
872 5072 1245 5139 reliquorum,
1298 5084 1420 5140 quae
1462 5070 1528 5123 ad
1575 5069 1709 5140 bene
1748 5069 2015 5140 beateque

442 5141 732 5196 vivendum
766 5141 1069 5210 pertinent,
1114 5141 1343 5210 securi,
1369 5140 1558 5208 utique
1589 5154 1649 5192 se
1680 5139 1829 5208 ipsos
1862 5139 2015 5194 falle-

442 5219 605 5274 rent,
653 5209 811 5280 utet
847 5219 977 5264 tunc
999 5251 1013 5275 ,
1057 5211 1104 5264 si
1140 5209 1657 5280 peregrinarentur,
1698 5223 1797 5280 nec
1830 5217 2012 5280 tamen

443 5281 728 5335 studerent
763 5278 930 5334 Deum
955 5281 1010 5334 in
1043 5278 1295 5349 pec—toris
1315 5280 1401 5334 sui
1435 5279 1807 5332 habitaculum
1841 5278 2011 5333 devo-

443 5363 591 5403 care.

518 5416 727 5488 Olijicit
755 5417 1089 5489 calvinista,
1123 5419 1182 5473 Si
1213 5434 1329 5489 qua:
1365 5416 1416 5470 Ν
1422 5434 1639 5485 yssenus
1671 5417 1892 5489 scribit,
1943 5419 2014 5470 ad

443 5489 580 5543 solos
611 5488 889 5544 monachos
918 5498 968 5542 et
999 5504 1198 5542 nonnas
1221 5488 1496 5557 spectant,
1527 5498 1581 5540 ut
1612 5489 1790 5541 volunt
1823 5488 2011 5542 adver-

442 5560 576 5613 sarii
595 5599 610 5622 ,
655 5560 758 5628 ipsi
784 5574 837 5611 se
855 5559 965 5612 suis
989 5558 1184 5612 aculeis
1207 5559 1511 5628 conﬁciunt,
1545 5574 1668 5610 nam
1697 5571 1878 5612 nostro
1905 5575 2012 5612 amo

440 5628 576 5682 nulli
622 5630 789 5696 magis
818 5629 1239 5696 peregrinantur.
1268 5627 1362 5695 (De
1388 5628 1716 5689 crebritate,
1764 5629 1896 5682 fides
1939 5631 2012 5683 sit

441 5714 607 5770 penes
623 5696 934 5770 Maliacum.
955 5697 1120 5752 Multa
1138 5698 1495 5770 Hodmporica
1515 5696 2006 5770 Hierosolymitana

442 5769 576 5838 legi,
607 5783 824 5840 semper
856 5769 1042 5838 plures
1066 5769 1245 5839 reperi
1289 5769 1581 5825 simulares
1607 5769 1779 5837 quam
1813 5782 2006 5822 mona-

1740 355 2108 416 VARlORUM
2144 358 2379 417 NOTE.

440 473 808 546 momentiad
851 475 1073 546 pietatis
1100 474 1345 531 studium
1373 476 1668 546 conierre,
1711 482 1767 528 et
1795 473 1973 546 cuivis
1992 514 2009 537 ,
2042 542 2043 545 η

3561 361 3704 417 1256

2117 479 2253 531 chos
2275 485 2360 532 vel
2389 474 2711 536 monachos.
2737 483 2788 530 et
2813 472 3063 544 absolute
3096 473 3286 543 plures
3315 474 3467 530 viros
3485 515 3500 539 ,
3531 491 3698 544 quam

2116 548 2396 602 mulieres.
2420 545 2498 598 Ad
2516 554 2897 614 argumentum
2917 543 3160 607 Molinei,
3183 558 3320 614 nego
3368 559 3470 598 nos
3495 543 3700 602 nostris

2115 617 2241 686 telis
2269 616 2492 686 conligi.
2515 612 2654 686 Nam
2683 621 2738 667 ut
2769 613 2822 686 in
2851 627 3025 686 _opere
3057 615 3129 666 De
3162 612 3697 686 peragrinationibus

2116 683 2363 743 dicebam
2387 683 2518 748 ,‘ue
2557 684 2691 752 ipsis
2733 683 2955 752 quidem
2988 683 3272 738 monachis
3314 693 3509 753 auctor
3535 685 3700 753 hujus

2118 756 2366 826 epistola
2413 754 2746 826 simpliciter_
2780 763 2834 806 et
2898 753 3156 805 universe
3199 752 3697 826 peregrinationem

2119 821 2669 892 ll'ierosolyinitanam
2699 823 2995 890 abrogasse
3025 821 3340 892 censendus
3367 834 3488 887 est;
3519 838 3696 892 neque

2117 898 2262 951 enim
2295 890 2582 964 ignorabat
2611 892 2911 960 Nyssenus,
2945 892 2989 945 si
3014 901 3097 946 est
3120 890 3420 961 Nyssenus,
3441 890 3693 946 innume-

2117 963 2640 1021 rabiles’mouachos
2666 970 2719 1015 et
2745 977 2843 1015 sua
2869 969 3048 1024 natale,
3069 969 3121 1013 et
3143 969 3268 1013 ante
3285 976 3438 1014 suam
3455 972 3696 1021 :etatem.

2120 1036 2360 1090 maximo
2391 1032 2572 1086 fructu
2605 1032 2658 1085 in
2688 1030 3033 1086 Palaestinam
3060 1031 3175 1083 loca
3205 1045 3362 1088 sacra
3394 1032 3692 1091 visitatnm,

2121 1105 2517 1172 adoratumque
2561 1101 2955 1172 concessisse:
3007 1116 3148 1169 quos
3204 1114 3398 1154 omnes
3451 1102 3590 1172 absit
3636 1109 3696 1172 ut

2118 1173 2400 1244 Nysscnus
2429 1170 2552 1224 una
2594 1170 2968 1244 damnationis
3005 1178 3132 1223 nota
3187 1170 3556 1244 percusserit!
3595 1171 3696 1244 sed

2119 1241 2329 1314 peritos
2358 1243 2602 1314 imitatus
2632 1250 2714 1294 est
2748 1241 2992 1295 medicos
3021 1259 3035 1294 :
3069 1255 3217 1314 nam,
3258 1247 3315 1291 ut
3352 1241 3695 1314 isti,_morbo

2121 1307 2349 1368 nimium
2390 1311 2456 1364 ad
2509 1325 2678 1364 unum
2713 1318 3018 1364 extremum
3069 1307 3361 1371 tendente,
3410 1311 3695 1364 enituntur

2120 1385 2186 1438 ad
2261 1384 2543 1443 alterum,
2607 1379 2781 1433 donec
2841 1379 3056 1433 tandem
3118 1379 3386 1446 attingant
3444 1379 3678 1432 mcdiuin

2118 1467 2432 1523 aegrumque
2456 1452 2697 1523 pristina:
2727 1449 2946 1523 sanitati
2981 1447 3221 1523 reddant
3248 1467 3259 1502 :
3299 1451 3470 1523 ita_ct_
3493 1447 3694 1523 Nysse:

2119 1518 2247 1585 nus,
2281 1518 2404 1574 cum
2451 1518 2710 1573 solitaria:
2748 1520 2872 1571 vitae
2909 1519 3184 1580 cultores,
3227 1527 3280 1570 et
3312 1518 3592 1578 cultrices.
3622 1518 3692 1571 ad

2123 1589 2612 1662 peregrinationem
2638 1588 3182 1662 llicrosolymitanani
3213 1589 3439 1662 nimium
3461 1603 3698 1662 properi-

2119 1657 2277 1715 dere'
2304 1659 2546 1722 videret,
2591 1660 2644 1710 in
2677 1657 3012 1712 contrarium
3055 1657 3314 1719 deflexit,
3365 1658 3695 1726 penitusque

2121 1729 2438 1800 hujusmodi
2470 1729 2785 1800 institutum
2826 1726 3123 1800 dissuasit,
3156 1734 3213 1800 ut
3245 1727 3346 1780 hoc
3370 1727 3539 1800 modo
3575 1743 3691 1800 rem

2120 1797 2210 1855 ad'
2255 1799 2689 1868 medici-ritatem
2744 1797 3071 1868 quamdam,
3125 1797 3694 1868 ubiquelaudandam

2119 1879 2172 1924 et
2201 1867 2689 1924 commendandam
2721 1865 3006 1921 reduceret
3043 1884 3056 1919 :
3111 1875 3163 1919 et
3205 1878 3263 1919 ut
3299 1865 3364 1918 ad
3397 1868 3690 1922 mediocri-

2120 1949 2284 1995 tatem
2308 1940 2634 1998 adduceret,
2667 1937 2964 2007 nequitiam
2991 1945 3042 1989 et
3076 1936 3481 2007 improbitatem
3503 1953 3691 1990 earum

2122 2010 2404 2079 regiOnum
2433 2049 2448 2079 ,
2495 2022 2594 2079 per
2629 2005 2769 2076 quas
2809 2005 3206 2061 transeundum
3240 2013 3356 2059 erat
3379 2043 3395 2068 ,
3436 2008 3701 2077 graphice-

2119 2078 2295 2134 oculis
2323 2078 2576 2146 subjecit.

2191 2148 2392 2216 Objicit
2422 2145 2723 2201 Calvinista
2745 2186 2762 2210 ,
2796 2145 3296 2216 Nyssenumidicere
3321 2145 3692 2213 profectionem

2120 2215 2665 2286 lIierosolymitanam
2697 2217 2797 2269 sibi
2836 2215 2967 2270 nihil
2993 2215 3286 2286 profuisse;
3328 2217 3430 2286 [ide
3458 2217 3575 2279 inde
3601 2233 3694 2275 nec

2120 2298 2278 2342 aucta
2297 2285 2390 2342 nec
2412 2288 2724 2340 imminuta:
2750 2287 2795 2340 si
2821 2287 2984 2354 igitur
3003 2293 3148 2338 tanto
3169 2285 3276 2338 viro
3292 2285 3425 2336 niltil
3443 2287 3697 2340 utilitatis

2121 2359 2304 2412 attulit
2327 2398 2340 2417 .
2381 2358 2528 2426 longe
2558 2359 2730 2426 minus
2755 2357 2874 2409 aliis
2895 2355 3240 2426 emolumento
3269 2355 3404 2422 fore.
3443 2356 3544 2408 Sed
3585 2372 3689 2416 nou

2121 2429 2267 2482 videt
2296 2423 2595 2481 Calviuista
2614 2495 2621 2496 ί
2643 2425 2974 2496 Nyssenum,
3007 2425 3051 2478 si
3081 2434 3165 2478 est
3192 2423 3492 2496 Nyssenus,
3517 2426 3694 2481 facere

2119 2499 2262 2567 quod
2291 2497 2480 2565 peritis
2510 2495 2737 2567 medicis
2758 2496 2816 2548 in
2841 2511 2992 2567 more
3015 2496 3270 2567 positum,
3292 2495 3407 2564 qui,
3444 2507 3498 2547 ut
3519 2511 3694 2566 .egros

2118 2565 2179 2621 eo
2224 2567 2496 2621 eﬂicacius
2541 2581 2572 2618 a
2606 2565 2868 2634 pertinaci
2905 2565 3157 2633 quopiam
3200 2567 3478 2632 proposito
3513 2567 3689 2620 dimo-

2117 2646 2280 2691 veant
2307 2679 2321 2700 ,
2361 2636 2413 2688 id
2443 2635 2587 2706 qnod
2619 2644 2810 2702 petunt
2837 2673 2851 2695 ,
2896 2650 2963 2688 nc
3008 2634 3112 2686 sibi
3150 2635 3368 2706 quidem
3395 2634 3694 2706 quidquam

2118 2707 2390 2774 profuisse
2442 2703 2756 2765 alﬁrmant,
2826 2707 2974 2756 nullo
3039 2705 3322 2758 mendacio
3355 2743 3370 2768 ,
3428 2703 3688 2760 scd'veri

2118 2776 2558 2830 dissimulatione
2612 2776 2666 2827 in
2727 2774 2925 2826 bonum
2978 2775 3292 2841 aegrotantis
3326 2813 3340 2835 ,
3408 2784 3462 2827 et
3529 2778 3690 2828 noxia

2118 2861 2363 2916 quaequae
2391 2844 2776 2916 desiderantis.
2807 2843 2964 2916 idem
2990 2845 3278 2897 consiliqu
3312 2846 3364 2897 in
3396 2844 3495 2898 hac
3525 2846 3689 2900 dissi-

2121 2913 2419 2969 iitula'tione
2457 2913 2701 2983 Nysseuo
2745 2913 2882 2983 fuit,
2924 2915 2968 2966 si
3011 2922 3224 2977 tamen,
3269 2922 3325 2966 ut
3365 2929 3507 2982 sche
3537 2916 3688 2978 dixi,

2116 2983 2397 3054 Nyssenus
2438 2981 2559 3036 fuit.
2605 2982 2738 3048 Quis
2769 2981 2912 3036 enim
2953 2983 3157 3036 abnuat
3203 2985 3381 3054 virum
3418 2981 3527 3037 tam
3562 3000 3692 3039 san-

2119 3053 2268 3108 ctum
2309 3063 2362 3108 et
2390 3054 2599 3106 cii-testi
2631 3054 2834 3106 lumine
2873 3061 2979 3104 tam
3014 3054 3246 3123 copiose
3271 3053 3644 3108 collustratum
3669 3099 3690 3123 ,

2118 3125 2437 3177 mirabiliter
2475 3131 2694 3192 aspectu
2727 3123 3199 3176 sanctissimorum
3237 3122 3480 3176 locorum
3518 3122 3693 3180 fuisse

2117 3194 2285 3247 divini
2313 3192 2516 3246 amoris
2543 3193 2755 3246 lacibus
2781 3207 3131 3256 succensum,
3153 3203 3208 3247 et
3242 3193 3534 3249 luculentis
3564 3195 3686 3251 ﬁdei

2120 3263 2468 3316 incrementis
2488 3264 2872 3331 locupletatum
2890 3261 2917 3313 τ

2188 3331 2455 3385 Praedicat
2491 3340 2680 3385 auctor
2713 3333 2958 3400 epistola:
2991 3331 3393 3387 multitudinem
3431 3333 3687 3388 altarium

2117 3402 2173 3455 in
2231 3401 2617 3471 Cappadocia.
2648 3400 2926 3471 Obstrepit
2985 3401 3284 3456 Calvinista
3334 3402 3522 3455 altaris
3564 3413 3692 3458 tunc

2117 3487 2269 3524 usum
2291 3469 2453 3538 fuisse
2481 3469 2585 3524 Deo
2601 3470 2784 3524 laudes
2808 3471 3014 3539 offerre,
3036 3481 3084 3523 et
3111 3473 3405 3539 gratiarum
3432 3474 3684 3540 actiones,

2118 3558 2219 3594 non
2252 3557 2367 3593 rero
2418 3542 2740 3607 sacri/icium
2789 3540 3060 3592 ἱλαστικὸν
3109 3541 3373 3593 ἐπιτελεῖν
3398 3583 3412 3603 ,
3448 3550 3540 3593 aut
3578 3543 3686 3598 Deo

2117 3611 2304 3679 offerre
2324 3611 2515 3680 λύτρον
2539 3627 2634 3677 pro
2656 3609 3003 3678 redemptione
3033 3611 3353 3675 animarum,
3386 3622 3440 3664 ut
3465 3612 3613 3666 hodie
3633 3615 3687 3666 in

2118 3682 2282 3734 inissa
2300 3683 2529 3733 canitur.
2544 3681 2611 3733 At
2635 3680 3000 3750 repugttatltis
3018 3697 3117 3732 vox
3146 3681 3266 3746 ipsa
3284 3681 3687 3750 θυσιαστήριον,

2116 3765 2223 3818 qua
2251 3754 2421 3803 utitur
2437 3762 2660 3814 auctor;
2689 3751 2844 3818 quasi
2864 3749 3014 3802 dicas
3034 3791 3052 3815 ,
3071 3751 3531 3818 sacrificatorium.
3552 3749 3686 3805 Nam

2118 3818 2501 3889 θυσιαστήριον
2527 3834 2633 3872 non
2668 3828 2773 3884 est,
2807 3820 2906 3872 nisi
2932 3818 3023 3872 ubi
3061 3819 3218 3871 θυσία
3251 3837 3345 3875 seu
3362 3821 3686 3886 sacriﬁcium

2116 3900 2245 3953 est;
2289 3897 2418 3944 sunt
2453 3890 2597 3942 enim
2641 3890 2900 3953 relativa,
2953 3899 3007 3942 et
3052 3903 3111 3942 se
3156 3900 3347 3944 mutuo
3387 3892 3581 3943 tollunt
3622 3907 3687 3945 ac

2117 3970 2345 4027 ponunL

2191 4029 2465 4098 Declamat
2513 4026 3163 4098 Calviuianusiministet:
3202 4027 3256 4080 in
3306 4030 3538 4098 scelera
3567 4045 3692 4098 qut:

2117 4097 2245 4150 olim
2284 4097 2673 4167 Hierosolymis
2694 4097 3106 4165 grassabantur.
3136 4095 3240 4151 Sed
3277 4101 3319 4150 si
3354 4100 3468 4152 sola
3504 4095 3687 4152 Hidro-

2119 4167 2444 4236 solymitana
2492 4170 2624 4221 urbs
2658 4167 2874 4220 tulisset
2921 4177 3096 4220 scorta
3119 4208 3132 4227 ,
3178 4167 3366 4222 mimos
3387 4209 3401 4231 ,
3436 4184 3649 4221 scurras
3670 4207 3688 4231 ,

2120 4236 2304 4290 forsan
2337 4251 2445 4289 non
2482 4236 2681 4305 injuria
2705 4238 2991 4297 vitaretur,
3027 4247 3080 4291 et
3108 4247 3166 4289 ut
3199 4239 3418 4292 vitanda
3442 4237 3689 4290 dill'ama-

2119 4305 2462 4360 retur.Nuuc
2482 4309 2701 4376 quando
2729 4307 2772 4360 is
2799 4314 2882 4359 est
2900 4306 3280 4375 cujuscunque
3309 4323 3370 4362 ex
3413 4309 3691 4360 variarum

2118 4377 2364 4442 gentium
2423 4376 3146 4446 concursufrequentioris
3200 4378 3300 4429 loci
3353 4378 3580 4446 genius,
3631 4387 3690 4429 ut

2118 4446 2249 4515 vitia
2291 4446 2452 4498 simul
2498 4461 2621 4499 cum
2669 4445 2896 4515 advenis
2941 4446 3282 4515 immigreut,
3322 4445 3426 4501 non
3469 4457 3552 4500 est
3591 4463 3693 4500 cur

2119 4512 2497 4585 Hierosolyma
2529 4515 2644 4569 sola
2669 4515 2722 4568 in
2757 4514 2917 4583 culpa
2952 4512 3187 4580 Intereat,
3224 4517 3524 4584 praesertim
3563 4531 3692 4569 cum

2119 4583 2452 4655 sanctissimi
2487 4599 2702 4652 semper
2727 4585 2832 4638 viri
2871 4585 3002 4639 inibi
3028 4586 3193 4655 yitam
3226 4583 3438 4655 egerint
3462 4625 3477 4646 ,
3513 4601 3692 4654 neque

2121 4653 2229 4706 ulla
2269 4654 2352 4727 γει
2391 4647 2912 4727 convenar_ttm,_vel
2949 4647 3699 4727 indigenarumimprobiias

2118 4723 2539 4794 sanctimoniam
2574 4723 2678 4777 loci
2705 4724 3024 4794 oblitterare
3045 4723 3303 4794 quiverit.
3333 4723 3525 4777 Mirum
3553 4726 3692 4778 istos

2118 4792 2552 4864 vitiaﬂcrepare,
2599 4802 2658 4846 ut
2696 4792 3117 4864 absterreant‘a
3153 4796 3327 4850 sacris
3367 4798 3687 4864 peregrina-

2119 4863 2401 4926 tionibus;
2451 4871 2506 4915 et
2554 4877 2662 4915 nou
2695 4863 2884 4916 eadem
2925 4865 3209 4927 intonare,
3249 4872 3308 4917 ut
3351 4863 3627 4918 abducant
3655 4878 3687 4916 a

2118 4932 2652 5003 peregrinationibus
2713 4932 2978 5000 profanis.
3035 4934 3228 4988 Nullus
3290 4934 3689 5003 negotiatorum

2118 5001 2385 5072 retardari
2439 5017 2499 5056 se
2551 5001 2682 5072 si_nit
2732 5003 2800 5056 ab
2841 5004 3211 5072 impurissima
3259 5001 3688 5072 illa—hominum

2118 5071 2384 5141 colluvie,
2425 5086 2545 5140 qua:
2578 5069 2816 5141 Tripoli,
2853 5069 3228 5136 Alexandriae,
3261 5072 3441 5137 Cairi,
3479 5080 3532 5125 et
3558 5071 3694 5125 alibi

2118 5140 2284 5212 degit,
2314 5157 2422 5210 quo
2445 5141 2654 5200 minus,
2679 5140 2783 5213 spe
2805 5143 2960 5213 lucri,
2993 5142 3058 5195 ad
3077 5157 3142 5213 ea
3174 5143 3289 5197 loca
3315 5142 3691 5213 peregrinetur

2118 5226 2216 5279 per
2257 5217 2544 5264 tot‘terraa
2585 5211 2862 5280 marisque
2905 5212 3267 5267 discrimina:
3316 5220 3370 5266 et
3421 5211 3510 5266 iisti
3559 5211 3694 5263 vitia

2118 5281 2621 5352 peregrinatoribus
2657 5283 2831 5352 sacris
2866 5282 3250 5350 objectabunt;
3299 5281 3535 5352 quibus,
3569 5289 3692 5352 tan-

2117 5350 2278 5418 quam
2335 5351 2840 5423 terriculatnentis,
2902 5366 3000 5407 eos
3059 5366 3091 5405 a
3155 5350 3694 5423 peregrinationibus

2116 5429 2430 5474 removeant
2461 5435 2525 5473 ac
2557 5420 2867 5486 cohibeant,
2899 5435 3024 5474 cum
3053 5420 3226 5475 multo
3252 5420 3571 5477 credibilius
3597 5422 3688 5482 sit,

2114 5503 2238 5561 cum
2272 5489 2745 5561 ittterseeleratos
2779 5499 2971 5561 sancte
3000 5499 3054 5561 et
3081 5493 3356 5561 inculpata
3390 5492 3692 5561 victurum,

2115 5559 2206 5627 qui
2229 5560 2722 5629 peregrinationem
2775 5558 2865 5613 Dei
2890 5568 2943 5615 et
2968 5559 3190 5616 virtutis
3217 5558 3403 5616 amore
3433 5559 3694 5629 suscipi}.

2115 5639 2280 5701 quam
2336 5627 2463 5682 eum
2505 5631 2597 5701 qui
2639 5631 3017 5701 peregrinatur
3047 5640 3268 5701 propter
3298 5627 3603 5700 quantum.
3628 5627 3689 5701 Et

2116 5699 2160 5753 si
2210 5708 2433 5772 prOpIer
2481 5700 2810 5772 nefariorum
2859 5699 3161 5751 hominum'
3191 5699 3399 5766 piacula
3451 5699 3693 5772 pcregri-

2122 5765 2371 5823 uatioucs
2415 5765 2838 5823 intcrmitteudze
2887 5778 3104 5834 essent,
3139 5765 3316 5825 omnis
3366 5765 3476 5826 tere
3513 5765 3697 5824 civilis
