4092 6378
347 379 370 432 I
382 376 485 433 257

349 489 584 545 societas
607 486 974 558 periret.cnm
1000 500 1029 540 a
1053 494 1204 540 tanta
1228 486 1577 541 multitudine
1597 497 1650 543 et
1669 489 1930 544 varietate

349 557 658 613 mortalium
677 557 877 626 llagitia
894 571 1238 626 nequaquam
1257 558 1450 627 abesse
1469 558 1706 612 soleant.
1727 559 1928 627 Scripsi

349 629 494 683 verbis
543 643 636 696 per
682 625 999 694 epistolam,
1033 625 1212 694 inquit
1250 625 1307 680 S.
1340 625 1576 691 Paulus,
1613 645 1678 682 ne
1712 625 1930 682 commi-

345 698 602 752 si'eamini
646 696 988 765 [ornicariis,
1040 713 1142 749 non
1197 698 1374 764 utique
1421 699 1728 765 fornicariis
1771 698 1928 767 hujus

352 769 552 828 mundi,
585 778 674 818 aut
699 768 893 823 avaris.
931 779 1019 819 aut
1051 767 1366 833 rapacibus,
1393 776 1484 818 aut
1516 768 1676 823 idolis
1704 769 1931 822 servien-

352 840 488 889 tibus
512 879 525 900 ,
554 836 753 904 alioqui
776 836 1074 889 debueratis
1105 836 1168 889 de
1193 837 1288 888 hoc
1323 837 1515 890 mundo
1551 839 1744 892 exisse.
1785 838 1928 893 Idem

349 917 404 961 et
425 907 511 960 hic
531 906 712 960 dicere
737 908 879 961 licet.
913 904 970 977 Si
994 906 1119 974 quis
1138 908 1191 959 in
1218 907 1486 960 neminem
1506 906 1723 977 ﬂagitiis
1748 907 1931 977 inqui-

352 984 540 1030 natum
571 977 811 1030 incidere
841 975 988 1038 velit,
1021 990 1245 1029 necesse
1267 981 1370 1030 erit
1399 985 1458 1029 ut
1483 975 1837 1046 aut'penitus
1858 993 1927 1031 ex

349 1054 456 1100 hoc
487 1047 692 1098 mundo
716 1054 898 1115 exeat,
921 1055 974 1098 et
996 1047 1050 1098 in
1075 1046 1273 1100 caelum
1295 1046 1512 1115 migret,
1533 1045 1764 1100 autcum
1788 1045 1930 1100 Pau-

353 1118 441 1173 lis.
468 1117 742 1178 Antoniis.
771 1123 826 1170 et
848 1113 900 1168 id
933 1132 1108 1184 genus
1131 1116 1275 1176 aliis,
1299 1115 1352 1168 in
1378 1113 1626 1169 eremnm
1653 1133 1712 1171 se
1743 1116 1926 1170 abdat.

424 1186 583 1240 Dices
621 1205 634 1239 :
678 1187 734 1239 Si
781 1193 1003 1254 propter
1047 1186 1178 1238 vitia
1224 1187 1468 1238 lucorum
1507 1187 1589 1241 vel
1622 1187 1926 1240 incolarum

350 1272 461 1309 non
505 1265 635 1310 sunt
673 1256 985 1310 omittenda:
1028 1255 1532 1324 peregrinationes.
1591 1271 1693 1310 cur
1734 1265 1932 1310 auctor

351 1326 598 1393 epistola:
634 1327 734 1378 hoc
764 1335 1087 1393 argumento
1128 1341 1261 1378 usus
1293 1333 1376 1378 est
1411 1326 1784 1381 absterrendis
1815 1340 1930 1379 mo-

354 1397 574 1449 nasticae
609 1396 729 1448 vine
761 1394 1163 1462 professoribus
1212 1410 1241 1448 a
1279 1395 1712 1464 peregrinatione
1740 1395 1932 1448 Hiero-

353 1466 727 1535 snlymitana?
766 1464 1091 1535 Respondet)
1149 1464 1202 1518 id
1260 1475 1549 1535 propterea
1609 1466 1814 1519 factum
1873 1475 1932 1519 ut

351 1533 482 1598 ros.
521 1535 613 1603 qui
650 1535 764 1602 jam
808 1533 1012 1588 mundo
1052 1535 1265 1602 penitus
1314 1533 1689 1588 valedixerant
1714 1576 1728 1598 ,
1769 1545 1824 1603 et
1861 1535 1932 1589 ab

348 1606 501 1657 omni
533 1602 812 1658 hominum
833 1603 1112 1659 consortio
1140 1621 1198 1657 se
1245 1615 1591 1658 secreveram
1610 1645 1624 1665 .
1653 1620 1719 1659 eo
1751 1602 1930 1659 eﬂica-

351 1674 471 1744 eius
497 1691 526 1727 a
554 1689 653 1729 suo
681 1676 964 1744 proposito
993 1682 1296 1744 averteret,
1335 1689 1510 1742 neque
1541 1675 1684 1728 enim
1710 1689 1926 1742 aequum

352 1743 637 1798 videbatur
677 1743 735 1796 ut
767 1744 859 1812 qui
905 1743 1107 1797 nmndo
1141 1743 1254 1811 jam
1281 1754 1531 1796 nimtinm
1564 1745 1925 1808 remiserant,

347 1821 406 1865 et
438 1814 603 1866 vitam
632 1814 934 1866 solitariam
964 1815 1257 1882 elegerant,
1297 1829 1488 1868 rursus
1513 1829 1571 1866 se
1598 1816 1653 1866 in
1681 1813 1926 1882 publicas

355 1884 544 1936 turbas
590 1882 824 1944 darent,
875 1883 1178 1951 praesertim
1237 1883 1337 1937 hac
1390 1883 1649 1950 opinione
1683 1923 1701 1947 ,
1766 1883 1923 1952 quasi

353 1952 709 2020 perfectionis
738 1953 1065 2006 Christiana:
1095 1961 1346 2007 exsortes
1380 1969 1597 2006 manere
1635 1953 1926 2021 compelle-

354 2033 570 2086 rentur,
614 2023 718 2076 nisi
762 2022 1190 2092 Hierosolymam
1241 2023 1529 2075 vidissent.
1575 2021 1728 2092 Hanc
1764 2020 1924 2075 enim

353 2093 701 2160 potissimum
739 2091 1148 2160 persuasiOnem
1181 2092 1461 2145 monachis
1493 2093 1614 2146 istis
1644 2091 1927 2162 Nyssenns

351 2163 596 2217 eximere
648 2162 855 2215 voluit:
911 2178 1062 2218 mini.
1105 2169 1163 2213 ιιι
1197 2177 1362 2230 supra
1419 2163 1690 2222 dicebam,
1750 2177 1818 2215 ne
1872 2162 1928 2215 itt

353 2231 876 2299 monachisquidein
907 2231 1227 2298 simpliciter
1260 2231 1752 2299 peregrinationem
1797 2230 1920 2285 llic-

354 2302 800 2370 rosolymitunam
821 2300 1126 2364 damnavit;
1161 2301 1304 2368 quod
1329 2308 1472 2366 patet
1497 2301 1658 2354 etiam
1675 2302 1928 2368 exemplo

350 2370 586 2441 Olympii
624 2370 1004 2441 mon:tc_li_i,_ad
1042 2386 1200 2441 quem
1226 2373 1443 2441 scripsit
1469 2371 1926 2441 commentarium

354 2437 435 2493 De
458 2437 769 2508 perfectione
798 2438 1090 2495 Christiani
1115 2437 1388 2503 hominis,
1441 2451 1492 2493 et
1527 2441 1815 2508 epistolam
1854 2439 1930 2493 De

355 2507 538 2571 unus.
559 2507 820 2580 Macrino:
849 2509 1046 2562 sororis
1071 2524 1202 2580 suae,
1233 2510 1324 2578 qui
1347 2523 1470 2561 cum
1498 2507 1928 2580 llierosiilytmtn

355 2582 620 2639 tendens.
667 2581 717 2632 in
767 2577 1066 2649 Nyssenum
1096 2576 1397 2633 Antiochia:
1433 2576 1928 2642 ἱιιυίιιὶδδοιξιιειιιιι

353 2666 480 2701 eum
523 2666 551 2701 a
590 2659 846 2718 suscepto
890 2649 1086 2702 itinere
1135 2649 1454 2703 dehortatus
1497 2659 1582 2703 est
1612 2650 1926 2718 Nyssenus,

354 2720 452 2771 sed
492 2727 675 2786 postea
715 2720 861 2788 pium
899 2719 1001 2772 hoc
1036 2725 1091 2770 et
1132 2718 1399 2788 laudabile
1433 2719 1742 2772 institutum
1767 2720 1930 2771 etiam

359 2789 591 2856 publicis
623 2787 924 2843 litterarum
953 2789 1316 2842 monumentis
1347 2787 1712 2856 depricdicare
1739 2789 1927 2840 voluit.

358 2858 592 2912 Omnino
631 2856 1025 2912 consuetudinis
1070 2856 1219 2910 illius
1256 2857 1449 2910 oblitus
1481 2873 1593 2910 esse
1620 2873 1724 2910 non
1758 2857 1929 2916 debes.

359 2930 531 2994 inquit
549 2926 848 2999 Nyssenus,
875 2928 1158 2999 alloquens
1175 2927 1504 2996 Olympium,
1530 2942 1643 2978 eum
1664 2926 1732 2999 ad
1751 2927 1932 2999 urbem

359 2997 609 3049 Antiochi
655 2997 917 3066 congressi
943 3012 1125 3048 sumus
1157 3038 1171 3060 ,
1194 3013 1294 3066 quo
1319 3005 1540 3062 tempore
1571 2997 1777 3062 petebas
1812 2997 1934 3048 Ilie-

366 3068 718 3136 rosolymam,
757 3064 812 3118 ut
851 3076 1188 3118 monumenta
1228 3064 1426 3118 Christi
1461 3067 1929 3134 peregrinationis,

357 3137 484 3190 dum
525 3140 578 3190 in
617 3153 773 3190 carne
803 3148 966 3199 esset,
1000 3136 1270 3201 inuiseres,
1301 3144 1406 3187 etc.
1802 3155 1805 3157 ·

437 3207 617 3260 Mirari
673 3222 834 3276 porro
881 3206 1236 3276 sub:t,iquid
1289 3203 1520 3276 Molineo
1579 3205 1632 3257 in
1691 3217 1930 3258 mentem

362 3279 592 3339 venerit,
637 3275 696 3328 ut
730 3277 874 3328 illam
909 3275 1198 3340 synodum,
1235 3275 1394 3342 cujus
1446 3276 1692 3329 meminit
1743 3283 1934 3327 auctor

362 3347 623 3416 epistolae,
656 3354 708 3400 et
734 3345 888 3414 rujus
923 3345 1091 3416 missu
1125 3345 1176 3397 in
1225 3345 1479 3416 Arabiam
1533 3345 1688 3407 abiit,
1751 3343 1932 3412 potius

360 3433 488 3471 cum
548 3415 787 3468 Baronio
824 3415 1268 3481 Antlali.qttart0
1303 3415 1429 3467 velit
1481 3430 1602 3467 esse
1657 3416 1929 3483 syttodlttll

363 3488 777 3545 Antiochenam,
810 3486 877 3538 de
902 3500 1005 3552 qua
1030 3483 1309 3553 Nyssenus
1335 3487 1388 3536 in
1418 3484 1647 3553 episrola
1665 3482 1731 3536 ad
1755 3482 1934 3554 O.ym-

362 3573 492 3626 pum
527 3556 594 3609 de
643 3557 794 3626 obitu
841 3556 1094 3626 Macrina:
1150 3556 1378 3617 sororis,
1430 3570 1593 3626 quam
1648 3569 1771 3626 eum
1831 3568 1933 3607 suo

363 3623 697 3694 Casaubono
723 3624 792 3694 de
836 3623 1047 3694 synodo
1081 3638 1418 3694 meninenua
1470 3623 1936 3691 Constantinopo-

365 3697 578 3749 litanat
618 3693 721 3748 sub
754 3693 1064 3748 Theodosio
1112 3693 1322 3762 Magno,
1378 3709 1542 3761 quam
1603 3696 1930 3762 sententiam

364 3766 552 3819 multis
613 3765 706 3818 ille
770 3767 1077 3828 conlirmat,
1150 3761 1468 3830 praefatione
1528 3765 1579 3814 in
1641 3762 1804 3816 Notas
1864 3761 1932 3814 ad

365 3835 654 3903 epistolam
685 3833 916 3903 Nysseni
945 3835 1122 3888 tribus
1155 3833 1371 3886 ieiuniis
1424 3833 1740 3903 Eustathne,
1799 3833 1932 3884 Aiu-

364 3901 561 3958 brosia:
587 3914 638 3957 et
674 3901 952 3958 Basilissa:
998 3903 1341 3971 inscriptam,
1396 3907 1676 3955 conlatata
1711 3901 1932 3956 Bai-emi

363 3975 623 4043 opinione
643 4013 664 4043 ,ί
720 3989 979 4043 supresso
1036 3970 1213 4043 tamen
1265 3970 1480 4026 Barouii
1552 3975 1790 4028 nomine.
1849 3976 1930 4025 An

365 4042 580 4099 censuit
619 4042 885 4098 Molineus
918 4043 1095 4096 lumen
1129 4042 1262 4095 illud
1293 4043 1590 4096 litterarum
1629 4043 1730 4097 {sic
1785 4043 1930 4096 enim

364 4117 624 4182 appellat)
653 4115 741 4167 hic
777 4115 1066 4183 caligasse,
1095 4115 1383 4183 minusque
1406 4113 1628 4170 vidisse.
1661 4128 1825 4183 quam
1863 4114 1930 4183 il,-

368 4181 755 4238 Instrissimum
788 4181 1198 4238 llaroniumhtt
1229 4181 1374 4237 etin
1399 4199 1485 4240 eo.
1527 4184 1670 4249 quod
1721 4182 1930 4233 εὐσεϐές

370 4269 566 4305 στατςν
596 4253 836 4321 βασιλέα,
892 4269 1052 4322 quem
1105 4253 1178 4324 ita
1229 4251 1530 4324 Nysseuus,
1590 4257 1931 4324 vel_auctor

364 4319 607 4391 epistolae
641 4319 1294 4391 nominat.'Casaubonus
1355 4323 1482 4374 velit
1514 4336 1636 4374 esse
1688 4319 1932 4375 Theodo-

365 4390 508 4446 sium
540 4393 811 4461 Magnum,
871 4391 1156 4449 Mulineus.
1189 4390 1546 4444 Gratianum?

441 4461 607 4516 Notas
659 4479 788 4515 suas
838 4461 1114 4513 concludit
1163 4461 1429 4514 Moliueus
1485 4461 1588 4514 hoc
1637 4461 1928 4516 admodum

367 4532 615 4587 illiberali
643 4532 957 4601 mendacio:
985 4530 1236 4592 Observa.
1277 4532 1460 4594 lector,
1512 4529 1823 4601 Gregorium
1877 4532 1931 4584 in

365 4613 509 4656 recta
539 4601 602 4654 de
636 4599 846 4655 Christo
874 4601 976 4670 [ide
1017 4611 1181 4654 totam
1223 4601 1524 4669 religionem
1567 4599 1778 4668 ponere,
1819 4610 1926 4655 etc.

367 4674 435 4725 At
464 4672 614 4724 hodie
637 4672 862 4738 primunt
909 4673 1122 4738 pietatis
1171 4682 1528 4740 argumentum
1585 4685 1661 4726 est
1721 4672 1931 4726 subesse

367 4741 604 4802 lloiuano
640 4743 900 4810 pontifici.
933 4751 981 4793 et
1012 4739 1299 4795 membrum
1360 4758 1473 4794 esse
1536 4739 1786 4796 Ecclesia:
1826 4741 1932 4795 Ro-

366 4827 560 4875 ntauaz,
590 4811 796 4864 etiamsi
852 4810 975 4879 fidei
1026 4813 1296 4881 dogmata,
1355 4821 1404 4864 et
1439 4813 1575 4881 quod
1619 4822 1778 4881 caput
1816 4824 1928 4876 est,

367 4881 633 4949 religionis
659 4897 720 4933 ac
744 4883 1133 4949 ﬁrmamentum
1165 4883 1370 4949 penitus
1430 4884 1656 4951 ignores.
1695 4882 1928 4937 Facilem

366 4952 523 5005 valde
559 4959 613 5004 et
651 4967 909 5020 perquam
941 4952 1210 5005 faventem
1245 4951 1475 5005 Mulineo
1525 4968 1647 5006 eum
1673 4954 1926 5006 lectorem

364 5036 491 5075 esse
515 5027 753 5089 oportet,
783 5021 922 5090 apud
951 5036 1110 5090 quem
1153 5021 1267 5076 haec
1295 5022 1642 5090 pseudolugia
1672 5031 1727 5076 et
1761 5023 1930 5075 laedo-

367 5091 448 5145 t'ia
489 5091 650 5144 [idem
679 5091 904 5145 invenit.

437 5159 634 5215 Addit:
672 5161 866 5213 Mirum
907 5176 1024 5213 rero
1082 5159 1412 5229 Gregorium,
1474 5177 1591 5214 cum
1660 5171 1932 5215 crearetur

364 5232 656 5298 episcopus,
686 5247 790 5283 non
827 5231 1040 5298 petiisse
1071 5233 1136 5282 ab
1163 5233 1402 5296 episcopo
1439 5229 1673 5285 Romano
1693 5231 1931 5299 diploma

367 5300 764 5380 ὲνορονιςςτικόιί
786 5301 957 5380 (vulgo
970 5309 1163 5380 uocant
1197 5301 1404 5380 litteras
1437 5301 1931 5380 inves_titurte),_nec

367 5385 423 5423 se
443 5369 798 5438 jurejurando
836 5369 906 5423 ad
935 5371 982 5424 ei
1013 5371 1392 5438 obsequendum
1423 5369 1786 5424 obstrinxisse.
1820 5371 1931 5425 Un-

367 5438 436 5490 de
465 5448 808 5510 compertum
837 5440 1151 5494 Calvinistae
1180 5438 1500 5510 Gregorium
1546 5456 1667 5510 non
1710 5443 1931 5507 petiisse

366 5515 424 5581 et
463 5509 784 5581 impetrasse
830 5509 1226 5581 ἐνθρογιστικόν
1254 5508 1586 5581 ξίροιιιίιιεθ
1639 5508 1932 5581 Romano?

361 5574 556 5638 Certe;
573 5577 617 5630 si
646 5574 955 5633 immediate
983 5580 1037 5634 id
1077 5594 1186 5633 non
1214 5574 1474 5641 obtinuit,
1526 5579 1760 5634 mediate
1791 5582 1930 5634 oliti-

366 5647 509 5710 nuit,
549 5661 645 5715 per
671 5650 1153 5717 metropolitanum
1182 5663 1365 5715 suum.
1401 5648 1495 5720 qui
1530 5651 1747 5704 nomine
1770 5651 1930 5720 primi

1656 377 2021 436 VARIORUM
2068 379 2306 436 ΝΟΤᾸΞ.

3463 382 3611 439 P253

2028 492 2274 564 pastoris
2319 490 2654 564 NissengnL
2688 507 2907 564 gregem
2946 494 3212 564 Gregorio
3272 495 3619 562 pascendum

2031 563 2336 616 conuuisit.
2362 561 2486 616 lla'c
2513 562 2580 616 de
2611 561 2767 618 Notis
2795 562 3030 617 Molinei.
3064 561 3080 564 ⁷
3273 561 3284 562 ί
3621 575 3626 582 ’

2133 649 2664 706 CORREGTIONES
2729 650 3060 707 ΝΟἸἈΙΗΜ
3111 653 3509 710 (ΣΑΞΑΠΒΟΝῘ

2032 739 2098 794 In
2131 740 2423 810 Epistolam
2447 741 2690 864 (ἔτ-ιιςοῦἰὶ
2718 743 2799 865 git
2857 741 3215 883 Euztlgthiam,
3248 745 3618 808 Ambrosiam,

2647 830 2726 865 ast
2754 829 2916 866 issam
3027 852 3039 867 .

2647 829 2916 866 astussam
2945 829 3039 867 lli.

2102 897 2259 969 Edita
2294 907 2376 969 est
2408 898 2524 951 luee
2566 900 2801 968 epistola
2861 900 3098 969 primum
3162 899 3393 958 Parisiis
3460 920 3624 958 anuo-

2031 968 2432 1040 Cltt'isti__1606.
2477 969 2608 1040 Dein
2640 984 2784 1023 anno
2823 968 3071 1040 sequenti
3128 987 3323 1027 recusa
3355 974 3410 1026 itt
3471 973 3605 1028 Ger-

2033 1039 2214 1091 mania
2247 1037 2500 1110 llanovte.
2535 1039 2743 1110 editore
2766 1048 2814 1092 et
2845 1037 3139 1110 interprete
3165 1043 3350 1096 lsaaco
3396 1043 3626 1096 Casau-

2033 1110 2198 1171 bono,
2227 1111 2344 1161 viro
2372 1109 2570 1172 dorto,
2595 1109 2688 1162 sed
2730 1109 2874 1176 quod
2907 1109 3222 1174 dolendum.
3289 1113 3342 1166 in
3407 1113 3606 1166 castris

2031 1178 2374 1251 Calvinianis
2399 1180 2674 1233 militanti.
2707 1180 2920 1244 Adiecit
2950 1181 3039 1234 ille
3065 1181 3228 1246 idem,
3265 1190 3324 1235 ιιι
3352 1184 3605 1251 copiosas

2036 1247 2111 1301 ita
2145 1257 2199 1301 et
2231 1248 2475 1302 eruditas
2509 1259 2666 1303 inulas
2693 1267 2707 1312 ;
2737 1265 2968 1317 quarum
3001 1259 3181 1305 tamen
3205 1247 3479 1307 nonnulla:
3503 1268 3606 1306 no-

2031 1319 2335 1372 tationihns
2379 1319 2622 1385 indigere
2663 1322 2808 1385 visae,
2848 1337 2913 1372 ne
2967 1330 3221 1382 noceant,
3265 1333 3317 1375 et
3351 1323 3404 1377 iu
3448 1338 3604 1377 erro-

2036 1403 2164 1460 rem
2184 1389 2469 1460 inducant.
2503 1389 2752 1442 Attexam
2795 1391 2957 1456 igitur
2984 1399 3142 1444 notas
3175 1391 3238 1445 ad
3266 1402 3448 1450 notas.
3475 1408 3606 1460 pra--

2031 1457 2226 1512 serlini
2261 1459 2325 1510 ad
2363 1459 2676 1531 illasxqum
2719 1461 3030 1531 institutum
3087 1457 3488 1531 peregrinandi
3522 1463 3605 1516 vel

2033 1533 2276 1601 tangere,
2310 1529 2393 1580 Vel
2425 1530 2680 1601 vellit-are
2721 1529 3068 1601 videbuntur.
3127 1529 3244 1584 Non
3299 1532 3602 1601 disquiratn

2031 1599 2350 1670 utrinubu-e
2378 1598 2609 1668 epistola
2640 1601 2710 1653 sit
2739 1597 2966 1670 Nysseni
2995 1618 3006 1653 :
3033 1601 3107 1654 sit
3131 1603 3272 1670 ejus.
3309 1597 3616 1656 Exordiqu

2034 1667 2113 1722 sic
2137 1667 2333 1721 habet:

2098 1735 2418 1808 Congressus
2443 1739 2718 1801 bonorum,
2752 1741 2975 1808 mihique
2994 1756 3058 1793 ea:
3076 1741 3250 1793 animo
3268 1739 3608 1802 dilectorum,

2031 1816 2081 1862 et
2115 1807 2259 1859 illius
2279 1809 2499 1878 ingentis
2545 1807 2899 1863 humanitatis
2943 1812 3089 1864 nobis
3117 1829 3148 1860 ιι
3193 1811 3417 1863 Domino
3471 1827 3608 1878 prie—

2033 1878 2174 1948 stitaf
2213 1890 2567 1936 monumenta.
2625 1896 2742 1948 qua:
2779 1881 2933 1934 isthic
2970 1879 3336 1942 ostenduntur.
3387 1883 3606 1934 maa'imt'

2032 1946 2238 2017 gaudii,
2269 1959 2317 2001 et
2344 1946 2958 2017 voluptatisargumento
3004 1951 3130 2003 mili
3182 1951 3414 2017 Inerant.
3446 1950 3608 2004 Utro-

2033 2033 2130 2088 que
2166 2019 2302 2088 enim
2338 2019 2490 2073 modo
2532 2019 2717 2087 feriari
2756 2020 2857 2074 Deo
2899 2020 3024 2085 quid
3063 2031 3216 2078 esset.
3270 2023 3608 2086 experiebar:

2034 2087 2225 2160 cumet
2251 2087 2369 2151 Dei,
2391 2091 2480 2160 qui
2509 2092 2670 2160 ritum
2699 2088 2845 2144 nobis
2877 2090 3040 2155 dedit,
3062 2091 3298 2160 symbolo
3338 2091 3606 2144 salutaria

2035 2157 2306 2221 videbam;
2331 2169 2380 2212 et
2403 2157 2464 2212 in
2493 2159 2750 2228 ejusmodi
2788 2177 3038 2228 personas
3060 2157 3368 2220 inciderant.
3391 2163 3444 2213 in
3462 2164 3607 2226 queis

2037 2228 2131 2280 illa
2159 2229 2311 2298 signa
2334 2231 2520 2298 gratia:
2548 2229 2762 2282 Domini
2785 2229 3098 2298 spiritaliter
3113 2241 3192 2284 est
3221 2232 3568 2293 contemplari
3590 2245 3606 2276 τ

2035 2307 2092 2368 ut
2126 2297 2346 2352 credere
2376 2299 2552 2359 liceat,
2603 2317 2715 2353 esse
2742 2297 2920 2354 revera
2973 2302 3028 2368 in
3075 2302 3255 2353 animo
3309 2301 3478 2356 illius.
3514 2302 3606 2368 qui

2041 2367 2200 2440 l_)eum
2235 2368 2287 2421 in
2318 2386 2372 2440 se
2392 2368 2571 2440 habet,
2587 2369 2916 2440 rliethlehem,
2953 2366 3288 2440 Golgotham,
3321 2366 3604 2431 Oliretuin,

2037 2435 2509 2508 Resurrectionem.
2546 2435 2686 2492 Nam
2719 2441 2809 2492 ubi
2841 2441 2894 2492 in
2927 2435 3104 2508 aliquo
3126 2451 3223 2508 per
3263 2441 3447 2499 bonum
3476 2457 3605 2492 con-

2037 2508 2310 2561 scientiam
2368 2507 2611 2563 Christns
2657 2511 2812 2577 fuerit
2873 2507 3214 2578 informatus,
3267 2520 3358 2561 aut
3411 2510 3606 2577 aliquis

2039 2587 2178 2629 metu
2235 2579 2411 2630 divino
2491 2579 2649 2633 veluti
2695 2581 2879 2641 clavis.
2915 2597 3096 2633 carnes
3131 2597 3256 2632 suas
3307 2580 3606 2646 confixerit.

2039 2649 2296 2718 fueritque
2333 2665 2453 2700 cum
2493 2649 2706 2702 Chris'o
2738 2650 2884 2702 cruri
2928 2651 3163 2716 afﬁxus:
3211 2665 3366 2718 grave
3415 2665 3604 2702 tiaram

2041 2716 2320 2770 mundana!
2350 2718 2556 2783 fraudis
2581 2720 2741 2786 fuerit
2796 2721 3065 2776 amolitus.
3103 2716 3447 2787 corporeoth
3495 2738 3609 2771 wu-

2041 2798 2283 2838 numento
2309 2803 2567 2856 egressus,
2612 2792 2746 2842 velut
2777 2790 2829 2841 in
2867 2805 3000 2842 nova
3054 2789 3160 2840 rita
3200 2789 3472 2840 ambulare
3532 2790 3609 2840 in—

2040 2857 2272 2927 stituerit
2298 2873 2316 2910 :
2344 2859 2528 2910 relicta
2567 2858 2751 2927 humili
2787 2869 2942 2927 atque
2981 2858 3126 2909 lmmi
3168 2868 3372 2923 repente
3405 2869 3605 2909 morta—

2042 2925 2171 2977 lium
2204 2927 2328 2987 vita,
2361 2927 2581 2980 sublimi
2606 2925 2867 2980 desiderio
2910 2929 2962 2979 in
3006 2928 3261 2979 caelestem
3315 2927 3610 2992 Rempubli-

2039 2997 2486 3067 camascenderit,
2515 3012 2739 3063 superna
2753 2997 3112 3067 cogitans-mhi
3137 3010 3213 3050 est
3243 2997 3506 3055 Christus.
3527 2999 3604 3049 nil

2036 3065 2262 3136 pondere
2289 3069 2524 3134 corporis
2549 3065 2824 3136 gravatus,
2848 3069 2936 3120 sed
2977 3068 3186 3134 puriore
3213 3069 3317 3122 rita
3363 3068 3536 3134 factus
3572 3086 3606 3119 ιι

2034 3137 2206 3199 seipse
2233 3135 2417 3196 levior,
2457 3149 2509 3189 ut
2531 3135 2621 3204 per
2655 3136 2905 3190 sublimia
2923 3153 3131 3189 sursum
3156 3139 3446 3191 temlentem
3478 3153 3606 3191 caro

2038 3206 2223 3272 ipsius,
2249 3206 2401 3260 nubis
2429 3208 2622 3269 instar,
2655 3209 2901 3260 comitari
2932 3207 3132 3260 raleat:
3161 3208 3243 3260 hic
3271 3222 3381 3260 meo
3396 3205 3606 3275 quidem

2029 3275 2235 3343 judicio
2263 3279 2398 3329 inter
2425 3276 2548 3329 illas
2582 3276 2798 3330 celebris
2831 3277 2988 3344 [anim
3021 3293 3099 3329 res
3123 3278 3319 3330 censeri
3346 3277 3514 3336 debet.
3545 3278 3600 3330 in

2035 3347 2222 3414 quibus
2265 3346 2602 3416 benignitatis
2664 3345 2875 3400 Domini
2924 3348 3090 3400 nostri
3143 3363 3267 3415 erga
3318 3346 3602 3416 [carnalium

2033 3413 2196 3484 genus
2235 3413 2568 3470 monumenta
2596 3418 2854 3470 uisuntur.
2907 3416 3037 3470 Cum
3062 3413 3222 3485 igitur
3274 3427 3323 3470 et
3366 3413 3607 3469 sensibus

2036 3487 2164 3539 meis
2209 3485 2326 3539 loca
2381 3499 2565 3539 sancta
2615 3488 2879 3550 intuerer,-
2931 3489 3162 3539 intuerer
3209 3503 3324 3542 vero
3373 3487 3608 3553 amplius

2033 3556 2191 3627 etiam
2214 3557 2265 3609 in
2292 3556 2440 3627 vobis
2451 3556 2958 3622 ejusmodilocurum
2975 3571 3221 3624 expressa
3236 3558 3411 3627 signa,
3447 3566 3600 3608 tanto

2033 3626 2272 3697 equidem
2331 3626 2556 3697 repletus
2593 3643 2706 3680 sum
2772 3627 2987 3697 gaudia,
3040 3636 3096 3678 ut
3151 3626 3296 3681 illud
3348 3641 3611 3680 enarrare

2036 3695 2186 3766 nulla
2216 3699 2291 3751 ris
2315 3696 2527 3750 dicendi
2554 3707 2730 3766 queat.

2107 3765 2383 3822 Hactenus
2429 3764 2576 3836 pars'
2604 3767 2868 3835 epistolae.
2909 3765 3340 3837 Hierosolymam
3383 3764 3600 3837 missa;

2037 3835 2107 3889 ibi
2151 3839 2295 3890 enim
2328 3835 2440 3890 tres
2473 3837 2590 3890 ista:
2617 3837 2872 3891 nudieres
2901 3835 3237 3890 habitabant.
3270 3837 3348 3890 Ad
3372 3837 3462 3889 illa
3499 3836 3604 3903 pri-

2037 3921 2120 3959 ma
2150 3909 2334 3970 verba,
2352 3907 2413 3958 'H
2446 3906 2543 3975 μὲν
2573 3904 2909 3976 τῶνάγαθῶν
2924 3907 3018 3976 καί
3040 3905 3384 3976 καταθυμίων
3410 3921 3600 3956 συντυο

2035 3976 2127 4043 xta.
2150 4015 2164 4037 ,
2192 3986 2322 4038 etc.,
2364 3973 2673 4044 congressus
2703 3973 2969 4044 hominum
2991 3973 3265 4036 bonorum,
3297 3981 3427 4036 τις..
3452 3981 3602 4027 uolut

2034 4045 2394 4100 seltoliastes:
2434 4043 2702 4112 Principio
2728 4043 2883 4114 hujus
2935 4047 3173 4112 epistola:
3199 4045 3462 4098 luculente
3508 4059 3602 4096 er-

2031 4115 2195 4184 plicat
2241 4114 2524 4184 Gregorius
2575 4131 2676 4184 quo
2720 4117 2823 4183 ﬁne
2851 4125 3039 4184 veteres
3074 4119 3188 4168 loca
3227 4122 3436 4173 sancta,
3484 4128 3600 4178 quis

2036 4183 2420 4255 Hierosolymis
2446 4183 2619 4246 erant,
2645 4196 2692 4238 et
2721 4189 2774 4238 in
2805 4187 2988 4238 vicinis
3020 4183 3324 4239 l’ala'stina:
3361 4184 3599 4250 partibus

2042 4255 2270 4308 adirent.
2335 4255 2482 4310 Satis
2545 4256 2816 4309 luculente
2883 4257 3119 4323 explicat
3202 4256 3360 4308 linem
3437 4255 3601 4320 hujus

2039 4326 2512 4393 peregrinationis,
2545 4325 2625 4380 sic
2657 4336 2862 4389 tamen,
2898 4338 2956 4378 ut
2989 4331 3126 4380 bona
3167 4325 3388 4378 lectoris
3423 4334 3606 4393 tuente

2039 4391 2213 4461 egeat.
2243 4393 2374 4448 Nam
2408 4396 2452 4449 si
2477 4396 2603 4464 quis
2633 4393 2923 4456 Molineus,
2949 4403 3044 4449 aut
3076 4395 3166 4448 alii
3192 4409 3258 4448 ex
3291 4391 3602 4464 St-liolaNo-

2039 4472 2288 4534 votorum
2320 4466 2371 4518 in
2404 4463 2509 4518 hoc
2529 4465 2815 4518 exordium
2865 4466 3093 4526 incidat,
3135 4480 3230 4534 per
3289 4464 3421 4517 ξιιιιιι
3475 4463 3601 4534 ιδεῖν

2037 4533 2107 4604 τιὰ
2147 4535 2408 4604 ρωτήρια
2480 4534 2721 4604 σύμϐολα
2788 4535 2882 4586 τοῦ
2951 4533 3384 4604 ζωοποιήσαντος
3456 4533 3603 4601 ἡμᾶς

2037 4601 2192 4674 Θεοῦ,
2225 4601 2358 4657 nihil
2385 4605 2528 4658 aliud
2553 4601 2843 4674 intelliget.
2879 4621 3043 4674 quant
3094 4601 3334 4659 locorum
3388 4604 3601 4654 illorum

2038 4673 2428 4744 inspectionem
2463 4691 2558 4729 seu
2589 4673 3129 4743 contemplationem.
3163 4675 3344 4744 qualis
3401 4674 3603 4725 usitata

2037 4751 2124 4796 est
2145 4743 2492 4814 antiquariis,
2526 4745 2618 4814 qui
2665 4753 2908 4798 veterum
2946 4743 3294 4798 monumenta
3349 4745 3602 4804 lustrant,

2037 4813 2324 4882 etquidem
2350 4829 2474 4867 cum
2504 4815 2780 4882 voluptate
2801 4832 2862 4867 ac
2883 4814 3248 4882 jucunditate,
3267 4829 3391 4866 eum
3425 4823 3601 4863 Ialm-tt

2037 4881 2320 4953 NySseuus
2351 4899 2449 4953 per
2478 4884 2608 4938 illud
2638 4881 2769 4936 ἰδεῖν
2805 4881 2912 4937 non
2943 4885 3176 4952 accipiat
3225 4885 3604 4953 qualecunque

2038 4952 2244 5016 videre;
2276 4952 2371 5008 sed
2401 4968 2641 5015 sacrmn,
2670 4955 3008 5021 religiosum,
3043 4952 3258 5022 plenum
3289 4952 3604 5006 reverentiae

2036 5033 2092 5076 et
2128 5025 2386 5092 pietatis;
2433 5024 2690 5091 quodque
2725 5023 3085 5092 reverentiam
3124 5030 3178 5076 et
3209 5022 3460 5091 pietatem
3524 5035 3605 5079 te.

2039 5091 2216 5147 stetur
2253 5099 2498 5148 externis
2545 5093 2877 5151 actionibus,
2908 5091 3399 5164 genuﬂexionibns.
3437 5107 3603 5149 osrn-

2040 5165 2128 5225 lis,
2185 5164 2546 5232 amplexibus.
2609 5164 2884 5233 larrym‘is,
2920 5162 3224 5231 Vsuspiriis,
3264 5162 3604 5233 ardentibus

2039 5233 2203 5295 votis,
2234 5231 2289 5286 et
2319 5233 2371 5286 id
2405 5247 2579 5303 genus
2618 5231 2742 5286 aliis
2769 5233 3040 5301 gestibus,
3080 5247 3220 5303 quos
3248 5231 3461 5303 llannua
3523 5240 3605 5291 in-

2039 5312 2194 5356 terna
2229 5301 2662 5356 divini—artioris
2713 5303 3020 5371 exprimere
3080 5301 3238 5354 solet.
3300 5301 3393 5354 Sic
3454 5310 3600 5361 enim

2039 5379 2252 5426 veteres
2297 5371 2574 5434 videbant,
2604 5371 2849 5433 adibant,
2901 5371 3148 5434 obibant,
3188 5381 3242 5426 et
3294 5374 3604 5430 lustrabam

2039 5441 2160 5494 loca
2201 5452 2416 5504 sancta,
2453 5451 2512 5495 ut
2547 5452 2735 5495 contra
2795 5439 3085 5494 Molineuin
3113 5441 3226 5508 jam
3259 5442 3490 5504 dictum.
3548 5455 3602 5499 et

2040 5512 2219 5565 l'usins
2249 5510 2303 5563 in
2336 5527 2500 5580 Opere
2537 5513 2610 5566 De
2651 5511 3217 5580 peregrinationibus:
3271 5512 3603 5569 dilucidum-

2039 5596 2144 5649 que
2182 5583 2461 5650 exemplar
2493 5582 2723 5641 ridendi,
2779 5591 2834 5635 et
2868 5582 3038 5635 moris
3082 5595 3194 5648 quo
3255 5581 3374 5638 l0ea
3410 5593 3602 5640 salicta

2043 5665 2072 5703 a
2106 5651 2210 5720 piis
2241 5651 2592 5717 videbantur,
2621 5659 2676 5706 et
2711 5651 3048 5716 visebantur,
3085 5655 3395 5722 suppeditat
3445 5655 3604 5709 nobis

437 5780 515 5854 (Ι)
540 5780 670 5848 Qum
695 5781 835 5838 inter
857 5783 1130 5853 Epistolas
1157 5785 1355 5857 legitur
1383 5785 1574 5842 ordine
1601 5787 1780 5851 tertia,
1806 5804 1971 5859 supra
1999 5790 2104 5844 col.
2144 5790 2294 5843 l0l5.
